2738 4628
273 274 315 338 68
601 295 632 341 u.
660 296 786 341 mroru
808 295 929 342 rsnrcrs

269 413 368 488 mine,
388 410 573 479 dulciorem.
600 411 674 492 Quo
696 412 730 479 in
755 412 892 480 adveatu
913 413 983 501 ejus
1006 434 1071 479 non
1093 435 1223 502 possum
1246 437 1304 480 ex-

270 523 407 613 primere
426 523 637 599 sermonibus,
664 534 785 611 quanto
809 545 968 612 quamque
988 521 1163 611 impatienti
1183 523 1307 612 gaudio

270 631 494 705 exultaverim
508 652 583 698 oum
598 642 728 721 augeret
744 630 880 698 maxime
892 628 1031 696 letitiam
1049 653 1154 698 meam
1170 631 1306 698 amicis—

271 743 341 809 simi
356 741 492 808 hominis
508 741 666 831 inopinata
681 742 855 830 praesentia.
870 742 970 830 Igitur
981 754 1052 830 post
1063 764 1164 808 unum
1175 753 1207 808 et
1216 741 1304 807 alte-

270 875 343 920 rum
359 853 455 929 diem,
472 876 546 918 oum
565 851 631 941 jam
648 865 681 918 et
699 853 881 918 aviditatem
896 852 1040 920 desideri
1058 852 1203 940 frequens
1218 852 1304 918 assi-

270 962 397 1028 duitatis
413 962 676 1051 usus'implesset,
692 973 725 1026 et
738 984 809 1050 quae
831 984 889 1051 per
903 961 1078 1027 absentiam
1099 973 1242 1028 mutuam
1261 960 1304 1026 de

269 1067 360 1137 nobis
375 1071 604 1147 nesciebamus,
622 1069 772 1136 relatione
787 1067 907 1135 alterna
930 1069 1208 1160 comperissemus;
1225 1066 1304 1158 pla-

269 1183 336 1248 cuit
355 1179 478 1247 Ostiam
507 1193 615 1270 petere
640 1181 886 1247 amoenissimam
912 1180 1083 1255 civitatem,
1109 1178 1194 1268 quod
1212 1190 1303 1245 esset

268 1291 395 1381 corpori
405 1313 477 1356 meo
488 1289 642 1356 siccandis
654 1290 839 1355 humoribus
851 1290 891 1355 de
900 1289 1028 1355 marinis
1040 1287 1169 1354 lavacris
1179 1285 1300 1354 blanda

267 1397 308 1468 et'
321 1399 462 1490 apposita
486 1400 618 1465 curatio.
639 1400 722 1465 Sane
741 1412 772 1465 et
793 1399 834 1464 ad
849 1399 1040 1465 vindemiam
1058 1397 1141 1463 seriae
1158 1397 1303 1486 judicia·.

266 1509 345 1577 riam
366 1529 476 1577 euram
492 1509 706 1576 relaxaverant
713 1531 722 1582 a
746 1532 820 1575 nam
838 1508 870 1574 id
889 1510 1050 1597 temporis,
1073 1518 1143 1595 post
1156 1509 1298 1574 aestivam

266 1619 363 1695 diem,
387 1620 629 1708 intemperiem
658 1630 757 1685 semet
780 1618 972 1683 autumnitas
996 1617 1158 1706 dirigebat.
1183 1605 1296 1706 ltaque

265 1755 340 1798 eum
352 1731 492 1799 diluculo
508 1733 548 1798 ad
564 1723 650 1798 mare
666 1729 891 1798 inambulando
912 1728 1017 1796 littore
1032 1752 1245 1819 pergeremus,
1260 1743 1298 1796 ut

168 1863 170 1868 ·
265 1852 298 1906 et
319 1861 395 1906 aura
416 1842 555 1930 aspirans
569 1841 682 1908 leniter
697 1841 840 1906 membra
860 1849 1029 1929 vegetaret,
1045 1850 1076 1903 et
1092 1861 1167 1904 oum
1180 1840 1297 1905 eximia

265 1947 425 2038 voluptate
440 1946 528 2014 molli
540 1949 669 2038 vestigio
686 1947 802 2014 cedens
815 1970 909 2012 arena
922 1946 1113 2020 subsideret3
1133 1945 1293 2024 Caecilius,

264 2054 433 2123 simulacro
449 2056 609 2146 Serapidis
625 2057 786 2132 denotato,
807 2069 842 2121 ut
861 2053 972 2144 vulgus
990 2055 1221 2145 superstitiosus
1243 2080 1294 2123 so·

263 2164 319 2243 let,
332 2187 464 2232 manum
475 2167 522 2232 ori
534 2167 716 2242 admovens,
731 2163 876 2234 osculum
888 2164 976 2231 labiis
988 2166 1110 2257 pressit.

160 2335 162 2338 .
199 2275 203 2284 '
267 2289 271 2298 '
305 2275 362 2341 lll.
377 2274 469 2342 Tunc
481 2274 630 2342 Octavius
644 2275 902 2344 ait¹:N0nb0ni
914 2275 972 2341 viri
985 2287 1044 2351 est,
1061 2275 1167 2342 Meroe
1181 2276 1293 2355 frater,

141 2405 145 2411 ·
261 2382 425 2458 bominem
439 2383 526 2484 domi
542 2383 679 2474 lorisque
700 2383 789 2449 lateri
809 2395 864 2449 tuo
879 2383 1097 2460 inhaerentem,
1114 2385 1160 2450 sio
1177 2386 1210 2451 in
1228 2386 1294 2455 bac

262 2493 427 2583 imperitiae
445 2493 577 2582 vulgaris
593 2494 734 2561 caecitate
753 2493 910 2569 deserere,
928 2504 1043 2558 uttam
1063 2492 1224 2560 luculento
1239 2495 1293 2562 die

260 2601 294 2667 in
305 2599 423 2688 lapides
435 2625 509 2666 eum
521 2602 647 2689 patiaris
659 2603 845 2692 impingere,
859 2601 1011 2690 effigiatos
1023 2626 1109 2679 sane,
1118 2615 1150 2668 et
1164 2617 1291 2681 unetos,

260 2721 293 2774 et
311 2721 494 2784 coronatos3
516 2733 592 2776 cum
603 2711 690 2777 scias
703 2707 801 2800 hujus
815 2712 930 2777 erroris
946 2734 1008 2777 uon
1025 2712 1181 2780 minorem
1197 2715 1241 2780 ad
1259 2729 1292 2782 te

260 2839 356 2908 quam
378 2819 418 2885 ad
441 2821 545 2911 ipsum
565 2821 725 2889 infamiam
746 2823 935 2890 redundare.
960 2823 1043 2890 Cum
1061 2824 1124 2890 hoo
1143 2847 1292 2892 sermone

258 2929 328 3017 ejus
343 2929 485 2996 medium
504 2932 640 3020 spatium
663 2932 795 2999 civitatis
810 2932 941 3009 emensi,
957 2932 1024 3021 jam
1045 2931 1182 3001 liberum
1199 2934 1287 3002 littus

258 3041 454 3106 tenebamus.
474 3039 521 3106 lbi
538 3063 648 3107 arenas
663 3043 806 3118 extimas,
822 3040 908 3106 velut
923 3053 1077 3108 sterneret
1086 3042 1285 3122 ambulacro,

255 3149 452 3238 perfundens
473 3147 552 3216 lenis
568 3150 652 3217 unda
668 3151 830 3217 tendebat.
847 3153 888 3217 Et
903 3163 939 3216 ut
953 3173 1078 3241 semper
1091 3175 1179 3219 mare
1191 3155 1288 3222 etiam

254 3258 365 3347 positis
380 3257 508 3326 llatibus
527 3259 705 3348 inquietum
724 3271 784 3336 est,
800 3261 858 3325 etsi
879 3283 944 3326 non
965 3261 1050 3327 canis
1068 3265 1288 3354 spumosisque

253 3362 406 3433 fluetibus
429 3368 535 3436 exibat
554 3369 596 3436 ad
617 3381 747 3446 terram,
768 3381 875 3436 tamen
898 3371 1006 3460 crispis
1029 3373 1207 3461 torosisque
1225 3375 1288 3441 ibi-

254 3473 329 3540 dem
340 3477 500 3544 erroribus
515 3477 661 3545 delectati
674 3501 828 3567 perquam
839 3503 960 3556 sumus,
973 3501 1047 3547 eum
1059 3480 1091 3546 in
1103 3482 1171 3570 ipso
1181 3505 1288 3572 aequo·

259 3584 302 3649 ris
318 3582 427 3651 limine
450 3585 572 3675 plantas
587 3587 792 3678 tingeremus,
810 3590 895 3678 quod
911 3589 1047 3656 vicissim
1063 3612 1149 3657 nuno
1171 3592 1291 3682 appula

253 3715 323 3760 sum
345 3695 459 3760 nostris
480 3697 613 3785 pedibus
637 3696 793 3764 alluderet
809 3696 939 3771 lluotus,
962 3718 1048 3764 nunc
1065 3697 1225 3776 relabens,
1248 3723 1289 3769 ae

248 3804 377 3894 vestigia
389 3806 552 3873 retrahens
569 3809 602 3875 in
621 3824 689 3876 sese
706 3811 893 3876 resorberet.
919 3805 1043 3876 Sensim
1068 3811 1174 3898 itaque
1193 3824 1289 3880 traa-

284 3928 295 3966 ¹
307 3929 371 3982 Vide
382 3932 414 3982 D.
425 3931 541 4016 Gnitlon,
554 3952 579 4002 p.
597 3953 650 4001 syr.
1225 3931 1229 3940 ¹
