2574 4628
250 291 309 356 180
557 311 728 356 cunuuurrs
753 313 964 361 snnxusniuur

186 443 188 446 ·
291 483 294 488 .
324 433 426 504 Neque
440 397 496 485 tuis
508 425 631 504 pedibus
644 427 931 505 posthecreverturis
945 431 982 490 ad
996 431 1167 512 Olympum.

244 561 294 630 us
306 559 433 628 Baccho
444 573 550 626 entem
566 558 670 649 pulum
683 556 717 625 ¹et
730 573 839 650 eperte
854 561 933 629 dicit
946 564 1105 631 Homerus
1118 588 1126 628 :

321 714 359 768 Et
370 710 421 788 qui
434 691 559 768 nutrices
571 708 676 768 Becchi
690 708 867 790 quandoque
879 710 1000 770 furentis

319 815 354 868 In
365 809 446 868 dium
460 809 581 868 immisit
593 810 765 886 Dionysum,
778 830 843 889 quae
853 811 938 870 simul
952 831 1052 872 omnes

317 911 464 990 Thyrsum
472 910 614 988 jecerunt,
625 930 704 969 saevo
712 909 879 990 impellente
890 918 1035 991 Lycurgo.

1283 1008 1287 1035 l

239 1067 400 1134 Socratica
422 1089 498 1131 sune
520 1062 627 1130 schole
651 1064 782 1154 dignum
803 1088 837 1131 se
859 1076 986 1154 praestet
1006 1066 1194 1156 Euripides,
1217 1067 1260 1157 qni
1283 1041 1287 1143 l

239 1175 408 1264 respiciens
424 1173 464 1240 ed
485 1173 663 1248 veritatem,
676 1185 872 1261 'spectatores
892 1197 964 1244 suos
981 1175 1115 1264 despicit
1133 1199 1172 1244 uc
1192 1150 1287 1259 con-'l

240 1286 363 1352 temnit.
382 1284 477 1350 lllodo
491 1283 578 1350 enim
593 1280 785 1372 Apollinem,
1285 1262 1287 1335 l

321 1500 328 1513 .
349 1498 354 1509 .
375 1497 381 1511 .
400 1449 580 1530 .quisedem
597 1449 693 1508 medie
706 1449 737 1508 in
754 1463 832 1508 terre

314 1553 491 1625 Inhebitens,
501 1541 603 1610 tribuit
616 1550 784 1610 hominibus
795 1553 953 1611 certissime
967 1555 1097 1630 oracula,

236 1702 377 1790 coarguit
393 1725 400 1764 :

315 1859 389 1920 Huic
405 1875 510 1936 pareus
524 1855 655 1915 interfeci
668 1867 806 1929 matrem

313 1959 401 2020 Illum
417 1957 514 2018 ducite
526 1958 681 2038 pollutum,
692 1969 722 2016 et
730 1957 902 2018 interficite:

313 2062 367 2121 Ille
379 2063 516 2140 peccavit,
529 2082 586 2120 non
598 2082 661 2141 ego,

313 2162 393 2240 Quid
407 2163 446 2222 sit
454 2162 565 2240 justum
578 2174 666 2241 etque
678 2155 939 2223 honestum'minus
950 2164 1066 2224 callens.

233 2317 328 2386 Modo
343 2331 450 2384 eutem
465 2316 636 2385 Herculem
650 2319 773 2385 inducit
787 2321 963 2408 furiosum,
979 2333 1012 2386 et
1026 2320 1161 2386 ebrium
1178 2321 1254 2396 alili,

231 2441 264 2496 et
275 2429 514 2518 ineeplebileuc
535 2427 655 2508 Quidni
670 2428 778 2495 enimi
789 2452 862 2497 cum
876 2442 1027 2520 exceptus
1042 2430 1182 2522 hospitio
1195 2445 1253 2522 post

231 2560 382 2606 carnem«
394 2535 576 2604 comederet
586 2537 699 2604 virides
711 2536 804 2614 ficus,
816 2538 952 2603 absurde
964 2541 1122 2626 quedam
1135 2538 1253 2618 latrans,

230 2671 331 2736 »quae
345 2646 393 2712 vel
413 2649 567 2712 burburus
587 2651 727 2714 notabat.
752 2633 853 2713 »Ja‘m
868 2647 901 2714 in
920 2639 1025 2714 fabule
1043 2671 1114 2736 quse
1130 2649 1194 2716 Ion
1212 2650 1254 2715 in-

232 2757 393 2833 scribitur,
410 2757 485 2822 deos
500 2757 587 2824 nudo
604 2759 707 2847 cupite
723 2760 755 2825 in
770 2759 931 2825 theutrum
946 2757 1062 2824 volvit:

308 2937 345 2988 At
354 2947 450 2986 nonne
459 2928 592 3006 iniquum
601 2941 660 3002 est,
672 2947 741 3002 vos,
751 2947 816 2987 sues
828 2919 905 3006 leges
916 2927 1025 3008 quibus

309 3035 391 3114 Gens
400 3029 485 3090 debet
493 3030 653 3103 hominum,
664 3027 744 3090 nulla
757 3029 818 3109 lege
828 3029 945 3090 vivere?

308 3133 348 3205 Si,
361 3133 441 3211 quod
457 3133 588 3190 futurum
602 3151 661 3191 non
677 3131 743 3204 erit,
755 3131 851 3190 dicem
863 3143 969 3205 tamen,

309 3231 484 3293 Hominibus
497 3253 581 3311 aequo
596 3245 697 3312 stupra
710 3231 828 3291 lucretis
839 3232 928 3291 modo

310 3337 472 3415 Neptunus,
484 3344 514 3392 et
524 3331 571 3408 tu,
579 3353 689 3412 rexque
700 3353 853 3412 supremus
865 3334 937 3412 poli,

306 3439 448 3493 Veeueret
460 3432 559 3492 omnes
570 3433 677 3492 mulcte
690 3433 871 3514 templorum.
880 3431 959 3491 deos.

272 3592 358 3660 Vlll.
378 3593 536 3660 Ceterum
550 3605 676 3682 tempus
691 3595 757 3683 jem
772 3605 832 3668 est,
844 3615 923 3658 cum
935 3605 1048 3660 ceetere
1065 3593 1128 3658 sint
1139 3615 1156 3656 e
1167 3591 1259 3658 uobis

226 3701 339 3770 ordine
364 3727 421 3769 suo
443 3704 531 3794 prins
555 3727 705 3792 percursa
729 3714 762 3771 et
788 3715 933 3780 trectete,
960 3703 1001 3770 ed
1025 3702 1261 3793 Prophetarum

227 3796 396 3902 scriptuies
419 3813 605 3902 procedere.
628 3815 756 3882 llorum¹
770 3815 856 3884 euim
877 3800 1046 3904 responsis,
1069 3835 1140 3902 quae
1159 3811 1259 3879 retio-

225 3947 300 3993 nem
323 3921 447 3991 colendi
470 3923 574 3991 Deum
596 3921 768 3992 admodum
792 3923 956 4021 manifeste
978 3921 1072 4017 nobis
1093 3919 1261 3994 exhibent,
