2478 4594
352 281 542 330 sreourruu
564 282 625 328 urs.
651 282 694 328 vn
979 259 1041 348 ²⁵7

108 408 295 474 Cunctorum
307 423 407 466 rerum
421 407 534 468 radices
548 415 690 486 quattuor
701 403 790 474 audi:
855 406 1040 484 [summum.
1057 491 1059 494 Ι

108 511 214 588 ignem
228 507 374 588 primum,
387 518 418 568 et
431 525 559 586 nquam,
581 517 613 566 et
626 517 755 579 terram,
769 503 879 566 deinde
894 505 1006 568 ethera

107 611 152 668 Ex
166 605 214 667 his
228 609 397 688 preterita,
410 619 440 667 et
452 609 625 688 praesentia,
643 618 774 686 suntque
785 608 896 666 lutura.

16 719 146 788 Etcum
168 717 289 784 diceret
300 715 407 784 Plato:
430 719 620 807 «Propterea
634 717 684 785 Dii
705 739 832 810 quoque
855 717 909 806 qui
929 725 1049 804 norunt

16 823 196 903 illumines,
220 849 300 914 quos
322 819 451 915 plurimi
474 825 614 905 iaciunt,
630 849 684 894 eos
701 850 719 892 a
734 826 798 894 vita
816 823 952 894 celerius
966 823 1049 892 libe·

16 946 104 1002 srant
110 959 120 1010 ς
133 963 146 997 ι
161 934 335 1001 Menander
345 933 439 1001 iecit:

115 1055 163 1118 Dii
173 1076 250 1137 quos
265 1059 430 1132 amabunt,
444 1059 532 1120 eitius
543 1079 560 1119 e
570 1061 632 1120 vita
646 1061 797 1120 auferent.

18 1172 97 1244 Cum
113 1189 219 1272 autem
233 1171 267 1244 in
280 1172 448 1246 OEnomeo
463 1177 620 1245 scriberet
633 1153 818 1267 Euripides:

117 1305 251 1368 Obscura
263 1305 353 1368 rebus
367 1308 479 1368 seimus
493 1326 510 1366 e
525 1306 746 1388 praesentibus:

17 1421 50 1488 in
60 1419 209 1490 Phoenice
221 1432 327 1488 autem
343 1445 352 1486 :

123 1547 253 1608 Obscura
264 1551 353 1612 certis
369 1549 487 1610 indiciis
502 1547 665 1623 discimus:

18 1661 97 1734 dicit
115 1663 309 1754 Hyperides:
334 1668 439 1747 «Quae
461 1678 568 1734 eutem
589 1676 664 1732 aunt
682 1665 840 1744 obseura,
859 1685 990 1730 necesse
1009 1670 1058 1729 cst

18 1793 94 1837 »eos
111 1772 165 1860 qui
187 1773 303 1839 docent
321 1773 510 1863 investigare
525 1774 640 1864 signis,
661 1785 693 1838 et
708 1773 745 1838 iis
760 1782 922 1861 quaesunt
939 1771 1076 1860 proban·

19 1879 150 1947 abilin.»
168 1881 210 1948 Et
240 1905 314 1949 cum
338 1905 447 1947 rursus
465 1881 592 1948 dixisset
613 1881 786 1947 leocrates:
813 1879 1059 1970 «Coniectaude

16 1995 235 2056 »autemsunt
247 1990 454 2057 iuturaexiis
466 1987 634 2078 quoeprius
650 1988 857 2063 factasunt„
877 1987 1060 2056 Andocides

15 2120 83 2164 non
96 2110 225 2164 veretur
238 2097 344 2164 dicere
359 2121 367 2164 :
380 2125 393 2159 e
405 2097 541 2188 Oportet
552 2098 638 2163 enim
649 2097 687 2161 iis
699 2119 772 2184 quae
782 2095 868 2186 prius
879 2095 961 2164 iacta
973 2106 1060 2174 sunt,

16 2199 90 2270 »uti
114 2217 269 2294 tanquam
289 2205 384 2295 signis
405 2201 628 2271 futurorum:
658 2201 813 2272 Praeterea
837 2225 913 2272 cum
938 2203 1063 2272 lecisset

13 2305 201 2403 Theognis:

132 2439 301 2516 Argentum
313 2437 480 2518 reprobum
492 2449 582 2517 utque
593 2456 700 2498 aurum
713 2436 857 2497 falsamve
870 2445 1044 2507 monetam,
1153 2437 1156 2444 '

172 2537 242 2597 Non
256 2555 335 2617 :egre
348 2540 464 2619 sapiens
482 2539 526 2598 vir
538 2540 672 2618 reperire
687 2548 788 2616 queat.

128 2637 263 2697 Mentem
279 2647 379 2697 autern
395 2637 476 2697 chari
489 2657 562 2697 num
577 2647 697 2719 pectore
710 2637 792 2697 sallat
804 2633 893 2698 amici

171 2737 305 2798 Callidus
319 2749 408 2816 atque
419 2741 500 2800 intus
514 2739 605 2801 eorda
617 2739 720 2799 dolosa
732 2749 832 2818 tegat,

115 2831 120 2840 ’
133 2835 202 2898 Hoc
214 2839 378 2918 reprobum
395 2859 483 2918 mage
496 2839 538 2899 nil
550 2839 590 2899 dii
605 2838 678 2900 dant
689 2839 866 2900 mortalibus
875 2841 979 2918 aegris,

169 2939 233 2999 Nee
245 2941 388 3018 culquam
400 2941 487 3001 incile
499 2952 544 3001 est
554 2939 614 3002 boc
627 2943 758 3022 reperire
773 2952 874 3002 umen
886 2963 895 3011 ;

17 3049 194 3140 Euripides
211 3053 340 3118 scribit:

134 3177 305 3257 0Jupiterl
320 3196 375 3238 eur
388 3179 463 3237 seire
477 3195 533 3238 nos
542 3181 608 3238 auri
621 3178 745 3257 quidem

133 3277 257 3338 Voluisti
272 3289 374 3360 aperta
390 3280 495 3358 signo,
509 3280 626 3356 siquod
640 3279 721 3340 baud
733 3279 864 3359 probum
878 3287 946 3338 cst:

133 3381 171 3438 m
182 3398 242 3458 quo
253 3380 350 3440 malus
359 3383 406 3439 vir
417 3397 433 3437 a
444 3380 527 3441 bono
539 3381 733 3460 distinguitur
746 3421 758 3454 ,

133 3479 201 3540 Neu
215 3481 276 3539 ulla
291 3491 355 3540 toto
367 3491 412 3540 est
428 3481 559 3540 indicina
570 3499 698 3562 corpore
712 3481 725 3540 l

18 3594 209 3684 Hyperides
236 3608 342 3663 autem
369 3597 435 3687 ipse
466 3619 592 3686 quoque
624 3598 718 3664 dicit:
745 3595 881 3664 «Nullus
907 3595 1073 3668 character

24 3731 42 3767 ι
52 3703 156 3770 enimi
172 3705 267 3771 estin
282 3703 371 3771 vultu
387 3704 605 3774 hominibus.»
624 3707 745 3776 Rursus
769 3729 845 3774 cum
860 3707 984 3776 lecisset
999 3709 1076 3780 Sta-

18 3813 142 3878 sinus:

136 3919 253 3986 Stultus
263 3925 315 4004 qui
327 3935 413 3987 notos
425 3925 527 3989 occiso
540 3935 624 4008 patre
639 3925 783 4006 relinquit
795 3965 806 4001 ,

125 4041 167 4087 tv.
243 4065 246 4070 -
927 4050 963 4110 ¹7
