2478 4594
364 273 553 318 srnoutruu
576 273 637 316 trs.
665 274 707 316 vr.
994 247 1059 315 263

5 395 121 462 bibus.
137 395 469 464 vehementissimam
486 407 519 461 et
540 395 684 462 continui
698 394 819 466 imbros
834 403 1036 484 erumpentes
1047 439 1062 468 ,

5 515 117 570 totam
136 502 307 592 implevere
330 504 502 594 regionem.
521 505 604 572 llinc
617 503 757 572 clsroitur
771 503 939 572 abundans
956 513 989 568 et
1005 524 1058 572 co-.
1143 501 1150 520 '

4 612 102 700 piosa
114 611 279 678 fructuum
297 611 462 690 feracitas,
480 612 535 701 qui
549 611 638 678 AEaci
652 661 661 690 ,
675 624 826 700 tanquam
841 607 1055 699 agricultura,

4 719 102 786 fuere
124 720 284 808 impetrati
310 721 469 809 precibus.
494 722 560 788 «Et
576 721 754 796 lurcosvit,
784 717 905 807 inquit,
927 717 1059 796 &micel

4 828 230 906 iDomiuum,
258 840 292 894 et
318 830 405 898 dedit
428 831 585 910 Dominus
610 853 704 898 voces
723 840 757 896 et
782 826 921 917 pluviam
947 827 980 892 iu
1005 825 1060 895 die:

4 937 148 1004 rmessis
162 937 185 1001 ¹.
202 963 215 998 ι
231 935 327 1004 Vides
345 958 446 1006 unum
461 961 529 1006 esse
545 939 667 1014 Deum,
682 937 737 1026 qui
756 959 813 1026 per
827 935 988 1022 subjectos
1001 957 1057 1022 po

4 1045 467 1133 testatosptuitsupcrjurtoset
480 1046 607 1134 injuratos
616 1046 652 1110 ²?
669 1045 820 1122 Plenaest
831 1055 937 1143 autem
948 1053 1057 1115 nostro

4 1153 181 1241 Scriptura
196 1153 254 1218 Dei
269 1154 486 1232 exaudientis,
502 1166 535 1220 et
556 1175 813 1243 numquamque
827 1150 1058 1238 efficientispe-

4 1261 176 1336 titionem,
192 1283 251 1350 per
264 1262 424 1349 justorum
443 1263 613 1330 orationes.
639 1263 759 1332 Rursus
780 1271 911 1333 narrant
931 1259 1055 1334 Graeci,

4 1369 193 1458 quodcum
212 1369 328 1436 Etesiae
342 1371 426 1438 venti
448 1368 618 1460 aliquando.
641 1369 836 1446 deficerent,
855 1369 1008 1446 Aristaeus
1021 1368 1056 1439 in

4 1479 83 1544 Ceo
99 1476 279 1544 sacrificarit
290 1477 363 1544 Jovi
374 1477 507 1548 Isthmio
521 1503 529 1544 :
543 1479 679 1548 maxima
692 1478 778 1549 euim
790 1488 858 1546 erat
870 1475 1059 1552 adnuito,

4 1607 88 1650 cum
106 1583 217 1650 ardore
231 1584 337 1654 omnia
354 1597 459 1652 essent
472 1597 603 1662 exista,
619 1596 743 1652 etcum
758 1585 844 1654 venti
867 1605 934 1657 non
952 1583 1054 1676 spira-

4 1701 83 1760 rent
99 1691 155 1782 qui
174 1691 319 1760 solebant
337 1693 458 1760 fructus
473 1693 678 1782 refrigerare,
697 1716 753 1758 eos
769 1689 862 1760 facile
877 1691 1049 1758 revocavit.

4 1799 127 1889 Delphi
139 1812 259 1876 autem,
273 1824 348 1870 uum
359 1800 482 1868 Xerxes
498 1800 582 1873 bello
598 1801 762 1874 invasisset
776 1799 950 1871 Graeciam,
962 1798 1053 1871 lixis·

4 1921 59 1976 sat
77 1921 188 1978 autem
198 1909 332 1997 Pythia:

116 2057 252 2129 Dicente,
266 2075 284 2116 o
297 2053 423 2135 Delphi!
440 2065 564 2126 ventus,
580 2055 640 2134 iarn
658 2054 891 2125 braimbant,

2 2197 102 2262 rltari
115 2195 238 2286 posito,
252 2207 284 2260 et
297 2195 381 2262 lacto
396 2195 497 2260 ventis
513 2195 670 2260 sacrificio
679 2246 688 2278 ,
704 2217 758 2259 eos
774 2193 917 2260 habuere
930 2192 1054 2281 adjuto-

2 2301 107 2366 bres.
128 2297 212 2365 Nam
227 2322 301 2364 cum
323 2299 408 2365 circa
425 2299 593 2387 Sepiadem
609 2295 864 2387 promontorium
886 2297 1054 2388 spirassent

2 2403 241 2476 uehementer,
257 2401 389 2467 Persicae
405 2401 512 2468 classis
531 2403 714 2468 universum
731 2413 917 2491 apparatum
934 2401 1053 2466 coutri-

2 2531 96 2575 rere.
115 2506 324 2596 Empedocles
342 2533 467 2598 quoque
482 2507 706 2600 Agrigentinus
721 2521 928 2596 Κωλυσανὲμας,
943 2507 1055 2582 idest,

2 2613 94 2683 renti
116 2615 308 2700 prohibitor,
343 2615 402 2682 tuit
424 2617 675 2706 cognominatus.
708 2617 832 2684 Dicitur
858 2626 945 2683 certe
967 2613 1055 2704 quod

2 2749 85 2793 :um
109 2747 149 2786 ex
168 2734 275 2788 monte
293 2721 455 2812 Agrigenti
471 2725 572 2814 gravis
588 2725 718 2816 quidam
734 2723 904 2814 aliquanda
920 2723 1057 2813 spiraret

2 2843 143 2905 tentus,
162 2831 216 2920 qui
234 2854 298 2896 non
316 2829 419 2896 solum
437 2835 567 2898 morbos
583 2832 774 2921 importabat
791 2830 920 2907 incolis,
933 2831 990 2897 sed
1001 2854 1053 2896 eo-

2 2965 80 3007 rum
93 2941 192 3006 etiam
209 2941 358 3006 uxoribus
374 2941 544 3008 sterilitatis
559 2953 628 3006 erat
644 2941 760 3016 cause,
777 2941 888 3008 secisse
896 2953 932 3006 ut
948 2940 974 3006 is
986 2963 1053 3008 ces·

2 3059 104 3116 saret.
125 3048 283 3128 Quocirca
299 3047 366 3137 ipse
377 3072 504 3138 quoque
520 3047 631 3119 scribit
644 3048 677 3114 in
693 3049 859 3116 versibus:

9 3233 13 3240 -
116 3192 338 3252 lndefessoruur
351 3204 512 3252 ventorum
526 3193 648 3253 flamina
663 3191 772 3262 tolles,

116 3293 176 3368 Qui
191 3292 330 3370 spirando
342 3290 502 3352 hominum
514 3292 674 3372 perdentes
686 3309 755 3351 arsa
767 3290 911 3370 fatigant,

118 3395 257 3472 Cumque
272 3392 356 3454 voles
369 3432 378 3464 ,
392 3393 498 3453 eadem
510 3403 541 3451 tu
556 3412 659 3452 rursus
671 3393 791 3453 flamina
803 3410 907 3475 pones.

2 3544 235 3631 Dicebautque
254 3541 374 3631 aliquos
390 3541 519 3630 quidem
534 3543 638 3631 ipsum
653 3541 743 3631 sequi
760 3542 839 3631 «qui
855 3563 935 3631 opus
951 3541 1051 3610 babe-

4 3653 115 3717 »baut
130 3649 395 3724 divinationibus,
418 3647 494 3716 alios
517 3672 592 3715 vero
615 3649 669 3738 qui
687 3647 834 3738 gravibus
853 3648 973 3715 morbis
996 3649 1051 3716 tiu

4 3753 322 3832 »eruciatiluerant
338 3782 353 3815 ι
372 3753 479 3842 Atque
498 3755 599 3842 justos
621 3753 753 3844 quidem
769 3765 801 3820 et
822 3754 1002 3830 curationes
1017 3766 1050 3825 et

52 3898 60 3922 ¹
76 3903 199 3966 Rrg.xtr,
216 3901 255 3948 rs.
267 3896 456 3964 m'Matth,
471 3896 512 3962 45.
