2522 4608
313 307 510 362 rnnaeooos,
536 307 597 351 un.
626 309 660 351 ιι.
940 287 1003 356 555

21 419 84 486 rubi
95 426 229 483 steterunt
242 413 333 502 pedus
347 413 417 502 ejus
431 411 441 445 ¹
459 435 469 484 ,ι
484 411 569 478 »boc
584 421 646 487 est,
661 433 725 497 quo
738 409 836 500 podes
849 411 918 499 ejus
929 434 1006 501 per-

20 537 151 600 venerunt,
164 546 269 612 nempe
285 521 438 612 Apostoli,
460 545 519 612 per
537 545 619 612 quos
640 522 830 613 predicatus
852 524 938 590 venit
960 527 1006 592 od

20 639 82 728 finer
94 653 184 728 torre.
204 633 359 723 lacrymor
382 645 492 699 entem
511 646 586 700 sunt
611 632 796 724 punitentia
821 657 840 726 :¹
855 647 888 699 ct
909 632 1006 708 soluti

21 747 100 838 upitti
115 746 313 837 predicabant
331 743 554 812 liberationem
578 767 596 810 a
611 745 711 811 nimio
725 766 833 810 amore
850 746 1004 836 superflui

20 871 127 936 unctus,
137 872 177 937 et,
191 881 257 948 que
270 880 344 925 oum
360 855 587 946 predicatione
601 869 732 947 propter
745 857 1007 934 Dominumsus-

20 969 128 1056 tipiendn
144 981 215 1046 erut,
230 967 435 1037 afflictionem
450 971 483 1035 in
499 966 684 1044 tolerantie,
699 968 798 1033 reteri
817 967 869 1036 illc
883 991 941 1058 per
953 993 1008 1035 no-

21 1105 72 1148 run
88 1079 168 1148 fidem
186 1079 283 1148 soluta
302 1103 382 1147 vona
408 1079 519 1170 gloria.
543 1079 727 1160 Quinetiam
753 1078 909 1167 significat
933 1103 1007 1169 pas·

21 1193 110 1258 sionem
121 1192 244 1258 Domini.
262 1191 396 1281 Mystico
410 1192 457 1258 sic
472 1189 734 1281 intelligentibus,
750 1188 858 1257 oleum
875 1203 923 1257 est
938 1191 1006 1280 ipse

22 1301 146 1378 munus,
159 1325 247 1390 aquo
264 1301 305 1368 ad
322 1323 379 1367 nos
394 1301 540 1390 pervenit
554 1299 781 1366 misericordia.
801 1299 1008 1388 Unguentum

24 1424 110 1486 auen,
124 1412 199 1500 quod
215 1424 261 1477 est
282 1410 501 1478 adulterinum
521 1409 642 1485 oleum,
661 1421 710 1476 est
730 1408 831 1476 ludas
850 1410 1005 1499 proditor,

25 1545 70 1610 qno
84 1523 160 1611 pedes
178 1537 287 1590 unctus
309 1535 360 1589 est
380 1523 550 1600 Dominus,
569 1523 648 1588 dum
669 1545 687 1587 o
712 1521 952 1588 conversatione
974 1521 1008 1589 in

16 1633 111 1700 :nendo
121 1632 322 1700 liberabatur:
344 1645 507 1723 unguntur
518 1633 603 1700 enim
618 1633 748 1698 mortui.
768 1631 931 1720 Lecrymae
950 1656 1009 1698 nu-

21 1749 124 1808 tumnos
136 1766 232 1809 sumus
245 1755 446 1832 peccatores,
463 1743 517 1829 qui
539 1742 572 1807 in
593 1742 699 1830 ipsum
713 1741 920 1818 credidimus,
936 1743 1009 1830 qui·

22 1851 113 1939 busque
123 1866 236 1942 peccota
251 1854 386 1920 remisit.
405 1853 446 1918 Et
461 1851 565 1944 capilli
577 1851 684 1929 soluti,
699 1850 780 1917 Dens
794 1864 843 1918 est
856 1852 1009 1918 Hierusa-

22 1957 144 2048 lemque
153 1963 270 2030 inuncta
284 1961 405 2038 fueret,
422 1975 554 2052 propter
566 1984 662 2052 quam
673 1961 868 2052 prophetice
878 1961 1010 2035 bierunt

23 2066 232 2140 lamentationes.
257 2073 327 2141 llos
346 2086 455 2139 autem
475 2071 604 2139 docebit
625 2073 691 2162 ipae
714 2071 870 2138 Dominus
890 2073 1010 2140 dudum

23 2201 79 2244 esso
90 2178 158 2248 illum
172 2183 404 2250 adulterinum:
424 2183 518 2264 «Qui
538 2182 701 2249 intinxerit
715 2204 858 2258 mecum,
882 2184 1006 2259 dicens,

24 2289 72 2354 »in
84 2291 203 2369 utinum,
221 2293 275 2360 bic
292 2316 349 2360 me
366 2292 500 2358 tradet².
516 2321 530 2354 s
546 2291 644 2358 Vides
658 2291 824 2358 convivam
839 2290 1008 2359 dolosum:

23 2394 65 2462 bic
75 2399 138 2466 enin
151 2401 207 2492 ipse
224 2402 331 2469 «ludus
346 2399 457 2468 osculo
479 2401 621 2491 prodidit
634 2401 809 2466 Dominum
825 2424 833 2466 τ
847 2399 907 2466 luit
926 2402 1013 2468 enlm

21 2505 84 2572 iden
95 2508 250 2600 hypocrita,
267 2535 310 2579 ac
332 2510 479 2578 dolosum
497 2511 619 2578 babens
635 2508 794 2587 osculum,
811 2509 909 2578 elium
925 2524 1013 2578 vete-

18 2634 69 2682 rem
80 2619 184 2689 imitans
199 2623 426 2713 hypocritam:
441 2635 475 2688 et
489 2621 644 2712 populum
658 2619 748 2688 illum
763 2623 868 2713 arguit
882 2634 1014 2714 propter

16 2748 90 2814 qoem
102 2731 209 2800 dictum
222 2749 293 2802 est:
316 2729 408 2800 «llic
429 2733 565 2824 populus
585 2732 676 2824 tabiis
698 2759 750 2802 me
769 2735 940 2813 honorant,
957 2759 1014 2803 cor

18 2852 119 2908 riuum
132 2867 236 2912 eorum
251 2845 351 2934 longe
364 2857 441 2912 estc
456 2843 539 2912 me⁸.
559 2873 572 2908 r
586 2847 642 2912 Est
656 2869 732 2936 ergo
747 2846 821 2912 satis
836 2846 1013 2935 probabile,

19 2969 74 3013 eun
85 2953 194 3038 quidem
207 2955 320 3022 oleum
336 2953 526 3043 significare,
544 2965 579 3019 ut
589 2954 782 3044 discipulum
793 2956 848 3044 qui
863 2979 1014 3025 consecu-

19 3059 112 3128 tmluit
126 3065 387 3140 misericordiam
406 3064 643 3132 fraudulentum
662 3079 783 3146 autem,
805 3079 916 3158 utpote
938 3094 1015 3159 pro-

16 3163 136 3249 ditorem,
156 3174 260 3244 oleum
288 3175 444 3242 infectum
466 3198 505 3242 uc
527 3189 728 3244 venenatum.
752 3180 823 3245 lloc
850 3159 926 3268 ergo
948 3193 1018 3245 eret

16 3277 80 3360 Μ
94 3285 300 3380 predicabant
323 3285 419 3373 pedes
441 3298 603 3375 unguento
625 3286 771 3363 delibuti,
788 3288 881 3354 tudae
901 3310 1017 3378 nempe

16 3387 202 3472 proditionem,
220 3419 300 3463 cum
315 3396 470 3462 Dominus
486 3409 631 3488 pergeret
646 3398 687 3464 ad
702 3399 892 3488 passionem.
912 3398 1017 3478 Quin-

16 3496 91 3564 etiam
103 3502 159 3590 ipse
176 3506 330 3572 Servator
348 3508 467 3574 loom
482 3509 578 3596 pedor
593 3507 858 3598 discipulorum
878 3509 918 3575 nd
936 3533 1019 3598 prae-

16 3597 79 3672 alur
90 3631 136 3677 eos
151 3614 280 3681 mittens
293 3613 427 3704 agenda,
440 3637 551 3681 eorum
564 3615 687 3682 ebitum
699 3616 740 3681 cd
754 3615 1020 3686 benefaciendum

16 3707 140 3822 Gentibus
164 3724 284 3802 innuit,
312 3723 424 3791 idonee
446 3738 488 3790 et
507 3749 588 3815 pure
614 3727 741 3815 proprie
765 3749 817 3792 ees
841 3751 1020 3819 praepnrans

40 3899 110 3954 ¹Prot.
127 3924 219 3974 cunr,
229 3930 255 3978 7.
269 3911 425 3966 -2ldattb
437 3929 506 3972 mr,
524 3913 564 3964 ab.
584 3912 634 3952 -3
654 3915 714 3966 lsai.
732 3931 800 3977 nix,
815 3917 853 3966 171.
872 3947 901 3957 -
916 3916 925 3952 ¹
942 3919 1017 3970 Jorn.

16 3983 59 4037 tiu,
69 3979 80 4025 i
90 3989 112 4030 et
121 3998 172 4050 Rq.

95 4225 114 4266 ἱ
