2614 4628
211 237 253 304 9ο
562 235 594 278 u.
622 234 749 279 atrurn
773 232 892 278 runicis

210 379 275 422 non
289 365 364 422 suut
377 375 479 429 sacra,
495 363 653 420 tormenta
676 365 761 421 sunt.
789 355 877 434 Quid
890 352 1002 418 formae
1017 351 1109 441 ipsae
1132 361 1169 414 et
1186 347 1262 417 babi-
1280 368 1283 383 ¹

211 465 286 534 tusi
306 487 412 536 nonne
427 473 564 552 arguunt
585 463 722 532 ludibria
741 473 774 530 et
798 463 956 530 dedecora
976 463 1134 530 deorum
1155 471 1267 526 resno·
1293 443 1294 456 ¹

210 572 475 642 rumiVulcanus
487 572 619 640 claudus
631 574 765 650 deus,et
776 571 1036 663 debilisszollo
1050 583 1112 638 tot
1124 571 1267 638 aetatibus
1289 584 1293 589 ’

210 682 295 750 laevis
308 706 316 747 s
331 681 531 772 AEsculapius
545 686 628 752 bene
645 684 810 760 barbatus,
826 683 886 750 etsi
901 706 1030 772 semper
1044 679 1268 748 adolescentis
1294 664 1297 671 ¹

212 791 364 882 Apollinis
387 791 472 861 lilius
492 793 685 882 :Neptunus
705 791 824 883 glaucis
847 791 960 870 oeulis,
976 791 1138 858 Minerva
1161 780 1301 868 caesiis.l

212 901 341 971 bubulis
366 903 453 970 Juno
473 927 481 969 t
503 903 638 992 pedibus
663 902 841 972 Mercurius
863 902 966 979 alatis,
986 901 1061 969 Pan
1091 899 1267 991 ungulatis.
1299 915 1303 950 ’-

154 1055 156 1062 -
215 1012 372 1080 Saturnus
388 1013 577 1101 compeditis
590 1036 599 1077 ε
614 1012 798 1080 Janusvero
807 1011 928 1079 frontes
940 1011 1020 1078 dua's
1033 1023 1168 1101 gestat,
1184 1013 1266 1100 quasi

214 1135 250 1188 ut
264 1145 392 1190 aversus
416 1123 541 1192 incedut
554 1122 672 1190 :Diana
691 1123 819 1189 interim
833 1135 882 1189 est
898 1120 961 1188 alte
976 1122 1161 1188 succincta
1183 1143 1267 1186 vena·
1297 1174 1299 1176 ,

219 1232 298 1306 trix;
326 1243 359 1298 et
375 1231 510 1323 Ephesio
531 1233 677 1302 mammis
691 1230 813 1310 multis,
832 1243 865 1298 et
880 1229 1026 1299 veribus¹
1045 1243 1223 1304 extructa:
1239 1241 1266 1295 st

212 1340 316 1436 Trivia
336 1341 426 1410 trinis
447 1343 603 1433 capitibus
625 1355 657 1408 ct
680 1340 788 1408 multis
807 1341 954 1409 menibus
974 1340 1156 1408 horrifica.
1181 1337 1263 1418 Quid

217 1453 285 1542 ipso
299 1452 426 1543 Jupiter
436 1453 563 1522 vester?
574 1452 671 1520 modo
685 1452 837 1519 imberbis
852 1453 1011 1528 statuitur,
1027 1453 1138 1518 modo
1149 1453 1264 1518 barba·

216 1574 267 1630 tus
283 1562 407 1630 locatur
427 1589 436 1630 z
457 1577 489 1630 et
511 1586 586 1631 cum
600 1564 760 1630 Hammon
782 1562 913 1640 dicitur,
934 1563 1034 1629 babet
1057 1585 1210 1635 cornuae
1233 1571 1263 1626 et
1301 1587 1303 1628 t

216 1695 291 1741 oum
300 1671 509 1764 Capitolinus,
519 1671 888 1762 tunogeritlulmina3et
899 1695 973 1740 cum
983 1673 1134 1749 Latiaris,
1144 1693 1265 1737 cruore

216 1784 432 1874 perfunditur;
448 1795 481 1858 et
495 1806 570 1850 cum
584 1783 760 1860 Feretrius,
776 1807 840 1849 non
856 1783 995 1849 auditur.
1014 1784 1059 1849 Et
1077 1807 1120 1848 ne
1131 1781 1261 1871 longius
1301 1767 1303 1816 3

218 1891 335 1958 multos
349 1892 369 1959 J
371 1915 444 1958 oves
459 1893 588 1968 obeam,
602 1903 652 1959 tot
662 1906 737 1959 sunt
751 1893 838 1960 lovis
852 1903 1006 1969 monstra,
1018 1905 1104 1980 quot
1119 1891 1261 1957 nomina.

218 1999 356 2090 Erigone
373 2023 524 2091 suspensa
544 2001 584 2067 de
597 1999 711 2091 laqueo
724 2014 792 2078 est,
808 2015 844 2068 ut
855 2002 943 2092 virgo
958 2002 1042 2067 inter
1058 2013 1152 2066 astra
1171 1998 1262 2090 ignita

216 2110 276 2175 sit:
293 2109 439 2177 Castores
460 2110 589 2178 alternis
620 2112 815 2190 moriuntur,
832 2122 868 2178 us
893 2112 1018 2178 vivant:
1041 2109 1261 2198 AEsculapius,

219 2232 255 2286 ut
277 2220 310 2286 in
330 2221 435 2287 Deum
460 2233 580 2312 surgat,
614 2221 829 2290 fulminatur:
850 2220 1014 2297 Hercules,
1035 2233 1075 2286 ut
1093 2222 1260 2288 hominem

218 2341 326 2405 exuat,
342 2329 462 2397 OEtaeis
476 2332 600 2421 ignibus
617 2343 852 2400 concrematur.

262 2437 371 2506 XXII.
389 2439 453 2505 Has
469 2438 590 2506 fabulas
604 2451 638 2505 ot
652 2463 776 2506 errores
790 2453 823 2506 et
838 2442 877 2507 ab
895 2439 1049 2530 imperitis
1070 2439 1259 2529 parentibus

220 2545 385 2621 discimus,
400 2558 445 2623 et,
462 2547 550 2636 quod
572 2560 621 2615 est
643 2548 782 2637 gravius,
801 2549 876 2639 ipsis
895 2548 1009 2616 studiis
1028 2560 1063 2614 et
1084 2548 1259 2638 disciplinis

220 2652 434 2732 elaboramus,
446 2656 641 2728 carminibus
651 2658 812 2746 praecipua
823 2665 1001 2747 poetarum,
1014 2659 1070 2746 qui
1082 2657 1259 2747 plurimum

221 2777 376 2853 quantum
397 2765 521 2832 veritati
540 2766 610 2855 ‚ipsu
635 2789 690 2832 sua
718 2767 906 2838 auctoritate
928 2759 1090 2835 nocuere.¹
1104 2770 1155 2835 Et
1178 2767 1259 2835 Plato

220 2877 293 2944 ideo
314 2873 465 2965 preclare
484 2877 661 2944 Homerum
674 2875 765 2944 illum
780 2876 950 2966 inolytum,
967 2877 1141 2944 luudutum
1157 2892 1194 2946 et
1215 2901 1261 2946 co

220 2999 382 3064 conatum,
399 2986 440 3053 de
455 2987 595 3065 civitate,
612 3011 708 3076 quam
724 2988 757 3054 in
771 3011 917 3057 sermone
936 2989 1140 3066 instituebat,
1154 2990 1255 3080 ejecit.

221 3098 281 3166 Hic
297 3098 384 3164 enim
400 3097 579 3186 precipuus
598 3096 683 3164 bello
703 3094 818 3165 Troico
836 3097 921 3164 Deos
939 3109 1073 3173 vestros,
1087 3101 1151 3165 etsi
1172 3099 1260 3166 ludos

222 3208 309 3285 iacit,
327 3221 435 3276 tamen
453 3208 486 3275 in
497 3207 665 3274 bominum
676 3207 816 3274 robusot
830 3208 954 3274 retibus
968 3208 1107 3274 miscuit.
1131 3210 1200 3277 Hie
1212 3231 1260 3274 eo·

223 3339 295 3381 rum
312 3319 401 3405 peria
419 3318 611 3407 composuit,
629 3316 782 3384 sauciavit
797 3314 967 3394 Venerem,
990 3315 1126 3383 Martem
1147 3318 1261 3392 vinxi,

222 3423 410 3501 vulneravit,
422 3426 541 3516 ingerit
554 3450 562 3493 ε
576 3425 689 3494 Jovem
700 3437 808 3494 narrat
819 3447 836 3490 a
848 3425 977 3493 Briareo
988 3427 1179 3508 liberatum,
1192 3450 1259 3496 neu

228 3533 287 3600 diis
299 3534 420 3600 caeteris
431 3535 638 3626 ligaretur3et
646 3535 865 3626 Sarpedonem
875 3534 989 3612 filium,
999 3539 1155 3627 quoniam
1166 3538 1260 3606 morti

226 3665 290 3712 non
305 3655 431 3734 poterat
444 3647 580 3736 eripere,
593 3645 732 3712 cruentis
743 3645 899 3713 imbribus
910 3642 1048 3721 flevisses
1063 3658 1097 3711 et
1111 3645 1186 3714 loro
1195 3645 1262 3714 Vea

234 3755 318 3822 neris
340 3751 482 3822 illectum
501 3754 684 3846 flagrantius
703 3755 846 3847 quamiu
868 3753 1026 3826 adulteras
1045 3753 1165 3834 soleat,
1187 3753 1258 3828 cum

260 3883 364 3934 ¹Gredo
374 3862 519 3948 ponendum
532 3901 585 3938 esse
594 3901 640 3953 pro
650 3887 743 3940 ueritus
758 3886 876 3937 uberibus.
