2412 4596
193 243 236 308 es
511 255 683 302 ιιιιιιιιιιι
708 253 923 301 lassarentur

215 353 218 358 ⁵
245 385 293 458 5⁰.
305 383 469 458 Charitas
484 380 659 470 fraterna,
675 375 1035 478 quaecumpluribus
1047 376 1113 450 aliis
1133 410 1169 437 ιιι

195 513 384 574 catenatur
399 494 623 568 virtutihus¹
641 521 650 564 ι

241 635 385 703 Charitas
405 644 514 700 autem
541 629 637 696 suerit
660 629 828 697 consensio
850 649 986 704 eorum,
1013 649 1079 714 que
1098 638 1157 692 sut

194 747 318 814 ratione
331 754 366 810 et
379 742 443 810 rita
455 751 491 807 et
512 739 677 806 moribus:
692 751 764 818 aut,
782 750 817 803 ut
832 736 945 826 paucis
957 735 1078 810 dicam,
1091 735 1148 800 rite
1161 788 1162 791 ,

195 855 293 922 oietas
310 877 319 920 ι
337 849 387 919 rel
414 849 562 919 amicitiae
583 861 617 915 et
642 845 870 914 benevolentiae
897 844 1121 934 perseverantis
1149 884 1155 899 ι

195 976 282 1032 recte
303 961 443 1037 ratione,
460 959 494 1025 in
510 981 570 1024 usu
586 957 761 1024 amicorum
777 979 815 1022 ac
830 952 1051 1031 familiarium,
1067 952 1115 1042 qui
1134 957 1172 1023 ”,

195 1083 353 1138 vocantur
372 1067 503 1157 (dicitur
517 1077 623 1134 autem
639 1076 751 1154 ἑταῖρος,
765 1065 855 1153 quasi
874 1078 959 1155 ειφις
974 1074 1035 1156 tri,
1052 1067 1149 1142 idest,
1164 1112 1167 1115 -

195 1183 289 1272 elter)
309 1203 372 1271 qua
387 1177 511 1244 ratione
524 1199 580 1241 cos
594 1175 708 1269 fratres
723 1173 938 1264 appellamus,
962 1176 1018 1266 qui
1037 1187 1155 1242 sunt-fo
1165 1222 1168 1229 ι

177 1303 180 1310 '
196 1291 299 1358 verbo
314 1284 500 1378 regenerati.
517 1283 669 1352 Adhaeret
687 1295 794 1350 autem
816 1283 965 1351 charitati
982 1297 1018 1350 et
1031 1284 1159 1451 hospi
1154 1322 1166 1331 ‹

198 1420 269 1488 quae
287 1409 334 1463 est
353 1393 521 1462 artificiosa
543 1391 691 1460 amicitiis
718 1391 799 1458 ratio
827 1393 914 1460 circs
941 1417 1076 1459 ιιιιιιιιι
1170 1383 1171 1386 “

198 1529 271 1575 rum
273 1551 340 1572 .....
351 1501 539 1571 Humanitas
548 1500 998 1592 ,perquamlitbonaaffectio
1008 1426 1144 1592 ,pressi

198 1639 256 1683 cus
271 1637 347 1680 usus
362 1608 551 1685 hominum·
566 1611 672 1700 etipsa
684 1611 769 1676 bona
784 1609 932 1688 allectio,
953 1637 1025 1701 qure
1036 1624 1148 1702 estq

199 1722 368 1790 artificiosa
385 1718 530 1787 amicitie
546 1719 627 1785 ratio
643 1717 915 1785 circaamicorum
929 1718 979 1786 rel
991 1745 1094 1787 nec
1106 1768 1156 1779 .

202 1829 406 1906 dilectiones,
422 1825 824 1895 comitenturchuritatem.
843 1827 993 1895 Stantem
1005 1853 1146 1896 revera·

201 1940 256 2028 qui
276 1951 325 2004 est
345 1937 378 2004 in
393 1935 505 2012 nobis,
521 1947 569 2000 est
584 1931 774 2024 spiritualis,
789 1933 971 2002 humanitas
995 1950 1043 2003 est
1063 1939 1106 2005 [ιι
1123 1970 1133 1995 ι
1148 1976 1150 1983 ·

199 2048 256 2123 iis,
278 2045 424 2134 quisunt
446 2042 591 2133 ejusdem
617 2043 753 2132 Spiritus
772 2043 952 2134 participes.
978 2047 1110 2113 Affectio
1142 2078 1166 2099 ιι

200 2177 310 2221 rursus
320 2165 368 2220 est
384 2151 580 2220 conservatio
598 2150 844 2229 benevolentiae,
861 2151 911 2218 rel
927 2152 1111 2222 dilectionis.
1155 2200 1166 2207 ι

198 2263 372 2330 tio‘autem
386 2273 436 2327 est
453 2260 594 2350 perlecta
609 2268 642 2325 et
661 2256 805 2326 absoluta
823 2260 1051 2330 demonstratio
1069 2289 1077 2329 :
1093 2268 1144 2328 stt
1160 2276 1172 2335 j

201 2371 290 2461 quod
318 2383 366 2438 est
387 2383 556 2458 ἀγαπᾶσθαι,
578 2380 627 2434 est
649 2365 774 2457 placere
790 2371 954 2448 moribus,
973 2371 1141 2461 duciqueet
1162 2372 1172 2423 fi

202 2480 287 2548 duci.
306 2479 342 2547 ln
357 2477 444 2545 idem
463 2489 570 2546 autem
586 2476 748 2544 ducuntur
760 2499 819 2566 per
832 2479 1089 2557 consensionem,
1103 2500 1153 2568 qun
1168 2526 1169 2529 ,

201 2585 339 2678 scientia·
368 2585 589 2654 communium
619 2587 788 2652 honorum.
822 2585 997 2653 Conseusio
1029 2589 1155 2664 enim,¹

201 2697 418 2777 ὁμιγιωμισύιιι
435 2706 484 2761 est
499 2715 671 2760 consensus
686 2693 864 2760 animorum
867 2743 932 2761 .....
945 2695 1043 2777 Quod
1057 2699 1142 2784 itaque

202 2817 287 2872 tutes
302 2827 335 2870 se
347 2803 484 2870 invicem
495 2814 755 2891 consequuntur,
775 2803 852 2891 quid
870 2827 951 2895 opus
965 2817 1014 2872 est
1026 2807 1133 2880 dicere,
1150 2842 1157 2860 ι

200 2913 268 3005 jam
300 2911 552 2986 ostenderimus,
582 2910 669 2999 quod
705 2909 783 2977 lidos
815 2913 945 3004 quidem
978 2929 1079 3005 sperat

202 3019 442 3113 penitentiam,
458 3019 556 3086 timor
576 3030 684 3086 autem
695 3032 824 3120 propter
835 3020 952 3098 iidem,
970 3037 1004 3090 et
1014 3025 1113 3114 quein
1126 3023 1168 3087 iis⁴

202 3126 436 3220 perseverantia
449 3139 482 3192 et
498 3127 705 3204 exercitatio,
722 3151 784 3196 una
802 3151 878 3196 cum
897 3130 1042 3200 doctrina
1053 3145 1082 3198 te
1104 3133 1160 3191 s'w

203 3238 237 3306 in
260 3237 433 3313 charitate,
448 3233 502 3302 illa
517 3258 591 3302 vero
613 3235 779 3326 perficitur
796 3237 1001 3328 cognitione?

252 3375 302 3448 δ’.
319 3377 487 3448 Veritatis
512 3378 669 3470 cognitio
697 3399 723 3444 a
747 3399 822 3472 qua
846 3401 1072 3474 nunquams
1080 3408 1163 3441 ιιιι

195 3491 300 3585 justa
311 3489 489 3584 cognitio²
506 3512 516 3554 :

249 3621 326 3687 llaec
341 3641 417 3711 ergo
429 3618 490 3686 tria
510 3628 617 3685 noster
631 3617 692 3685 sibi
707 3618 846 3686 vindicat
861 3619 1085 3713 philosophus:
1098 3641 1171 3714 pror

244 3756 253 3782 ¹
267 3761 324 3824 Pag-
338 3757 390 3821 450
400 3771 425 3809 ot
435 3775 502 3824 seqq.

242 3847 251 3873 ¹
266 3853 322 3918 Peg.
335 3847 386 3908 453
400 3861 484 3914 etseq.
