<?xml version="1.0" encoding="UTF-8"?>
<!DOCTYPE html PUBLIC "-//W3C//DTD XHTML 1.0 Transitional//EN"
    "http://www.w3.org/TR/xhtml1/DTD/xhtml1-transitional.dtd">
<html xmlns="http://www.w3.org/1999/xhtml" xml:lang="en" lang="en">
 <head>
  <title>
</title>
<meta http-equiv="Content-Type" content="text/html;charset=utf-8" />
  <meta name='ocr-system' content='tesseract 3.04.00' />
  <meta name='ocr-capabilities' content='ocr_page ocr_carea ocr_par ocr_line ocrx_word'/>
</head>
<body>
  <div class='ocr_page' id='page_1' title='image "./collectioselect00guilgoog_0397.png"; bbox 0 0 2452 4602; ppageno 0'>
   <div class='ocr_carea' id='block_1_1' title="bbox 351 233 1041 319">
    <p class='ocr_par' dir='ltr' id='par_1_1' title="bbox 351 233 1041 319">
     <span class='ocr_line' id='line_1_1' title="bbox 351 233 1041 319; baseline 0 -23"><span class='ocrx_word' id='word_1_1' title='bbox 351 251 550 308; x_wconf 74' lang='lat' dir='ltr'><strong>rnnseooos,</strong></span> <span class='ocrx_word' id='word_1_2' title='bbox 573 251 634 297; x_wconf 81' lang='lat' dir='ltr'><strong>mr.</strong></span> <span class='ocrx_word' id='word_1_3' title='bbox 660 251 707 296; x_wconf 86' lang='lat' dir='ltr'><strong>ur.</strong></span> <span class='ocrx_word' id='word_1_4' title='bbox 981 233 1041 319; x_wconf 74' lang='lat'><strong>591</strong></span> 
     </span>
    </p>
   </div>
   <div class='ocr_carea' id='block_1_2' title="bbox 12 370 1132 3756">
    <p class='ocr_par' dir='ltr' id='par_1_2' title="bbox 12 370 1132 3756">
     <span class='ocr_line' id='line_1_2' title="bbox 16 370 1047 464; baseline 0 -28"><span class='ocrx_word' id='word_1_5' title='bbox 16 383 102 448; x_wconf 83' lang='lat' dir='ltr'><strong>sont,</strong></span> <span class='ocrx_word' id='word_1_6' title='bbox 114 373 225 461; x_wconf 89' lang='lat' dir='ltr'><strong>pudet.</strong></span> <span class='ocrx_word' id='word_1_7' title='bbox 244 370 338 439; x_wconf 77' lang='lat' dir='ltr'><strong>Tales</strong></span> <span class='ocrx_word' id='word_1_8' title='bbox 355 385 443 450; x_wconf 88' lang='lat' dir='ltr'><strong>sunt,</strong></span> <span class='ocrx_word' id='word_1_9' title='bbox 460 373 514 460; x_wconf 86' lang='lat' dir='ltr'><strong>qui</strong></span> <span class='ocrx_word' id='word_1_10' title='bbox 526 383 635 461; x_wconf 85' lang='lat' dir='ltr'><strong>turpes</strong></span> <span class='ocrx_word' id='word_1_11' title='bbox 651 385 829 462; x_wconf 84' lang='lat' dir='ltr'><strong>sequuntur</strong></span> <span class='ocrx_word' id='word_1_12' title='bbox 839 371 1047 464; x_wconf 81' lang='lat' dir='ltr'><strong>perturbatio-</strong></span> 
     </span>
     <span class='ocr_line' id='line_1_3' title="bbox 16 479 1045 574; baseline -0.002 -26"><span class='ocrx_word' id='word_1_13' title='bbox 16 505 83 556; x_wconf 79' lang='lat' dir='ltr'><strong>nes,</strong></span> <span class='ocrx_word' id='word_1_14' title='bbox 100 505 240 574; x_wconf 75' lang='lat' dir='ltr'><strong>quorum</strong></span> <span class='ocrx_word' id='word_1_15' title='bbox 260 505 378 572; x_wconf 82' lang='lat' dir='ltr'><strong>eorpus</strong></span> <span class='ocrx_word' id='word_1_16' title='bbox 393 481 537 548; x_wconf 82' lang='lat' dir='ltr'><strong>violentis</strong></span> <span class='ocrx_word' id='word_1_17' title='bbox 556 483 635 572; x_wconf 83' lang='lat' dir='ltr'><strong>picis</strong></span> <span class='ocrx_word' id='word_1_18' title='bbox 649 481 845 552; x_wconf 83' lang='lat' dir='ltr'><strong>vulsionibus</strong></span> <span class='ocrx_word' id='word_1_19' title='bbox 863 495 969 548; x_wconf 86' lang='lat' dir='ltr'><strong>totum</strong></span> <span class='ocrx_word' id='word_1_20' title='bbox 982 479 1045 571; x_wconf 77' lang='lat' dir='ltr'><strong>gie·</strong></span> 
     </span>
     <span class='ocr_line' id='line_1_4' title="bbox 17 589 1046 684; baseline 0.002 -29"><span class='ocrx_word' id='word_1_21' title='bbox 17 589 107 656; x_wconf 77' lang='lat' dir='ltr'><strong>hrum</strong></span> <span class='ocrx_word' id='word_1_22' title='bbox 121 605 219 658; x_wconf 88' lang='lat' dir='ltr'><strong>estet</strong></span> <span class='ocrx_word' id='word_1_23' title='bbox 240 589 328 658; x_wconf 78' lang='lat' dir='ltr'><strong>laere.</strong></span> <span class='ocrx_word' id='word_1_24' title='bbox 348 590 431 658; x_wconf 86' lang='lat' dir='ltr'><strong>Nihil</strong></span> <span class='ocrx_word' id='word_1_25' title='bbox 447 603 495 657; x_wconf 88' lang='lat' dir='ltr'><strong>est</strong></span> <span class='ocrx_word' id='word_1_26' title='bbox 510 605 611 670; x_wconf 82' lang='lat' dir='ltr'><strong>certe,</strong></span> <span class='ocrx_word' id='word_1_27' title='bbox 628 617 692 681; x_wconf 90' lang='lat' dir='ltr'><strong>quo</strong></span> <span class='ocrx_word' id='word_1_28' title='bbox 705 593 804 684; x_wconf 80' lang='lat' dir='ltr'><strong>possit</strong></span> <span class='ocrx_word' id='word_1_29' title='bbox 821 591 955 658; x_wconf 79' lang='lat' dir='ltr'><strong>ulterius</strong></span> <span class='ocrx_word' id='word_1_30' title='bbox 968 613 1046 680; x_wconf 91' lang='lat' dir='ltr'><strong>pro-</strong></span> 
     </span>
     <span class='ocr_line' id='line_1_5' title="bbox 18 699 1045 792; baseline -0.001 -25"><span class='ocrx_word' id='word_1_31' title='bbox 18 701 99 790; x_wconf 68' lang='lat' dir='ltr'><strong>gredi</strong></span> <span class='ocrx_word' id='word_1_32' title='bbox 128 701 200 768; x_wconf 82' lang='lat' dir='ltr'><strong>talis</strong></span> <span class='ocrx_word' id='word_1_33' title='bbox 226 703 435 792; x_wconf 79' lang='lat' dir='ltr'><strong>impudentis.</strong></span> <span class='ocrx_word' id='word_1_34' title='bbox 466 702 501 768; x_wconf 89' lang='lat' dir='ltr'><strong>Si</strong></span> <span class='ocrx_word' id='word_1_35' title='bbox 528 703 614 768; x_wconf 91' lang='lat' dir='ltr'><strong>enim</strong></span> <span class='ocrx_word' id='word_1_36' title='bbox 642 703 721 770; x_wconf 90' lang='lat' dir='ltr'><strong>nihil</strong></span> <span class='ocrx_word' id='word_1_37' title='bbox 751 703 791 770; x_wconf 81' lang='lat' dir='ltr'><strong>ab</strong></span> <span class='ocrx_word' id='word_1_38' title='bbox 820 704 865 769; x_wconf 89' lang='lat' dir='ltr'><strong>eis</strong></span> <span class='ocrx_word' id='word_1_39' title='bbox 889 699 1045 768; x_wconf 82' lang='lat' dir='ltr'><strong>infectum</strong></span> 
     </span>
     <span class='ocr_line' id='line_1_6' title="bbox 19 807 1044 900; baseline -0.002 -24"><span class='ocrx_word' id='word_1_40' title='bbox 19 807 215 900; x_wconf 86' lang='lat' dir='ltr'><strong>relinquitur,</strong></span> <span class='ocrx_word' id='word_1_41' title='bbox 225 835 286 878; x_wconf 89' lang='lat' dir='ltr'><strong>nee</strong></span> <span class='ocrx_word' id='word_1_42' title='bbox 296 811 421 878; x_wconf 83' lang='lat' dir='ltr'><strong>silentio</strong></span> <span class='ocrx_word' id='word_1_43' title='bbox 431 823 480 876; x_wconf 91' lang='lat' dir='ltr'><strong>est</strong></span> <span class='ocrx_word' id='word_1_44' title='bbox 491 837 509 877; x_wconf 81' lang='lat' dir='ltr'><strong>a</strong></span> <span class='ocrx_word' id='word_1_45' title='bbox 519 835 572 877; x_wconf 91' lang='lat' dir='ltr'><strong>me</strong></span> <span class='ocrx_word' id='word_1_46' title='bbox 582 813 848 900; x_wconf 63' lang='lat' dir='ltr'><strong>pratereundum.</strong></span> <span class='ocrx_word' id='word_1_47' title='bbox 862 809 1044 892; x_wconf 82' lang='lat' dir='ltr'><strong>Quemdnm</strong></span> 
     </span>
     <span class='ocr_line' id='line_1_7' title="bbox 16 919 1043 1014; baseline -0.002 -30"><span class='ocrx_word' id='word_1_48' title='bbox 16 941 54 984; x_wconf 82' lang='lat' dir='ltr'><strong>ex</strong></span> <span class='ocrx_word' id='word_1_49' title='bbox 65 919 126 986; x_wconf 80' lang='lat' dir='ltr'><strong>hee</strong></span> <span class='ocrx_word' id='word_1_50' title='bbox 147 919 299 1010; x_wconf 77' lang='lat' dir='ltr'><strong>degeneri</strong></span> <span class='ocrx_word' id='word_1_51' title='bbox 314 921 407 988; x_wconf 86' lang='lat' dir='ltr'><strong>turbe</strong></span> <span class='ocrx_word' id='word_1_52' title='bbox 426 919 590 1014; x_wconf 68' lang='lat' dir='ltr'><strong>pedagogi</strong></span> <span class='ocrx_word' id='word_1_53' title='bbox 609 921 673 986; x_wconf 89' lang='lat' dir='ltr'><strong>ritu</strong></span> <span class='ocrx_word' id='word_1_54' title='bbox 691 920 859 1009; x_wconf 77' lang='lat' dir='ltr'><strong>increpans</strong></span> <span class='ocrx_word' id='word_1_55' title='bbox 874 919 1043 1008; x_wconf 74' lang='lat' dir='ltr'>Diogenes,</span> 
     </span>
     <span class='ocr_line' id='line_1_8' title="bbox 17 1027 1044 1119; baseline -0.001 -25"><span class='ocrx_word' id='word_1_56' title='bbox 17 1049 87 1094; x_wconf 87' lang='lat' dir='ltr'><strong>eum</strong></span> <span class='ocrx_word' id='word_1_57' title='bbox 96 1029 304 1107; x_wconf 80' lang='lat' dir='ltr'>venderetur,</span> <span class='ocrx_word' id='word_1_58' title='bbox 316 1053 433 1119; x_wconf 79' lang='lat' dir='ltr'><strong>magno</strong></span> <span class='ocrx_word' id='word_1_59' title='bbox 443 1041 477 1096; x_wconf 85' lang='lat' dir='ltr'><strong>et</strong></span> <span class='ocrx_word' id='word_1_60' title='bbox 490 1029 564 1096; x_wconf 89' lang='lat' dir='ltr'><strong>sorti</strong></span> <span class='ocrx_word' id='word_1_61' title='bbox 577 1031 684 1098; x_wconf 76' lang='lat' dir='ltr'><strong>animo</strong></span> <span class='ocrx_word' id='word_1_62' title='bbox 696 1031 774 1098; x_wconf 82' lang='lat' dir='ltr'><strong>dixit</strong></span> <span class='ocrx_word' id='word_1_63' title='bbox 788 1054 796 1097; x_wconf 77' lang='grc' dir='ltr'><strong><em>ε</em></strong></span> <span class='ocrx_word' id='word_1_64' title='bbox 808 1029 912 1097; x_wconf 81' lang='lat' dir='ltr'><strong>«Veni</strong></span> <span class='ocrx_word' id='word_1_65' title='bbox 924 1027 1044 1094; x_wconf 85' lang='lat' dir='ltr'><strong>adoles·</strong></span> 
     </span>
     <span class='ocr_line' id='line_1_9' title="bbox 17 1139 1043 1229; baseline -0.001 -25"><span class='ocrx_word' id='word_1_66' title='bbox 17 1163 126 1216; x_wconf 73' lang='lat' dir='ltr'><strong>seem,</strong></span> <span class='ocrx_word' id='word_1_67' title='bbox 152 1163 228 1206; x_wconf 91' lang='lat' dir='ltr'><strong>eme</strong></span> <span class='ocrx_word' id='word_1_68' title='bbox 250 1140 309 1208; x_wconf 86' lang='lat' dir='ltr'><strong>tihi</strong></span> <span class='ocrx_word' id='word_1_69' title='bbox 334 1141 438 1206; x_wconf 65' lang='lat' dir='ltr'><strong>vuum</strong></span> <span class='ocrx_word' id='word_1_70' title='bbox 457 1165 465 1206; x_wconf 78' lang='lat' dir='ltr'><strong>r</strong></span> <span class='ocrx_word' id='word_1_71' title='bbox 482 1141 640 1229; x_wconf 77' lang='lat' dir='ltr'><strong>»ancipiti</strong></span> <span class='ocrx_word' id='word_1_72' title='bbox 663 1141 805 1208; x_wconf 82' lang='lat' dir='ltr'><strong>oratione</strong></span> <span class='ocrx_word' id='word_1_73' title='bbox 827 1139 1043 1208; x_wconf 78' lang='lat' dir='ltr'><strong>meretricium</strong></span> 
     </span>
     <span class='ocr_line' id='line_1_10' title="bbox 14 1247 1042 1340; baseline -0.001 -25"><span class='ocrx_word' id='word_1_74' title='bbox 14 1250 82 1338; x_wconf 88' lang='lat' dir='ltr'><strong>ejus</strong></span> <span class='ocrx_word' id='word_1_75' title='bbox 102 1251 247 1318; x_wconf 81' lang='lat' dir='ltr'><strong>animum</strong></span> <span class='ocrx_word' id='word_1_76' title='bbox 267 1251 434 1339; x_wconf 73' lang='lat' dir='ltr'><strong>castigans.</strong></span> <span class='ocrx_word' id='word_1_77' title='bbox 459 1251 522 1316; x_wconf 84' lang='lat' dir='ltr'><strong>Eos</strong></span> <span class='ocrx_word' id='word_1_78' title='bbox 548 1249 633 1316; x_wconf 88' lang='lat' dir='ltr'><strong>enim</strong></span> <span class='ocrx_word' id='word_1_79' title='bbox 652 1250 707 1340; x_wconf 90' lang='lat' dir='ltr'><strong>qui</strong></span> <span class='ocrx_word' id='word_1_80' title='bbox 727 1250 786 1316; x_wconf 86' lang='lat' dir='ltr'><strong>viri</strong></span> <span class='ocrx_word' id='word_1_81' title='bbox 807 1261 892 1326; x_wconf 82' lang='lat' dir='ltr'><strong>sunt,</strong></span> <span class='ocrx_word' id='word_1_82' title='bbox 914 1247 981 1314; x_wconf 84' lang='lat' dir='ltr'><strong>radi</strong></span> <span class='ocrx_word' id='word_1_83' title='bbox 1004 1271 1042 1314; x_wconf 84' lang='lat' dir='ltr'><strong>eo</strong></span> 
     </span>
     <span class='ocr_line' id='line_1_11' title="bbox 20 1339 1043 1450; baseline -0.004 -25"><span class='ocrx_word' id='word_1_84' title='bbox 20 1357 159 1450; x_wconf 73' lang='lat' dir='ltr'><strong>levigari,</strong></span> <span class='ocrx_word' id='word_1_85' title='bbox 177 1361 340 1449; x_wconf 89' lang='lat' dir='ltr'><strong>quomodo</strong></span> <span class='ocrx_word' id='word_1_86' title='bbox 363 1384 427 1426; x_wconf 90' lang='lat' dir='ltr'><strong>non</strong></span> <span class='ocrx_word' id='word_1_87' title='bbox 449 1373 497 1426; x_wconf 89' lang='lat' dir='ltr'><strong>est</strong></span> <span class='ocrx_word' id='word_1_88' title='bbox 516 1359 701 1448; x_wconf 78' lang='lat' dir='ltr'><strong>degeneris?</strong></span> <span class='ocrx_word' id='word_1_89' title='bbox 724 1339 821 1439; x_wconf 87' lang='lat' dir='ltr'><strong>Quod</strong></span> <span class='ocrx_word' id='word_1_90' title='bbox 840 1355 919 1446; x_wconf 84' lang='lat' dir='ltr'><strong>pilos</strong></span> <span class='ocrx_word' id='word_1_91' title='bbox 934 1367 1043 1422; x_wconf 76' lang='lat' dir='ltr'><strong>sutem</strong></span> 
     </span>
     <span class='ocr_line' id='line_1_12' title="bbox 24 1467 1042 1562; baseline -0.005 -26"><span class='ocrx_word' id='word_1_92' title='bbox 24 1469 144 1558; x_wconf 77' lang='lat' dir='ltr'><strong>tingant,</strong></span> <span class='ocrx_word' id='word_1_93' title='bbox 163 1483 200 1536; x_wconf 88' lang='lat' dir='ltr'><strong>et</strong></span> <span class='ocrx_word' id='word_1_94' title='bbox 212 1495 311 1538; x_wconf 80' lang='lat' dir='ltr'><strong>cenos</strong></span> <span class='ocrx_word' id='word_1_95' title='bbox 326 1483 457 1562; x_wconf 75' lang='lat' dir='ltr'><strong>ungunt,</strong></span> <span class='ocrx_word' id='word_1_96' title='bbox 474 1493 512 1537; x_wconf 80' lang='lat' dir='ltr'><strong>ee</strong></span> <span class='ocrx_word' id='word_1_97' title='bbox 532 1469 694 1539; x_wconf 83' lang='lat' dir='ltr'><strong>coloribus</strong></span> <span class='ocrx_word' id='word_1_98' title='bbox 709 1467 864 1544; x_wconf 78' lang='lat' dir='ltr'><strong>oblinunt,</strong></span> <span class='ocrx_word' id='word_1_99' title='bbox 879 1491 951 1557; x_wconf 81' lang='lat' dir='ltr'><strong>quer</strong></span> <span class='ocrx_word' id='word_1_100' title='bbox 966 1489 1042 1558; x_wconf 88' lang='lat' dir='ltr'><strong>per·</strong></span> 
     </span>
     <span class='ocr_line' id='line_1_13' title="bbox 21 1578 1042 1672; baseline -0.004 -26"><span class='ocrx_word' id='word_1_101' title='bbox 21 1579 149 1647; x_wconf 73' lang='lat' dir='ltr'><strong>trorum</strong></span> <span class='ocrx_word' id='word_1_102' title='bbox 166 1582 428 1672; x_wconf 76' lang='lat' dir='ltr'><strong>androgynorum</strong></span> <span class='ocrx_word' id='word_1_103' title='bbox 443 1581 545 1648; x_wconf 77' lang='lat' dir='ltr'><strong>studia</strong></span> <span class='ocrx_word' id='word_1_104' title='bbox 561 1592 654 1656; x_wconf 85' lang='lat' dir='ltr'><strong>sunt;</strong></span> <span class='ocrx_word' id='word_1_105' title='bbox 670 1581 866 1669; x_wconf 79' lang='lat' dir='ltr'><strong>quodetiam</strong></span> <span class='ocrx_word' id='word_1_106' title='bbox 880 1578 1042 1645; x_wconf 85' lang='lat' dir='ltr'><strong>muliebri·</strong></span> 
     </span>
     <span class='ocr_line' id='line_1_14' title="bbox 22 1689 1042 1781; baseline -0.002 -25"><span class='ocrx_word' id='word_1_107' title='bbox 22 1703 65 1756; x_wconf 82' lang='lat' dir='ltr'><strong>ter</strong></span> <span class='ocrx_word' id='word_1_108' title='bbox 76 1715 108 1757; x_wconf 86' lang='lat' dir='ltr'><strong>se</strong></span> <span class='ocrx_word' id='word_1_109' title='bbox 121 1704 264 1781; x_wconf 77' lang='lat' dir='ltr'><strong>pectem,</strong></span> <span class='ocrx_word' id='word_1_110' title='bbox 281 1693 412 1759; x_wconf 91' lang='lat' dir='ltr'><strong>omnino</strong></span> <span class='ocrx_word' id='word_1_111' title='bbox 427 1692 731 1780; x_wconf 70' lang='lat' dir='ltr'><strong>praetermittendum</strong></span> <span class='ocrx_word' id='word_1_112' title='bbox 744 1701 802 1757; x_wconf 87' lang='lat' dir='ltr'><strong>est.</strong></span> <span class='ocrx_word' id='word_1_113' title='bbox 820 1691 937 1756; x_wconf 81' lang='lat' dir='ltr'><strong>Putent</strong></span> <span class='ocrx_word' id='word_1_114' title='bbox 955 1689 1042 1756; x_wconf 92' lang='lat' dir='ltr'><strong>enim</strong></span> 
     </span>
     <span class='ocr_line' id='line_1_15' title="bbox 21 1799 1043 1892; baseline -0.003 -26"><span class='ocrx_word' id='word_1_115' title='bbox 21 1823 63 1878; x_wconf 85' lang='lat' dir='ltr'><strong>se,</strong></span> <span class='ocrx_word' id='word_1_116' title='bbox 78 1803 157 1869; x_wconf 86' lang='lat' dir='ltr'><strong>sieut</strong></span> <span class='ocrx_word' id='word_1_117' title='bbox 171 1813 348 1890; x_wconf 70' lang='lat' dir='ltr'><strong>serpentes,</strong></span> <span class='ocrx_word' id='word_1_118' title='bbox 363 1825 456 1891; x_wconf 85' lang='lat' dir='ltr'><strong>posse</strong></span> <span class='ocrx_word' id='word_1_119' title='bbox 475 1802 600 1868; x_wconf 89' lang='lat' dir='ltr'><strong>senium</strong></span> <span class='ocrx_word' id='word_1_120' title='bbox 614 1801 726 1892; x_wconf 76' lang='lat' dir='ltr'><strong>eapitis</strong></span> <span class='ocrx_word' id='word_1_121' title='bbox 747 1823 877 1876; x_wconf 82' lang='lat' dir='ltr'><strong>exuere,</strong></span> <span class='ocrx_word' id='word_1_122' title='bbox 900 1799 978 1866; x_wconf 92' lang='lat' dir='ltr'><strong>dum</strong></span> <span class='ocrx_word' id='word_1_123' title='bbox 997 1821 1043 1863; x_wconf 84' lang='lat' dir='ltr'><strong>se-</strong></span> 
     </span>
     <span class='ocr_line' id='line_1_16' title="bbox 21 1907 1041 2002; baseline -0.006 -23"><span class='ocrx_word' id='word_1_124' title='bbox 21 1911 101 2000; x_wconf 74' lang='lat' dir='ltr'><strong>ipsos</strong></span> <span class='ocrx_word' id='word_1_125' title='bbox 117 1913 281 2002; x_wconf 77' lang='lat' dir='ltr'><strong>pingentes</strong></span> <span class='ocrx_word' id='word_1_126' title='bbox 301 1911 527 1978; x_wconf 79' lang='lat' dir='ltr'><strong>transforment</strong></span> <span class='ocrx_word' id='word_1_127' title='bbox 548 1935 587 1978; x_wconf 82' lang='lat' dir='ltr'><strong>eo</strong></span> <span class='ocrx_word' id='word_1_128' title='bbox 606 1922 769 1991; x_wconf 81' lang='lat' dir='ltr'><strong>renovant.</strong></span> <span class='ocrx_word' id='word_1_129' title='bbox 796 1909 893 1991; x_wconf 81' lang='lat' dir='ltr'><strong>Quod</strong></span> <span class='ocrx_word' id='word_1_130' title='bbox 914 1909 939 1974; x_wconf 88' lang='lat' dir='ltr'><strong>si</strong></span> <span class='ocrx_word' id='word_1_131' title='bbox 960 1907 1041 2000; x_wconf 87' lang='lat' dir='ltr'><strong>piios</strong></span> 
     </span>
     <span class='ocr_line' id='line_1_17' title="bbox 28 2020 1132 2112; baseline -0.005 -23"><span class='ocrx_word' id='word_1_132' title='bbox 28 2020 206 2111; x_wconf 83' lang='lat' dir='ltr'><strong>eontiugsnt,</strong></span> <span class='ocrx_word' id='word_1_133' title='bbox 223 2045 317 2112; x_wconf 77' lang='lat' dir='ltr'><strong>rugus</strong></span> <span class='ocrx_word' id='word_1_134' title='bbox 331 2033 439 2088; x_wconf 82' lang='lat' dir='ltr'><strong>tamen</strong></span> <span class='ocrx_word' id='word_1_135' title='bbox 453 2043 519 2088; x_wconf 90' lang='lat' dir='ltr'><strong>non</strong></span> <span class='ocrx_word' id='word_1_136' title='bbox 532 2021 685 2110; x_wconf 81' lang='lat' dir='ltr'><strong>effugient</strong></span> <span class='ocrx_word' id='word_1_137' title='bbox 698 2045 706 2087; x_wconf 75' lang='grc' dir='ltr'><strong>ε</strong></span> <span class='ocrx_word' id='word_1_138' title='bbox 721 2021 776 2087; x_wconf 86' lang='lat' dir='ltr'><strong>sed</strong></span> <span class='ocrx_word' id='word_1_139' title='bbox 790 2043 894 2109; x_wconf 89' lang='lat' dir='ltr'><strong>neque</strong></span> <span class='ocrx_word' id='word_1_140' title='bbox 905 2031 1041 2088; x_wconf 86' lang='lat' dir='ltr'><strong>mortem</strong></span> <span class='ocrx_word' id='word_1_141' title='bbox 1129 2039 1132 2044; x_wconf 87' lang='lat'>·</span> 
     </span>
     <span class='ocr_line' id='line_1_18' title="bbox 26 2113 1042 2223; baseline -0.005 -25"><span class='ocrx_word' id='word_1_142' title='bbox 26 2129 170 2211; x_wconf 65' lang='lat' dir='ltr'><strong>tetum,</strong></span> <span class='ocrx_word' id='word_1_143' title='bbox 190 2135 250 2199; x_wconf 89' lang='lat' dir='ltr'><strong>etsi</strong></span> <span class='ocrx_word' id='word_1_144' title='bbox 270 2145 396 2223; x_wconf 85' lang='lat' dir='ltr'><strong>tempus</strong></span> <span class='ocrx_word' id='word_1_145' title='bbox 418 2113 477 2222; x_wconf 77' lang='lat' dir='ltr'><strong>per</strong></span> <span class='ocrx_word' id='word_1_146' title='bbox 498 2141 600 2198; x_wconf 79' lang='lat' dir='ltr'><strong>artem</strong></span> <span class='ocrx_word' id='word_1_147' title='bbox 618 2131 842 2196; x_wconf 83' lang='lat' dir='ltr'><strong>ementientur.</strong></span> <span class='ocrx_word' id='word_1_148' title='bbox 867 2131 937 2198; x_wconf 88' lang='lat' dir='ltr'><strong>Non</strong></span> <span class='ocrx_word' id='word_1_149' title='bbox 955 2130 1042 2198; x_wconf 88' lang='lat' dir='ltr'><strong>enim</strong></span> 
     </span>
     <span class='ocr_line' id='line_1_19' title="bbox 12 2237 1041 2340; baseline -0.002 -34"><span class='ocrx_word' id='word_1_150' title='bbox 12 2239 131 2340; x_wconf 41' lang='lat' dir='ltr'><strong>&#39;mdrrm</strong></span> <span class='ocrx_word' id='word_1_151' title='bbox 142 2253 203 2318; x_wconf 89' lang='lat' dir='ltr'><strong>est,</strong></span> <span class='ocrx_word' id='word_1_152' title='bbox 215 2263 281 2308; x_wconf 89' lang='lat' dir='ltr'><strong>non</strong></span> <span class='ocrx_word' id='word_1_153' title='bbox 293 2252 353 2317; x_wconf 86' lang='lat' dir='ltr'><strong>est,</strong></span> <span class='ocrx_word' id='word_1_154' title='bbox 364 2241 510 2328; x_wconf 80' lang='lat' dir='ltr'><strong>iuquam,</strong></span> <span class='ocrx_word' id='word_1_155' title='bbox 523 2237 657 2314; x_wconf 79' lang='lat' dir='ltr'><strong>melum,</strong></span> <span class='ocrx_word' id='word_1_156' title='bbox 671 2260 778 2304; x_wconf 85' lang='lat' dir='ltr'><strong>senem</strong></span> <span class='ocrx_word' id='word_1_157' title='bbox 790 2237 902 2318; x_wconf 85' lang='lat' dir='ltr'><strong>videri,</strong></span> <span class='ocrx_word' id='word_1_158' title='bbox 920 2261 993 2306; x_wconf 89' lang='lat' dir='ltr'><strong>eum</strong></span> <span class='ocrx_word' id='word_1_159' title='bbox 1008 2250 1041 2304; x_wconf 89' lang='lat' dir='ltr'><strong>te</strong></span> 
     </span>
     <span class='ocr_line' id='line_1_20' title="bbox 27 2347 1042 2440; baseline -0.005 -21"><span class='ocrx_word' id='word_1_160' title='bbox 27 2373 120 2418; x_wconf 79' lang='lat' dir='ltr'><strong>sonem</strong></span> <span class='ocrx_word' id='word_1_161' title='bbox 130 2375 200 2418; x_wconf 76' lang='lat' dir='ltr'><strong>esse</strong></span> <span class='ocrx_word' id='word_1_162' title='bbox 211 2350 314 2418; x_wconf 80' lang='lat' dir='ltr'><strong>celare</strong></span> <span class='ocrx_word' id='word_1_163' title='bbox 325 2373 391 2416; x_wconf 89' lang='lat' dir='ltr'><strong>non</strong></span> <span class='ocrx_word' id='word_1_164' title='bbox 401 2350 511 2440; x_wconf 83' lang='lat' dir='ltr'><strong>possis.</strong></span> <span class='ocrx_word' id='word_1_165' title='bbox 524 2349 600 2428; x_wconf 85' lang='lat' dir='ltr'><strong>Quo</strong></span> <span class='ocrx_word' id='word_1_166' title='bbox 610 2370 686 2437; x_wconf 77' lang='lat' dir='ltr'><strong>ergo</strong></span> <span class='ocrx_word' id='word_1_167' title='bbox 698 2348 797 2437; x_wconf 77' lang='lat' dir='ltr'><strong>magis</strong></span> <span class='ocrx_word' id='word_1_168' title='bbox 808 2347 906 2414; x_wconf 89' lang='lat' dir='ltr'><strong>homo</strong></span> <span class='ocrx_word' id='word_1_169' title='bbox 916 2347 1042 2414; x_wconf 80' lang='lat' dir='ltr'><strong>festinet</strong></span> 
     </span>
     <span class='ocr_line' id='line_1_21' title="bbox 27 2456 1042 2547; baseline -0.002 -21"><span class='ocrx_word' id='word_1_170' title='bbox 27 2461 62 2526; x_wconf 83' lang='lat' dir='ltr'><strong>sd</strong></span> <span class='ocrx_word' id='word_1_171' title='bbox 73 2460 177 2536; x_wconf 81' lang='lat' dir='ltr'><strong>finem,</strong></span> <span class='ocrx_word' id='word_1_172' title='bbox 193 2474 282 2528; x_wconf 83' lang='lat' dir='ltr'><strong>tento</strong></span> <span class='ocrx_word' id='word_1_173' title='bbox 296 2473 345 2527; x_wconf 85' lang='lat' dir='ltr'><strong>est</strong></span> <span class='ocrx_word' id='word_1_174' title='bbox 358 2483 433 2526; x_wconf 82' lang='lat' dir='ltr'><strong>vere</strong></span> <span class='ocrx_word' id='word_1_175' title='bbox 451 2457 673 2536; x_wconf 77' lang='lat' dir='ltr'><strong>venerabilior,</strong></span> <span class='ocrx_word' id='word_1_176' title='bbox 698 2471 732 2523; x_wconf 90' lang='lat' dir='ltr'><strong>ut</strong></span> <span class='ocrx_word' id='word_1_177' title='bbox 751 2459 805 2547; x_wconf 91' lang='lat' dir='ltr'><strong>qui</strong></span> <span class='ocrx_word' id='word_1_178' title='bbox 820 2459 924 2525; x_wconf 89' lang='lat' dir='ltr'><strong>Deum</strong></span> <span class='ocrx_word' id='word_1_179' title='bbox 939 2456 1042 2524; x_wconf 83' lang='lat' dir='ltr'><strong>solum</strong></span> 
     </span>
     <span class='ocr_line' id='line_1_22' title="bbox 25 2569 1039 2660; baseline -0.007 -19"><span class='ocrx_word' id='word_1_180' title='bbox 25 2571 171 2641; x_wconf 77' lang='lat' dir='ltr'><strong>iaheetse</strong></span> <span class='ocrx_word' id='word_1_181' title='bbox 182 2575 349 2640; x_wconf 87' lang='lat' dir='ltr'><strong>seniorem.</strong></span> <span class='ocrx_word' id='word_1_182' title='bbox 366 2571 446 2639; x_wconf 83' lang='lat' dir='ltr'><strong>Nem</strong></span> <span class='ocrx_word' id='word_1_183' title='bbox 456 2570 508 2636; x_wconf 92' lang='lat' dir='ltr'><strong>ille</strong></span> <span class='ocrx_word' id='word_1_184' title='bbox 520 2593 646 2660; x_wconf 88' lang='lat' dir='ltr'><strong>quoque</strong></span> <span class='ocrx_word' id='word_1_185' title='bbox 657 2582 705 2636; x_wconf 84' lang='lat' dir='ltr'><strong>est</strong></span> <span class='ocrx_word' id='word_1_186' title='bbox 715 2581 852 2636; x_wconf 72' lang='lat' dir='ltr'><strong>eternus</strong></span> <span class='ocrx_word' id='word_1_187' title='bbox 863 2592 972 2647; x_wconf 83' lang='lat' dir='ltr'><strong>senex,</strong></span> <span class='ocrx_word' id='word_1_188' title='bbox 983 2569 1039 2658; x_wconf 89' lang='lat' dir='ltr'><strong>qui</strong></span> 
     </span>
     <span class='ocr_line' id='line_1_23' title="bbox 25 2679 1041 2775; baseline -0.002 -26"><span class='ocrx_word' id='word_1_189' title='bbox 25 2696 65 2748; x_wconf 74' lang='lat' dir='ltr'><strong>est</strong></span> <span class='ocrx_word' id='word_1_190' title='bbox 77 2684 110 2758; x_wconf 75' lang='lat' dir='ltr'><strong>iis</strong></span> <span class='ocrx_word' id='word_1_191' title='bbox 121 2708 196 2775; x_wconf 83' lang='lat' dir='ltr'><strong>quae</strong></span> <span class='ocrx_word' id='word_1_192' title='bbox 209 2695 283 2751; x_wconf 89' lang='lat' dir='ltr'><strong>sunt</strong></span> <span class='ocrx_word' id='word_1_193' title='bbox 298 2683 466 2770; x_wconf 77' lang='lat' dir='ltr'><strong>antiquior.</strong></span> <span class='ocrx_word' id='word_1_194' title='bbox 487 2683 678 2768; x_wconf 79' lang='lat' dir='ltr'><strong>Antiquom</strong></span> <span class='ocrx_word' id='word_1_195' title='bbox 696 2681 826 2748; x_wconf 78' lang='lat' dir='ltr'><strong>dierum</strong></span> <span class='ocrx_word' id='word_1_196' title='bbox 839 2679 929 2747; x_wconf 89' lang='lat' dir='ltr'><strong>illum</strong></span> <span class='ocrx_word' id='word_1_197' title='bbox 943 2704 1041 2748; x_wconf 87' lang='lat' dir='ltr'><strong>voee-</strong></span> 
     </span>
     <span class='ocr_line' id='line_1_24' title="bbox 27 2789 1029 2886; baseline -0.002 -30"><span class='ocrx_word' id='word_1_198' title='bbox 27 2792 243 2886; x_wconf 83' lang='lat' dir='ltr'><strong>ritprophetie¹</strong></span> <span class='ocrx_word' id='word_1_199' title='bbox 258 2817 266 2859; x_wconf 89' lang='lat'><strong>:</strong></span> <span class='ocrx_word' id='word_1_200' title='bbox 280 2821 292 2853; x_wconf 80' lang='grc' dir='ltr'>ι</span> <span class='ocrx_word' id='word_1_201' title='bbox 304 2793 344 2858; x_wconf 82' lang='lat' dir='ltr'><strong>Et</strong></span> <span class='ocrx_word' id='word_1_202' title='bbox 354 2791 576 2881; x_wconf 84' lang='lat' dir='ltr'><strong>eapillieopitis</strong></span> <span class='ocrx_word' id='word_1_203' title='bbox 588 2793 657 2880; x_wconf 87' lang='lat' dir='ltr'><strong>ejus</strong></span> <span class='ocrx_word' id='word_1_204' title='bbox 669 2803 820 2879; x_wconf 79' lang='lat' dir='ltr'><strong>tunquam</strong></span> <span class='ocrx_word' id='word_1_205' title='bbox 830 2789 902 2858; x_wconf 81' lang='lat' dir='ltr'><strong>leue</strong></span> <span class='ocrx_word' id='word_1_206' title='bbox 913 2814 1029 2881; x_wconf 75' lang='lat' dir='ltr'><strong>pure,·</strong></span> 
     </span>
     <span class='ocr_line' id='line_1_25' title="bbox 29 2899 1039 2994; baseline -0.002 -28"><span class='ocrx_word' id='word_1_207' title='bbox 29 2903 65 2967; x_wconf 80' lang='lat' dir='ltr'><strong>eit</strong></span> <span class='ocrx_word' id='word_1_208' title='bbox 76 2903 239 2994; x_wconf 77' lang='lat' dir='ltr'><strong>Propheta.</strong></span> <span class='ocrx_word' id='word_1_209' title='bbox 258 2901 370 2969; x_wconf 88' lang='lat' dir='ltr'><strong>Nullus</strong></span> <span class='ocrx_word' id='word_1_210' title='bbox 382 2913 488 2967; x_wconf 81' lang='lat' dir='ltr'><strong>eutem</strong></span> <span class='ocrx_word' id='word_1_211' title='bbox 501 2899 593 2976; x_wconf 80' lang='lat' dir='ltr'><strong>nlius,</strong></span> <span class='ocrx_word' id='word_1_212' title='bbox 607 2900 709 2988; x_wconf 88' lang='lat' dir='ltr'><strong>inquit</strong></span> <span class='ocrx_word' id='word_1_213' title='bbox 722 2899 912 2976; x_wconf 81' lang='lat' dir='ltr'><strong>Dominus,«</strong></span> <span class='ocrx_word' id='word_1_214' title='bbox 933 2911 1039 2989; x_wconf 83' lang='lat' dir='ltr'><strong>potest</strong></span> 
     </span>
     <span class='ocr_line' id='line_1_26' title="bbox 27 3006 1037 3099; baseline -0.002 -25"><span class='ocrx_word' id='word_1_215' title='bbox 27 3006 146 3076; x_wconf 74' lang='lat' dir='ltr'><strong>»utum</strong></span> <span class='ocrx_word' id='word_1_216' title='bbox 168 3009 268 3099; x_wconf 85' lang='lat' dir='ltr'><strong>pilum</strong></span> <span class='ocrx_word' id='word_1_217' title='bbox 284 3008 400 3083; x_wconf 84' lang='lat' dir='ltr'><strong>seoere,</strong></span> <span class='ocrx_word' id='word_1_218' title='bbox 416 3007 465 3073; x_wconf 86' lang='lat' dir='ltr'><strong>vel</strong></span> <span class='ocrx_word' id='word_1_219' title='bbox 479 3008 606 3097; x_wconf 79' lang='lat' dir='ltr'><strong>nigrum</strong></span> <span class='ocrx_word' id='word_1_220' title='bbox 614 3007 637 3072; x_wconf 91' lang='lat'><strong>².</strong></span> <span class='ocrx_word' id='word_1_221' title='bbox 653 3036 666 3068; x_wconf 71' lang='grc' dir='ltr'><strong>ι</strong></span> <span class='ocrx_word' id='word_1_222' title='bbox 681 3006 852 3086; x_wconf 91' lang='lat' dir='ltr'><strong>Quomodo</strong></span> <span class='ocrx_word' id='word_1_223' title='bbox 865 3029 943 3095; x_wconf 80' lang='lat' dir='ltr'><strong>ergo</strong></span> <span class='ocrx_word' id='word_1_224' title='bbox 957 3029 1037 3094; x_wconf 83' lang='lat' dir='ltr'><strong>opus</strong></span> 
     </span>
     <span class='ocr_line' id='line_1_27' title="bbox 28 3107 1039 3209; baseline -0.001 -25"><span class='ocrx_word' id='word_1_225' title='bbox 28 3115 83 3184; x_wconf 78' lang='lat' dir='ltr'><strong>Deo</strong></span> <span class='ocrx_word' id='word_1_226' title='bbox 93 3120 286 3188; x_wconf 79' lang='lat' dir='ltr'><strong>eontrarium</strong></span> <span class='ocrx_word' id='word_1_227' title='bbox 296 3119 503 3195; x_wconf 81' lang='lat' dir='ltr'><strong>fabricentur,</strong></span> <span class='ocrx_word' id='word_1_228' title='bbox 515 3107 564 3185; x_wconf 83' lang='lat' dir='ltr'><strong>vei</strong></span> <span class='ocrx_word' id='word_1_229' title='bbox 579 3119 687 3209; x_wconf 84' lang='lat' dir='ltr'><strong>potius</strong></span> <span class='ocrx_word' id='word_1_230' title='bbox 699 3119 728 3184; x_wconf 92' lang='lat' dir='ltr'><strong>ei</strong></span> <span class='ocrx_word' id='word_1_231' title='bbox 739 3117 897 3194; x_wconf 76' lang='lat' dir='ltr'><strong>adversari</strong></span> <span class='ocrx_word' id='word_1_232' title='bbox 909 3129 1039 3184; x_wconf 83' lang='lat' dir='ltr'><strong>eonten-</strong></span> 
     </span>
     <span class='ocr_line' id='line_1_28' title="bbox 28 3223 1037 3319; baseline 0.001 -28"><span class='ocrx_word' id='word_1_233' title='bbox 28 3223 95 3293; x_wconf 77' lang='lat' dir='ltr'><strong>tunt</strong></span> <span class='ocrx_word' id='word_1_234' title='bbox 108 3229 195 3319; x_wconf 92' lang='lat' dir='ltr'><strong>impii</strong></span> <span class='ocrx_word' id='word_1_235' title='bbox 211 3229 265 3316; x_wconf 92' lang='lat' dir='ltr'><strong>qui</strong></span> <span class='ocrx_word' id='word_1_236' title='bbox 287 3225 387 3317; x_wconf 93' lang='lat' dir='ltr'><strong>pilum</strong></span> <span class='ocrx_word' id='word_1_237' title='bbox 403 3240 612 3294; x_wconf 83' lang='lat' dir='ltr'><strong>transmutent</strong></span> <span class='ocrx_word' id='word_1_238' title='bbox 631 3229 686 3317; x_wconf 89' lang='lat' dir='ltr'><strong>qui</strong></span> <span class='ocrx_word' id='word_1_239' title='bbox 706 3230 747 3294; x_wconf 85' lang='lat' dir='ltr'><strong>ub</strong></span> <span class='ocrx_word' id='word_1_240' title='bbox 764 3250 803 3293; x_wconf 89' lang='lat' dir='ltr'><strong>eo</strong></span> <span class='ocrx_word' id='word_1_241' title='bbox 819 3249 917 3294; x_wconf 80' lang='lat' dir='ltr'><strong>oenus</strong></span> <span class='ocrx_word' id='word_1_242' title='bbox 937 3226 1037 3293; x_wconf 79' lang='lat' dir='ltr'><strong>iaetus</strong></span> 
     </span>
     <span class='ocr_line' id='line_1_29' title="bbox 27 3335 1037 3426; baseline 0 -24"><span class='ocrx_word' id='word_1_243' title='bbox 27 3337 88 3402; x_wconf 80' lang='lat' dir='ltr'><strong>esti</strong></span> <span class='ocrx_word' id='word_1_244' title='bbox 102 3364 115 3397; x_wconf 77' lang='lat' dir='ltr'><strong>r</strong></span> <span class='ocrx_word' id='word_1_245' title='bbox 130 3339 248 3404; x_wconf 89' lang='lat' dir='ltr'><strong>Senum</strong></span> <span class='ocrx_word' id='word_1_246' title='bbox 264 3350 370 3405; x_wconf 87' lang='lat' dir='ltr'><strong>autem</strong></span> <span class='ocrx_word' id='word_1_247' title='bbox 385 3339 519 3414; x_wconf 78' lang='lat' dir='ltr'><strong>euroni,</strong></span> <span class='ocrx_word' id='word_1_248' title='bbox 537 3337 647 3424; x_wconf 81' lang='lat' dir='ltr'><strong>inquit</strong></span> <span class='ocrx_word' id='word_1_249' title='bbox 661 3337 857 3426; x_wconf 73' lang='lat' dir='ltr'><strong>Scriptus-o,</strong></span> <span class='ocrx_word' id='word_1_250' title='bbox 876 3348 924 3401; x_wconf 86' lang='lat' dir='ltr'><strong>est</strong></span> <span class='ocrx_word' id='word_1_251' title='bbox 941 3335 1037 3402; x_wconf 84' lang='lat' dir='ltr'><strong>multe</strong></span> 
     </span>
     <span class='ocr_line' id='line_1_30' title="bbox 29 3445 1037 3536; baseline 0.001 -26"><span class='ocrx_word' id='word_1_252' title='bbox 29 3447 247 3536; x_wconf 81' lang='lat' dir='ltr'><strong>rexperientio³</strong></span> <span class='ocrx_word' id='word_1_253' title='bbox 265 3470 274 3512; x_wconf 74' lang='grc' dir='ltr'><strong>ε</strong></span> <span class='ocrx_word' id='word_1_254' title='bbox 291 3477 305 3510; x_wconf 73' lang='lat' dir='ltr'><strong>r</strong></span> <span class='ocrx_word' id='word_1_255' title='bbox 320 3460 352 3513; x_wconf 90' lang='lat' dir='ltr'><strong>et</strong></span> <span class='ocrx_word' id='word_1_256' title='bbox 371 3447 475 3514; x_wconf 86' lang='lat' dir='ltr'><strong>vultus</strong></span> <span class='ocrx_word' id='word_1_257' title='bbox 494 3469 604 3514; x_wconf 89' lang='lat' dir='ltr'><strong>eorum</strong></span> <span class='ocrx_word' id='word_1_258' title='bbox 617 3447 760 3522; x_wconf 81' lang='lat' dir='ltr'><strong>canities,</strong></span> <span class='ocrx_word' id='word_1_259' title='bbox 778 3445 836 3514; x_wconf 85' lang='lat' dir='ltr'><strong>ilos</strong></span> <span class='ocrx_word' id='word_1_260' title='bbox 860 3457 909 3512; x_wconf 81' lang='lat' dir='ltr'><strong>est</strong></span> <span class='ocrx_word' id='word_1_261' title='bbox 930 3445 1037 3512; x_wconf 81' lang='lat' dir='ltr'><strong>muitae</strong></span> 
     </span>
     <span class='ocr_line' id='line_1_31' title="bbox 28 3555 1035 3645; baseline 0.001 -24"><span class='ocrx_word' id='word_1_262' title='bbox 28 3557 219 3644; x_wconf 64' lang='lat' dir='ltr'><strong>experientiae.</strong></span> <span class='ocrx_word' id='word_1_263' title='bbox 231 3556 279 3623; x_wconf 88' lang='lat' dir='ltr'><strong>illi</strong></span> <span class='ocrx_word' id='word_1_264' title='bbox 290 3579 365 3623; x_wconf 82' lang='lat' dir='ltr'><strong>sero</strong></span> <span class='ocrx_word' id='word_1_265' title='bbox 375 3579 449 3621; x_wconf 92' lang='lat' dir='ltr'><strong>eum</strong></span> <span class='ocrx_word' id='word_1_266' title='bbox 464 3557 519 3645; x_wconf 90' lang='lat' dir='ltr'><strong>qui</strong></span> <span class='ocrx_word' id='word_1_267' title='bbox 529 3578 626 3623; x_wconf 83' lang='lat' dir='ltr'><strong>conos</strong></span> <span class='ocrx_word' id='word_1_268' title='bbox 643 3578 754 3620; x_wconf 90' lang='lat' dir='ltr'><strong>eorum</strong></span> <span class='ocrx_word' id='word_1_269' title='bbox 765 3555 869 3645; x_wconf 83' lang='lat' dir='ltr'><strong>tingit,</strong></span> <span class='ocrx_word' id='word_1_270' title='bbox 881 3555 964 3622; x_wconf 90' lang='lat' dir='ltr'><strong>unde</strong></span> <span class='ocrx_word' id='word_1_271' title='bbox 975 3555 1035 3624; x_wconf 85' lang='lat' dir='ltr'><strong>iliis</strong></span> 
     </span>
     <span class='ocr_line' id='line_1_32' title="bbox 30 3663 1035 3756; baseline -0.001 -23"><span class='ocrx_word' id='word_1_272' title='bbox 30 3667 168 3756; x_wconf 77' lang='lat' dir='ltr'><strong>prueipne</strong></span> <span class='ocrx_word' id='word_1_273' title='bbox 185 3668 367 3734; x_wconf 68' lang='lat' dir='ltr'><strong>reverentiae</strong></span> <span class='ocrx_word' id='word_1_274' title='bbox 380 3665 597 3756; x_wconf 71' lang='lat' dir='ltr'><strong>prerogativa,</strong></span> <span class='ocrx_word' id='word_1_275' title='bbox 613 3664 770 3732; x_wconf 81' lang='lat' dir='ltr'><strong>dedecore</strong></span> <span class='ocrx_word' id='word_1_276' title='bbox 785 3663 934 3732; x_wconf 79' lang='lat' dir='ltr'><strong>efficiunt.</strong></span> <span class='ocrx_word' id='word_1_277' title='bbox 951 3665 1035 3734; x_wconf 79' lang='lat' dir='ltr'><strong>Fieri</strong></span> 
     </span>
    </p>
   </div>
   <div class='ocr_carea' id='block_1_3' title="bbox 4 3773 1149 3867">
    <p class='ocr_par' dir='ltr' id='par_1_3' title="bbox 4 3773 1149 3867">
     <span class='ocr_line' id='line_1_33' title="bbox 4 3773 1149 3867; baseline 0.004 -27"><span class='ocrx_word' id='word_1_278' title='bbox 4 3815 5 3821; x_wconf 24' lang='grc' dir='ltr'><strong>κ</strong></span> <span class='ocrx_word' id='word_1_279' title='bbox 29 3783 122 3842; x_wconf 67' lang='lat' dir='ltr'><strong>mem</strong></span> <span class='ocrx_word' id='word_1_280' title='bbox 131 3799 193 3843; x_wconf 90' lang='lat' dir='ltr'><strong>non</strong></span> <span class='ocrx_word' id='word_1_281' title='bbox 204 3788 323 3867; x_wconf 87' lang='lat' dir='ltr'><strong>potest,</strong></span> <span class='ocrx_word' id='word_1_282' title='bbox 335 3799 400 3844; x_wconf 88' lang='lat' dir='ltr'><strong>non</strong></span> <span class='ocrx_word' id='word_1_283' title='bbox 411 3787 528 3867; x_wconf 83' lang='lat' dir='ltr'><strong>potest,</strong></span> <span class='ocrx_word' id='word_1_284' title='bbox 541 3773 765 3864; x_wconf 75' lang='lat' dir='ltr'><strong>inquom,iieri</strong></span> <span class='ocrx_word' id='word_1_285' title='bbox 775 3788 923 3856; x_wconf 79' lang='lat' dir='ltr'><strong>utremm</strong></span> <span class='ocrx_word' id='word_1_286' title='bbox 934 3789 1038 3845; x_wconf 84' lang='lat' dir='ltr'><strong>osten·</strong></span> <span class='ocrx_word' id='word_1_287' title='bbox 1142 3793 1149 3808; x_wconf 86' lang='lat'>&#39;</span> 
     </span>
    </p>
   </div>
   <div class='ocr_carea' id='block_1_4' title="bbox 57 3911 732 3986">
    <p class='ocr_par' dir='ltr' id='par_1_4' title="bbox 57 3911 732 3986">
     <span class='ocr_line' id='line_1_34' title="bbox 57 3911 732 3986; baseline -0.001 -20"><span class='ocrx_word' id='word_1_288' title='bbox 57 3911 130 3969; x_wconf 69' lang='lat' dir='ltr'><strong>*Dm</strong></span> <span class='ocrx_word' id='word_1_289' title='bbox 141 3935 185 3979; x_wconf 84' lang='lat' dir='ltr'><strong>ru,</strong></span> <span class='ocrx_word' id='word_1_290' title='bbox 193 3936 218 3986; x_wconf 85' lang='lat'><strong>9.</strong></span> <span class='ocrx_word' id='word_1_291' title='bbox 230 3947 261 3960; x_wconf 93' lang='lat'>-</span> <span class='ocrx_word' id='word_1_292' title='bbox 271 3917 283 3954; x_wconf 89' lang='lat'><em>²</em></span> <span class='ocrx_word' id='word_1_293' title='bbox 295 3917 388 3972; x_wconf 74' lang='lat' dir='ltr'><strong>Mettis.</strong></span> <span class='ocrx_word' id='word_1_294' title='bbox 400 3934 424 3980; x_wconf 81' lang='lat' dir='ltr'><strong>r,</strong></span> <span class='ocrx_word' id='word_1_295' title='bbox 435 3917 475 3969; x_wconf 75' lang='grc'><strong>36.</strong></span> <span class='ocrx_word' id='word_1_296' title='bbox 486 3945 516 3957; x_wconf 89' lang='grc'>-</span> <span class='ocrx_word' id='word_1_297' title='bbox 529 3914 629 3972; x_wconf 62' lang='lat' dir='ltr'><strong>tmere</strong></span> <span class='ocrx_word' id='word_1_298' title='bbox 641 3931 699 3979; x_wconf 80' lang='lat' dir='ltr'><strong>xxv,</strong></span> <span class='ocrx_word' id='word_1_299' title='bbox 708 3915 732 3966; x_wconf 82' lang='lat'><strong>6.</strong></span> 
     </span>
    </p>
   </div>
   <div class='ocr_carea' id='block_1_5' title="bbox 0 0 1234 4602">
    <p class='ocr_par' dir='ltr' id='par_1_5' title="bbox 0 0 1234 4602">
     <span class='ocr_line' id='line_1_35' title="bbox 0 0 1234 4602; baseline 0 0"><span class='ocrx_word' id='word_1_300' title='bbox 0 0 1234 4602; x_wconf 95' lang='lat' dir='ltr'><strong> </strong></span> 
     </span>
    </p>
   </div>
  </div>
 </body>
</html>
