2478 4594
385 257 575 306 aracusrnu
597 257 659 304 nra.
686 257 741 304 vu.
1019 237 1081 326 509

1 407 3 445 i
40 375 152 446 Mum
167 400 232 446 non
246 378 366 470 tangit,
386 381 441 468 qui
458 390 530 448 ante
550 381 663 454 mundi¹
677 379 937 446 constitutionem
949 377 1009 446 luit
1022 380 1084 452 Pa-

1 532 2 538 1
44 487 107 552 tris
123 487 319 554 consiliarius
331 513 339 555 ε
353 486 422 554 hec
436 488 601 555 eratenim
613 487 767 578 sapientia
782 510 840 575 quo
852 488 937 554 Deus
954 487 1086 554 delecto-

44 594 161 660 batur¹
178 597 388 685 omnipotens.
407 595 466 662 Dei
475 597 563 662 enim
576 596 672 662 virtus
685 595 749 663 sive
756 605 896 685 potestas
907 607 955 662 est
966 591 1084 672 Filius,

41 713 159 792 utpote
175 713 248 769 ante
260 705 367 770 omnia
382 727 454 791 quae
473 715 547 768 sunt
565 705 689 793 genita,
708 704 810 793 Leges
829 704 926 792 patris
950 704 1086 770 maxime

40 794 250 900 principalis,
266 821 299 877 et
309 813 380 902 ejus
392 811 555 901 sapientia.
571 812 636 895 Qui
650 824 683 877 et
697 812 825 900 proprie
839 811 936 884 etiam
953 811 1016 877 diei
1030 834 1086 901 po-

40 918 123 983 terit
130 919 279 1008 magister
288 941 402 988 corum
412 919 465 1007 qui
475 943 532 1007 per
544 919 649 1010 ipsum
664 929 738 984 sunt
748 919 883 986 formati.
902 919 967 986 Sed
982 941 1086 1006 neque

1 1099 7 1113 Ἴ.
42 1027 91 1092 ab
103 1026 378 1117 aliquavoluptate
394 1029 589 1104 abstractus,
604 1025 754 1116 relinquit
766 1027 1086 1114 unquamlrominum
1137 1093 1142 1100 ,

41 1155 178 1210 curam,
195 1135 249 1222 qui
258 1156 334 1200 cum
341 1135 530 1223 suscepisset
539 1156 668 1201 carnem
676 1158 746 1223 quae
755 1145 865 1201 natura
874 1134 977 1224 genita
985 1135 1087 1201 iuerat

1 1293 3 1329 ζ
40 1240 206 1330 patibilis,
219 1241 259 1308 ad
270 1241 509 1330 impatibilitatis
521 1241 745 1310 habitumeam
757 1241 903 1307 erudivit.
916 1241 1087 1321 Quomodo

40 1359 158 1415 autem
169 1359 218 1414 est
229 1349 377 1414 Servator
387 1360 419 1414 et
431 1349 603 1422 Dominus.
616 1349 641 1415 si
654 1373 719 1416 non
727 1361 774 1416 est
782 1349 926 1415 omnium
938 1349 1087 1415 Servator

4 1522 6 1527 a
41 1455 1085 1546 etDominusi’Sedestquidemservatoaeorumquierediderunt,

41 1573 215 1651 propterea
224 1564 309 1650 quod
319 1563 401 1629 seire
411 1561 568 1630 voluerint
578 1589 585 1630 ε
596 1587 710 1630 eorum
723 1578 829 1631 autem
842 1565 973 1653 quinon
986 1564 1088 1630 credi-

1 1739 7 1747 ,
42 1667 164 1734 derunt
179 1680 226 1734 est
241 1670 396 1750 Dominus
408 1694 572 1760 quousque
584 1671 731 1738 confiteri
746 1671 906 1748 valentes,
925 1672 1086 1762 propriam

1 1757 7 1776 ι
41 1787 80 1841 et
88 1778 133 1842 eis
142 1779 383 1843 convenientem
391 1779 431 1844 ab
439 1779 507 1868 ipso
516 1780 697 1866 acceperint
709 1778 963 1848 beneficentiam.
975 1778 1087 1844 Omnis

42 1885 293 1952 nutemDomini
301 1884 810 1972 operatio,relationemhalsetad
817 1885 1086 1974 omnipotentem,

43 2005 83 2059 et
94 1991 250 2059 estFilius
265 2004 395 2082 patema
409 1993 572 2080 medam,
589 2005 624 2058 ut
638 1993 815 2070 indicam,
832 1993 984 2083 operatio.
997 1995 1086 2062 Nun-

43 2124 147 2190 quam
159 2123 235 2190 ergo
249 2100 397 2167 Servatm
407 2097 505 2166 habet
517 2100 590 2166 odio
600 2098 764 2177 homines,
780 2101 834 2190 qui
845 2123 882 2167 ex
895 2098 1087 2191 praecellenti
1156 2161 1161 2169 .

0 2294 2 2297 v
45 2208 83 2274 in
98 2208 245 2274 homines
261 2206 434 2285 charitate,
458 2231 522 2274 non
540 2206 683 2297 despexit
699 2208 812 2274 carariav
822 2207 968 2275 humanae
983 2209 1087 2276 imbe-

1 2394 2 2406 χ
45 2314 236 2393 cillitatem‚
252 2313 356 2382 sedes
367 2315 517 2392 indutus,
534 2315 576 2381 ad
592 2337 799 2381 communem
813 2317 900 2412 venit
917 2316 1085 2384 hominum

1 2418 4 2432 ¹
43 2422 205 2491 salutem:
223 2435 270 2490 est
296 2423 382 2489 enim
402 2423 581 2489 communis
600 2422 680 2488 fides
700 2445 812 2489 eorum
834 2423 888 2511 qui
907 2422 1080 2513 elegerunt.

1 2523 3 2596 Ῐ
42 2531 113 2600 Sed
127 2553 233 2619 neque
250 2531 414 2620 proprium
436 2551 516 2620 opus
531 2553 672 2619 unquam
695 2529 851 2620 negliget,
872 2531 958 2620 quod
974 2530 1031 2596 soli
1047 2553 1087 2596 ex

1 2722 2 2728 ἵ
41 2637 113 2706 aliis
129 2637 316 2706 animalibus
330 2638 453 2712 homini
464 2639 579 2704 mentis
598 2638 761 2728 perceptio
773 2638 872 2706 indita
889 2639 930 2704 sit
946 2640 979 2705 in
995 2661 1088 2705 crea-

1 2737 2 2742 *
42 2747 134 2813 tione
154 2747 236 2812 Deir
260 2769 364 2833 neque
386 2743 447 2812 alia
469 2745 583 2812 melior
604 2757 637 2812 et
655 2745 894 2812 convenientior
914 2745 1085 2813 homiuum

42 2853 277 2920 administratio
298 2853 365 2919 Deo
387 2853 468 2930 erit,
493 2876 590 2940 mam
612 2877 682 2942 quae
703 2863 752 2918 est
774 2853 929 2920 ordinata.
950 2855 1085 2944 Semper

41 2983 125 3050 ergo
147 2959 295 3026 convenit
312 2959 341 3023 ei
359 2959 444 3046 quod
462 2972 510 3026 est
534 2960 712 3026 secundum
740 2973 887 3028 naturam
910 2959 1023 3026 melius
1045 2983 1084 3027 ec

41 3067 265 3158 praestantius,
278 3075 313 3129 ut
324 3067 429 3153 praesit
442 3067 472 3130 ei
484 3068 569 3154 quod
583 3080 632 3133 est
644 3067 802 3145 deterius,
817 3078 850 3133 et
870 3079 905 3132 ut
919 3067 949 3133 ei
965 3069 1018 3157 qui
1032 3067 1085 3134 ali-

42 3174 126 3265 quid
146 3171 230 3242 valet
247 3169 399 3262 praeclare
424 3195 531 3261 regere
558 3173 651 3240 detur
674 3176 744 3263 ejus
767 3174 1008 3242 administratio.
1029 3177 1085 3242 Est

43 3281 200 3350 autemid
214 3281 386 3368 quodvere
397 3279 477 3369 regit
492 3292 524 3348 et
542 3293 672 3371 praeest,
697 3281 820 3348 divinus
835 3282 938 3372 Logos
957 3295 990 3348 et
1015 3284 1084 3373 ejus

43 3389 276 3466 Providentia,
299 3411 370 3476 quae
390 3387 496 3453 omnia
518 3387 646 3477 quidem
665 3390 828 3465 observat,
844 3387 961 3456 nullius
976 3403 1082 3459 autem

42 3498 137 3566 exiis
152 3497 206 3586 qui
222 3494 347 3563 adeam
365 3496 525 3585 pertinent
548 3495 684 3585 despicit
704 3496 914 3564 curationem.
933 3497 959 3563 li
976 3509 1080 3565 autem

43 3607 101 3696 qui
118 3605 158 3672 ad
180 3605 284 3694 ipsum
305 3587 482 3692 pertinere,
506 3613 539 3670 et
562 3603 592 3668 ei
614 3627 682 3670 esso
708 3603 872 3691 conjuncti
896 3602 1078 3694 elegerunt,

44 3722 143 3780 erunt
164 3711 219 3800 qui
248 3731 305 3800 per
327 3709 427 3780 iidem
448 3711 624 3780 initiantur.
650 3711 713 3779 llic
734 3710 877 3780 omnium
900 3713 1079 3789 bonorum,

86 3868 96 3895 ¹
108 3875 180 3924 eron
192 3885 257 3928 vrrs,
274 3866 318 3922 do.
