2614 4628
317 307 514 355 cononrnrro
540 309 578 350 nn
600 305 729 352 csnrss.
969 287 1037 355 '125

30 417 68 486 bx
85 417 191 483 mnndi
210 415 420 487 vitam-nobis
435 416 584 504 inprime
600 418 759 482 creatione
775 417 876 494 dedit,
896 441 1041 511 praecep-

30 529 90 596 toris
102 527 212 594 babitu
232 543 376 620 sumpto.
390 536 471 598 bene
486 527 611 592 vivendi
622 527 778 593 rationem
790 551 848 592 nos
864 527 986 606 docuit,
1007 541 1043 597 ut

30 651 118 730 postes
133 653 289 728 tanquam
302 643 387 708 Deus
401 652 552 707 aeternnm
564 638 660 702 vitam
672 635 832 727 largiatur.
848 639 877 704 ls
888 657 963 706 vero
978 661 1043 710 non

32 765 68 816 st
79 774 160 818 nunc
174 751 320 838 primum
341 751 457 816 erroris
471 747 572 816 nostri
586 749 746 820 misertus,
765 748 821 813 sed
836 747 911 816 olim
928 777 945 817 n
960 754 1043 841 prin·

32 859 98 947 cipio
116 859 227 924 mundi
247 884 256 924 :
274 883 364 926 nunc
384 881 459 925 vero
482 857 611 924 tandem
633 878 800 945 apperens,
825 859 981 946 perituros
1007 887 1047 928 cr

33 969 156 1034 bucibus
167 968 255 1033 exitii
267 967 427 1034 liberavit.
440 967 520 1034 Nam
532 966 565 1032 in
581 965 668 1030 bunc
686 987 785 1052 usquc
795 966 880 1032 diem
893 969 1047 1059 malignus

33 1078 74 1144 illc
87 1101 209 1167 serpens
231 1079 416 1144 humanum
436 1099 536 1167 genus
553 1074 715 1163 praestigiis
733 1076 797 1140 suis
825 1077 858 1141 in
880 1090 1050 1146 contume-

33 1187 126 1254 liossm
139 1201 171 1254 et
185 1189 343 1256 miseram
355 1187 540 1254 servitutem
556 1186 686 1252 abducit
694 1210 704 1257 ;
719 1186 869 1274 saevitque
884 1187 917 1253 in
932 1214 998 1268 eos,
1016 1206 1052 1257 ut

35 1301 70 1364 its
82 1298 189 1374 dcem,
207 1301 424 1365 barbarorum
439 1297 517 1372 ritu,
533 1296 588 1384 qui
604 1296 745 1384 captivos
760 1319 833 1361 suos
852 1311 1052 1367 mortuorum

38 1407 235 1484 cadaveribus,
250 1410 359 1474 donec
375 1432 438 1472 nnn
450 1418 645 1494 putrescunt,
657 1402 784 1494 alligare
798 1405 953 1477 seruntur.
968 1411 1053 1479 Dum

40 1520 111 1584 culm
121 1541 343 1608 quoscumque
356 1541 373 1582 a
387 1516 436 1580 sui
452 1528 540 1580 ortus
556 1515 713 1605 principio
722 1515 762 1580 ad
773 1519 917 1607 proprias
929 1521 1055 1588 trahere

43 1640 131 1717 portes
149 1625 241 1721 ualet,
263 1625 406 1694 crudelis
425 1624 478 1690 ille
495 1638 647 1713 tyrannus
663 1636 695 1689 et
711 1649 841 1714 serpens
863 1630 904 1695 ad
924 1629 1056 1720 lapides,

45 1735 127 1824 ligna,
144 1749 272 1810 statues,
294 1734 480 1823 reliquaque
497 1733 580 1799 idola
601 1735 717 1801 misero
735 1739 966 1826 superstitionis
990 1745 1059 1810 vin-

48 1843 110 1912 cnlo
131 1848 325 1936 constringit,
345 1869 412 1910 non
433 1844 635 1911 incommode
652 1847 769 1914 dicitur
787 1849 873 1917 vivos
893 1857 1056 1921 communi

50 1955 162 2020 tumulo
171 1957 293 2032 inlerre,
307 1957 410 2024 donec
423 1981 485 2022 una
497 1954 642 2023 cumillis
654 1959 821 2027 intereant.
838 1961 1056 2042 Quamobrem

56 2063 147 2130 Evam
166 2063 237 2130 olim
253 2067 346 2151 [unus
367 2065 487 2131 etenim
502 2064 649 2152 idemque
670 2069 819 2134 seductor
836 2075 919 2162 est),
936 2087 967 2139 et
984 2073 1059 2142 alios

59 2195 137 2236 nunc
151 2171 285 2240 homines
298 2175 327 2240 in
341 2186 481 2240 mortem
492 2173 592 2239 ducit.
607 2174 696 2240 Unus
712 2176 821 2243 itidem
832 2181 924 2246 nobis
936 2184 1062 2272 adjutor

58 2294 88 2347 et
104 2281 204 2350 n'udet
217 2295 262 2349 cst
274 2285 443 2359 Dominus,
460 2283 515 2371 qui
530 2280 666 2348 salutem
683 2307 700 2348 a
714 2285 869 2374 principio
880 2291 1065 2380 prophetico

55 2395 267 2479 prenuntinrit,
278 2406 313 2460 et
326 2417 417 2460 nunc
427 2394 467 2460 nd
483 2417 554 2459 enm
570 2393 827 2482 consequendam
842 2413 949 2488 operte
965 2425 1002 2468 ae
1015 2430 1069 2494 pa·

53 2499 108 2568 lnm
123 2502 237 2572 inritet.
251 2505 425 2594 Fugiamus
437 2504 546 2593 igitur,
562 2502 707 2591 Apostoli
718 2519 880 2597 praecepto
894 2512 1068 2600 obsequen-

52 2625 105 2689 tes,
121 2618 321 2706 «principem
341 2614 506 2708 potestatis
529 2613 609 2680 cittis
630 2614 739 2701 hujus,
763 2618 891 2707 spiritus
911 2622 965 2709 qui
983 2645 1070 2691 nunc

52 2738 212 2813 »operatur
222 2729 255 2793 in
263 2722 546 2824 liliosdiffidentie¹
558 2746 567 2788 z
578 2725 682 2789 retad
688 2725 860 2794 Dominum
868 2728 1068 2800 servatorem

52 2836 273 2926 confingimus,
297 2839 352 2926 qui
372 2860 429 2924 per
449 2835 591 2924 prodigia
611 2846 644 2900 ot
667 2835 754 2925 signe
778 2861 851 2904 cum
870 2840 903 2906 in
919 2839 1068 2934 AEgypto,

51 2955 112 3010 tum
122 2947 217 3013 etism
228 2948 262 3012 in
273 2946 413 3018 deserto,
426 2956 459 3010 et
473 2967 530 3034 per
544 2945 675 3021 rubum,
692 2958 725 3012 et
738 2952 870 3027 nubem,
884 2973 955 3038 quse
967 2953 1073 3019 divina
1114 2961 1119 2970 '

50 3053 140 3142 gretia
152 3053 320 3132 llebraeos,
338 3053 423 3121 velut
440 3051 552 3121 ancilla
569 3051 728 3143 quaedam,
745 3063 951 3148 sequebatur,
967 3064 1008 3129 ed
1023 3087 1074 3129 sn-

51 3161 141 3232 tutem
154 3167 279 3234 invitat.
299 3166 458 3232 Gaeterum
475 3175 681 3231 contumaees
696 3167 823 3256 quidem
840 3182 872 3235 et
884 3171 956 3235 duri
972 3173 1075 3238 cordis

51 3273 188 3343 hemines
206 3289 296 3344 metu
317 3272 450 3364 impellit
472 3295 480 3336 :
506 3269 581 3338 elios
606 3297 695 3352 vero,
718 3278 772 3365 qui
799 3279 929 3344 auribus
953 3282 1074 3368 praediti

52 3398 131 3461 sunt,
156 3411 213 3476 per
230 3387 353 3452 Mesem
380 3384 469 3452 illum
490 3383 651 3471 sapientise
673 3387 777 3452 omnis
798 3389 997 3478 magistrum,
1019 3419 1076 3484 pcr

54 3491 172 3560 haiam
183 3496 323 3562 veritatis
340 3493 510 3571 cultorem,
525 3503 557 3557 et
573 3517 631 3583 per
646 3507 751 3562 totum
769 3499 991 3589 propheticum
1002 3506 1075 3572 cbo-

55 3624 120 3669 rum
134 3606 233 3695 magis
256 3605 403 3692 rationali
429 3604 581 3672 methodo
609 3608 648 3673 cd
672 3607 839 3675 Rationem
862 3635 917 3677 seu
936 3613 1077 3683 Verbum

56 3717 214 3782 convertit.
242 3715 423 3806 Aliquando
446 3715 598 3782 conviciis
620 3717 721 3782 utitur
745 3741 754 3782 ε
775 3731 821 3784 est
844 3722 898 3788 ubi
920 3734 952 3788 et
972 3725 1075 3790 minis.

59 3821 211 3893 dosidem
224 3827 337 3904 delict,
352 3824 422 3894 illos
434 3837 531 3893 centu
546 3824 707 3900 demulcet
721 3849 729 3892 :
745 3826 839 3894 veluti
851 3832 972 3920 sepiens
983 3831 1081 3898 medi·

91 3951 196 4019 ¹prrs.
208 3975 238 4018 n,
254 3976 275 4006 ι.
