2522 4608
326 293 521 350 rnoauoona,
545 293 606 340 ura.
634 295 670 340 ιι.
958 279 1020 364 567

25 420 152 512 negiu&
173 419 319 512 ‚urgeas
336 421 413 488 dicit
430 431 583 496 terrenas,
598 417 748 488 mortales
766 441 806 488 ac
826 423 1023 512 corruptibi-

22 533 67 609 lea,
80 532 128 598 obi
142 545 187 597 est
202 555 281 598 vanu
299 531 422 598 bonesti
442 531 561 621 opinio,
574 531 676 598 inania
694 530 802 622 gloriar
816 534 961 612 ambitio,
974 559 1023 602 er-

22 665 63 708 ror
73 654 102 707 et
115 640 254 709 adulatio.
274 641 339 721 Qui
354 639 458 708 aulam
474 653 582 710 antem
598 640 760 709 coeleatem
772 641 933 722 incolunt,
949 670 1021 737 qnae

21 765 57 818 est
69 754 141 819 eirca
162 754 306 820 omnium
320 751 452 841 Regem,
469 750 745 842 incorruptibilem
760 755 872 821 animae
887 767 1020 836 vastem,

22 887 112 953 nempe
124 885 260 940 carnem,
277 862 529 940 sanctificantur,
544 875 578 930 et
600 865 661 931 bau
677 865 799 933 ratione
814 867 952 938 induunt
971 869 1022 934 in-

22 975 235 1062 corruptionem.
265 972 547 1054 Quemadmodum
564 997 640 1063 ergo
659 997 729 1064 quae
747 998 812 1042 non
838 978 943 1052 nubit,
964 977 1023 1045 soli

22 1083 74 1150 llro
82 1085 276 1174 datoperam,
288 1096 321 1150 et
332 1085 403 1172 ejus
414 1106 491 1150 curu
503 1107 569 1150 non
588 1083 756 1160 dividitur;
769 1087 883 1175 pudico
900 1101 1020 1168 autem,

22 1217 76 1283 qua
91 1195 199 1284 nupsit,
222 1196 320 1261 vitam
342 1217 419 1260 cum
440 1193 508 1259 Deo
531 1205 564 1258 et
584 1215 660 1260 cum
678 1194 792 1260 marito
808 1195 932 1272 dividit3
951 1221 1022 1286 quae

23 1315 105 1371 autem
119 1303 203 1371 aliter
220 1304 336 1381 fertur,
356 1315 423 1369 tota
443 1303 595 1393 conjugii,
611 1303 673 1370 boc
690 1315 750 1381 eat,
763 1305 842 1383 vitii,
860 1305 1017 1375 efficitur:

23 1413 109 1480 eodem
118 1415 207 1481 modo
218 1415 337 1505 pudica
348 1412 477 1489 mulier,
490 1424 526 1477 ut
537 1435 596 1502 ego
607 1413 736 1502 quidem
746 1415 860 1493 sentio,
875 1439 946 1505 quae
957 1442 1023 1485 ma·

23 1525 69 1588 rito
80 1524 124 1590 dat
136 1547 274 1614 operam,
293 1526 418 1591 sincere
431 1524 537 1590 Deum
552 1523 641 1596 oolitt
656 1547 727 1614 quae
748 1537 854 1591 autem
870 1527 1023 1595 immode-

23 1645 74 1700 rato
84 1646 199 1702 ornatus
214 1635 322 1701 studio
336 1647 477 1711 tenetur,
493 1645 526 1698 et
540 1657 557 1698 a
572 1634 640 1700 Deo
658 1645 691 1700 et
704 1656 722 1699 a
737 1636 855 1723 pudico
870 1639 1021 1729 conjugio

24 1745 123 1820 excidit,
135 1757 244 1835 utquae
255 1745 411 1812 maritum
422 1757 610 1810 ornamento
620 1749 791 1833 perrbutet.
808 1732 1023 1838 Quemadmog

23 1851 83 1920 tum
95 1853 192 1944 Argiva
206 1852 259 1922 illa
274 1852 442 1929 meretrix,
458 1851 611 1942 Eriphyle
624 1854 768 1941 inquam,

105 2022 163 2078 turi
172 2041 232 2100 quar
246 2021 379 2102 pretium
391 2003 514 2099 sumpsit
529 2039 586 2099 pro
598 2019 724 2101 conjuge
738 2041 816 2083 carc.

25 2145 155 2224 Quocirca
175 2149 270 2216 Caum
294 2148 469 2237 sophistam
491 2151 564 2238 jure
585 2150 741 2238 approbo,
766 2150 822 2238 qui
841 2152 964 2219 virtutis
989 2167 1023 2222 ot

23 2255 196 2344 inprobitatis
209 2274 302 2350 aptas
323 2259 474 2326 describit
489 2257 683 2349 imagines²:
701 2281 835 2348 quarum
850 2261 935 2330 bano
950 2265 1022 2351 qui-

25 2364 83 2434 den
101 2366 163 2434 facit
193 2367 382 2459 simpliciter
404 2380 561 2445 stantem,
597 2367 730 2435 candida
760 2382 846 2436 veste
877 2371 1023 2442 indutum

25 2487 50 2539 et
64 2499 165 2565 parurn,
179 2503 297 2570 nempe
312 2479 476 2556 uirtutem,
492 2477 557 2544 sola
574 2479 765 2546 verecundia
787 2491 932 2548 ornatam
957 2482 1024 2569 (ta.

23 2579 71 2648 leur
88 2609 143 2654 uae
162 2601 288 2679 oportet
310 2587 438 2656 fidelem
461 2586 647 2664 mulierem,
670 2611 786 2678 nempe
808 2589 924 2656 virtute
945 2613 1023 2680 prae·

23 2692 98 2762 ditan
114 2719 180 2766 cum
193 2699 386 2766 verecundia
401 2701 436 2788 );
453 2696 585 2766 alteram
608 2709 717 2764 autem
740 2711 851 2768 contra
874 2700 1021 2778 inducit,

23 2825 111 2896 nunpe
124 2809 371 2899 improbitatem,
391 2807 549 2897 superfluo
571 2809 700 2896 quidem
714 2821 747 2874 et
766 2810 852 2898 varia
870 2822 956 2880 veste
975 2811 1021 2881 in·

25 2912 117 2993 lutam,
132 2917 228 2988 alieno
245 2929 353 2987 autem
368 2917 476 2985 colore
490 2917 703 2994 exultantem
721 2932 889 3010 motusque
904 2923 974 3010 ejus
989 2935 1022 2988 et

24 3020 122 3094 labitur
137 3042 338 3122 comparatus
354 3027 395 3095 ad
413 3026 656 3096 delectationem
671 3029 875 3108 describitur,
891 3054 958 3097 non
969 3055 1022 3097 se-

24 3155 67 3201 cut
81 3161 112 3206 ac
128 3141 310 3210 meretricia.
339 3140 402 3221 Qui
424 3163 501 3230 ergo
522 3141 631 3231 Logon
656 3143 811 3230 requitur,
834 3140 912 3209 nulli
935 3143 1021 3233 turpi

24 3242 145 3336 rotuputi
159 3249 333 3318 adbaerebit
352 3272 360 3313 :
380 3260 413 3314 et
427 3248 500 3317 ideo
515 3250 602 3337 quod
616 3251 649 3316 iu
664 3262 751 3316 veste
775 3273 867 3316 usum
887 3252 1020 3338 praebet,
1074 3281 1078 3290 ·

23 3356 220 3440 putendum
234 3373 293 3428 eat.
315 3359 412 3440 Quod
429 3361 456 3426 ai
471 3359 573 3450 Logoa
588 3360 652 3426 boc
667 3358 765 3434 canit,
783 3381 841 3446 per
855 3356 958 3424 David
972 3357 1022 3424 di-

24 3484 83 3533 catu
95 3469 127 3536 de
138 3471 272 3541 Domino
284 3495 293 3538 ι
307 3449 576 3539 ‹lielectaverunt
590 3485 622 3535 te
634 3467 707 3536 filiae
717 3489 830 3558 regum
839 3468 874 3533 in
884 3467 1017 3536 bonore.

24 3573 130 3644 »latitit
143 3583 246 3672 regina
258 3607 277 3650 a
288 3580 405 3648 dextris
416 3580 478 3646 tuis
489 3580 521 3645 in
533 3578 649 3645 vestitu
661 3576 827 3651 deaurato,
842 3589 874 3642 et
885 3575 1019 3646 fimbriis

24 3691 126 3756 taureis
136 3691 390 3762 circumamicta¹
407 3715 414 3757 :
429 3689 624 3763 »hisverbis,
635 3684 928 3754 nonluxurioaaaoc
939 3685 1020 3758 deli·

23 3795 1019 3893 nuatutes,aedintegrumaoincorruptum,exlidccontextum

49 3945 116 4002 ιιιι.
128 3969 168 4016 m,
180 3959 215 4006 ιι.
226 3984 257 3996 -
268 3955 281 3991 ²
293 3955 357 4006 vno
369 3953 401 4003 o.
414 3943 526 4016 oanan,
537 3968 563 4017 p.
574 3913 629 4010 tie.
643 3947 908 4016 -1Psat.m,u,9.
