2478 4594
234 253 297 332 ²54
545 278 719 323 cmuarrts
744 275 946 322 sanaroruru

212 453 222 469 ,
289 391 293 398 '
331 398 447 475 Iniusta
459 397 647 478 nniia‚justa
664 418 732 478 quae
746 401 838 461 modo
849 397 1057 478 sunt,piaoent.

330 497 510 559 Feliciorem
524 499 635 560 dooere
650 499 731 561 huno
741 503 834 561 ritem
845 501 929 572 sinit,

331 600 392 674 Qui
408 609 495 659 noete
508 611 635 671 terram,
653 605 706 680 qui
719 602 768 661 die
783 599 900 660 assiduo
914 597 993 659 coiit.

332 701 396 760 Deo
410 702 575 776 sacrifices,
588 704 667 781 aequi
678 702 716 762 ad
725 715 891 762 extremum
907 712 1013 770 tenax,

330 801 367 858 Ut
382 812 464 860 reste
480 803 593 862 munda
605 802 781 882 splendidus
794 844 804 876 ,
820 803 861 862 sie
877 792 1005 882 pectore.

334 901 369 958 At
380 918 451 959 eom
466 902 599 976 tonabit,
614 904 705 976 siste,
721 921 776 963 neo
787 900 896 984 parido
912 899 1002 980 gradu

329 1001 443 1079 Fugam
455 1020 576 1081 capesse
588 1003 753 1081 ,quamdiu
770 1003 813 1060 nil
824 1003 962 1061 conscius

337 1101 407 1180 lpse
420 1101 475 1161 tibi
490 1103 598 1162 fueris:
612 1113 642 1162 te
654 1107 733 1163 Deus
744 1120 874 1182 praeseos
889 1100 980 1160 ridet.

230 1251 346 1320 Adiuro
363 1265 392 1320 te
407 1257 558 1343 loquente,
578 1257 681 1346 inquit
697 1256 877 1346 Scriptum,
894 1253 1009 1330 dimin,
1027 1251 1094 1318 Eoo
1106 1251 1182 1317 aed.

230 1361 384 1430 Praeterea
396 1363 541 1454 Diphilus
553 1365 696 1431 oomious
707 1364 775 1432 haec
785 1363 883 1430 habet
894 1362 935 1428 de
950 1361 1087 1428 Judieio:

334 1514 465 1572 Putasne
479 1533 550 1574 vero
562 1525 720 1586 mortuos,
736 1515 893 1582 Nicerate‚

332 1613 426 1688 Queis
438 1617 537 1674 omnis
551 1635 674 1674 omnem
688 1616 771 1674 fluxit
785 1617 814 1672 iu
830 1612 936 1672 luxum
950 1612 1029 1682 dies,

332 1711 470 1770 Potuisse
481 1711 602 1771 latebris
617 1713 721 1790 ingere
735 1711 862 1791 captatis
874 1707 995 1767 Deum?

334 1807 387 1865 Est
401 1807 505 1866 oouius
517 1808 585 1879 iiie,
602 1820 664 1880 est,
677 1817 785 1868 onneta
794 1809 846 1884 qui
854 1807 954 1885 justus
968 1803 1054 1862 ridet.

336 1907 430 1978 Duae,
448 1917 480 1964 ut
491 1909 666 1979 statuimus,
684 1909 795 1967 inferos
806 1917 907 1965 secant
922 1907 998 1978 νίκη

337 2007 421 2066 Patet
437 2023 495 2066 una
508 2009 615 2080 uastis,
628 2007 719 2067 altera
733 2007 875 2066 scelestos
887 2014 1000 2064 maaet.

333 2106 479 2181 Quamvis
490 2107 639 2187 protendo
654 2125 773 2188 semper
783 2107 932 2166 inclusum
946 2107 1012 2165 sino

332 2205 498 2283 Utrumque
512 2216 588 2266 terra
604 2215 711 2265 teneat.
726 2207 757 2277 1,
774 2207 867 2284 rapias
880 2203 970 2274 lieet,

334 2305 463 2381 Furere,
477 2304 609 2386 spolies,
625 2307 761 2365 misceas.
776 2307 879 2376 Erras,
894 2322 991 2363 eave:

332 2407 400 2478 Est,
419 2417 464 2465 est
477 2405 532 2466 sub
548 2405 607 2464 aito
621 2407 690 2464 Dite
700 2405 845 2483 judicium
860 2423 974 2484 super,

335 2507 392 2565 Cui
409 2523 535 2584 magnus
553 2505 632 2566 orbis
650 2507 796 2565 Dominus
808 2507 964 2565 aoliector
976 2513 1087 2585 preest,

335 2606 430 2683 Cuius
444 2605 490 2672 rei
501 2608 601 2684 ipsum
613 2625 724 2666 nomen
738 2605 820 2664 effari
834 2603 942 2664 horreo
951 2605 969 2677 ,’

331 2704 454 2783 Quique
469 2707 642 2766 diuturnam
656 2705 793 2766 sontibus
805 2705 895 2764 ritem
908 2703 1010 2762 trahit.

330 2804 423 2879 Quod
440 2808 463 2866 si
478 2809 542 2884 quis
559 2809 641 2867 omni
656 2807 768 2866 soeiera
783 2807 904 2866 molitus
915 2805 988 2878 dio,

333 2905 468 2985 Superos
477 2907 569 2966 latere
582 2907 691 2979 eredit,
704 2909 729 2966 ia
739 2925 852 2967 norum
865 2904 962 2966 melus

332 3005 395 3066 sibi
412 3007 589 3088 persuadet,
603 3009 683 3087 justa
693 3007 774 3085 quod
786 3007 868 3090 ieuto
882 3024 991 3065 manus

329 3107 464 3166 Pendere
475 3107 571 3168 soieat
581 3111 656 3168 otio.
674 3109 854 3186 utquisquIs
870 3109 969 3165 Deum

269 3203 275 3212 '
329 3207 395 3266 Non
412 3227 476 3267 esse
492 3208 596 3287 fingis,
614 3191 868 3288 prospioe'inieiix
883 3206 946 3265 tibi.

331 3307 412 3364 Deus
426 3305 496 3376 iile,
513 3307 594 3365 Deus
609 3315 665 3363 est.
683 3305 715 3363 Si
730 3306 794 3382 quis
810 3306 921 3363 interea
936 3320 1043 3363 nocens

330 3406 462 3484 impune
476 3416 580 3485 peooet
586 3444 598 3477 ‚
609 3403 718 3463 habeat
728 3406 760 3464 in
771 3404 855 3464 luero
870 3423 996 3464 moram.

331 3506 468 3584 Namque
483 3507 546 3585 ipse
563 3509 681 3565 meritas
695 3517 798 3586 postea
812 3519 913 3586 poenas
924 3503 995 3563 luet.

127 3691 131 3700 .
231 3644 357 3725 Quibus
370 3644 458 3712 huno
470 3646 503 3714 in
517 3646 649 3712 motum
665 3645 781 3713 scone
792 3643 955 3734 Tragoedia
970 3667 980 3710 r

331 3793 394 3852 Erit
404 3793 454 3852 ille
469 3793 622 3873 quondam
637 3806 733 3855 serus
746 3808 782 3853 so
795 3793 886 3853 tristis
895 3791 974 3863 dies,

266 3907 276 3934 ¹
298 3915 352 3962 lsai.
363 3929 415 3976 nn,
426 3915 450 3964 6.
