2522 4608
253 297 316 362 358
559 313 732 380 cunnusrrs
757 313 969 357 annxaannrss

252 433 444 498 nicationem
459 431 577 508 celent,
594 429 728 498 exitialia
748 431 984 498 medicamenta
999 429 1183 504 adhibentes,
1194 445 1243 518 qus

251 563 381 632 prorsus
395 542 428 606 in
443 541 620 631 perniciem
635 540 770 616 ducunt,
786 540 880 606 simul
895 563 971 607 cum
985 539 1063 606 foetu
1078 561 1191 606 omnem
1200 539 1246 606 bu·

250 653 437 719 manitatem
453 652 603 742 perdunt.
628 652 799 728 Caeterum,
815 652 931 740 quibus
947 673 1058 716 uxorea
1073 649 1179 717 ducere
1190 672 1250 715 oon-¹

252 785 376 830 cessum
390 775 451 840 est,
467 765 503 829 iis
515 763 689 853 Paedagogo
704 787 784 853 opus
800 762 908 840 luerit,
925 775 960 828 ut
970 786 1035 830 non
1047 762 1174 829 interdiu
1183 785 1243 848 np-

251 873 314 942 tica
331 885 451 942 naturae
474 872 676 940 celebrentur
696 874 796 962 orgia,
818 895 880 940 nec
894 886 930 938 ut
949 872 1060 961 aliquia
1080 895 1117 937 ex
1133 869 1243 944 eccleis.

253 984 342 1050 verbi
360 983 471 1073 gratia,
493 995 549 1048 aut
569 1007 609 1048 ox
623 981 692 1048 loro
707 1005 802 1049 mane
817 983 955 1059 rediens,
981 981 1054 1072 gelli
1075 1003 1158 1047 more
1170 987 1242 1056 otu,

253 1092 381 1181 quando
396 1093 560 1167 orationis,
577 1104 610 1158 et
630 1088 787 1165 lectionis,
810 1103 843 1156 et
866 1113 979 1157 eorum
994 1111 1065 1178 quae
1081 1085 1242 1154 interdub

255 1225 329 1270 cere
345 1203 494 1270 convenit
508 1225 655 1293 operum,
667 1213 793 1291 tempus
810 1213 869 1266 est.
881 1199 1023 1291 Vespere
1037 1210 1142 1268 autent
1155 1207 1243 1287 opor!

255 1325 327 1403 post
342 1315 523 1380 convivium
535 1315 710 1402 quiescere,
721 1323 837 1402 etpost
847 1311 1023 1401 gratiarum
1033 1310 1244 1395 aeuonenqne

254 1424 291 1490 lit
302 1423 372 1492 Deo
382 1447 441 1514 pro
452 1424 545 1491 bonis
557 1447 627 1514 que
638 1425 848 1514 percepimus.
866 1423 936 1491 Non
953 1445 1082 1512 semper
1094 1432 1245 1507 antenore:

254 1535 343 1600 cedit
357 1547 484 1624 tempus
494 1547 621 1612 natura,
637 1547 674 1599 ut
684 1546 855 1625 peragetur
871 1553 1061 1624 congressus
1072 1525 1242 1597 matrimonlt

255 1657 304 1711 est
317 1646 404 1712 enim
418 1668 458 1712 eo
474 1644 711 1712 desiderabilior
725 1645 927 1735 conjunctio,
942 1649 1010 1734 quo'
1020 1640 1191 1709 diuturnior.
1200 1635 1243 1704 lla·

257 1779 320 1845 que
336 1779 410 1821 vero
430 1767 543 1832 noctu,
558 1767 711 1843 tanquam
732 1757 766 1822 in
786 1755 940 1831 tenebris,
955 1751 1143 1820 immodeste
1156 1770 1202 1815 see
1215 1767 1241 1811 as

257 1867 509 1956 intemperanter
526 1889 638 1955 gerere
654 1879 779 1958 oportet
795 1893 805 1941 ;
824 1867 880 1934 sed
894 1864 1103 1938 verecundia,
1118 1855 1239 1948 utquesl

257 1973 469 2052 lustrationis,
490 1973 644 2041 inanimo
660 1987 708 2041 est
728 1973 932 2042 includenda.
951 1969 1037 2040 Nihil
1052 1971 1139 2036 eninr
1150 1965 1240 2033 alear-

261 2081 333 2173 lope
345 2081 442 2150 telam
453 2095 580 2150 texente
595 2085 794 2161 differemus,
807 2086 832 2151 si
850 2081 990 2150 interdiu
1002 2081 1133 2173 quidem
1146 2089 1242 2144 sanun

260 2193 408 2282 dogmata
430 2193 664 2282 temperantiae;
682 2207 781 2264 noctu
804 2207 911 2261 autem
932 2217 970 2260 ea
990 2191 1241 2263 resolventem!

259 2304 293 2368 in
306 2301 412 2371 cubile
427 2303 615 2370 venerimus.
631 2303 665 2370 si
677 2305 764 2371 enim
779 2305 980 2371 honestatem
991 2303 1243 2390 exoroereopotltl·

259 2412 361 2480 multo
380 2415 480 2504 magis
496 2425 558 2479 tuae
574 2415 664 2480 uxori
681 2415 830 2481 honestas
846 2427 895 2481 est
912 2412 1122 2488 ostendenda,
1138 2405 1249 2484 inboan

259 2537 307 2596 tas
326 2523 455 2591 vitando
472 2526 750 2614 conjunctiones.
776 2538 809 2591 et
830 2526 917 2614 quod
938 2535 1026 2592 casto
1047 2547 1123 2590 eum
1141 2513 1249 2634 proxit'flfi

261 2633 408 2709 verseris,
420 2633 485 2698 lide
500 2633 768 2724 dignumedomo
787 2633 869 2700 adsit
879 2633 1111 2700 testimonum
1124 2619 1248 2698 Nonam

261 2753 366 2833 potest
386 2741 506 2832 aliquid
523 2744 694 2810 honestum
711 2746 751 2810 ab
773 2765 812 2810 ea
828 2743 1013 2820 existimari,
1029 2743 1115 2832 epud
1128 2699 1248 2829 ιῐιιιιιιῦι1

261 2861 368 2918 nestas
383 2851 415 2917 in
434 2853 561 2918 acribus
576 2850 636 2918 illis
654 2875 718 2920 non
731 2855 885 2942 probetur
900 2865 990 2920 certo
1005 2853 1094 2942 quasi
1112 2847 1174 2916 teeti
1223 2839 1231 2856 ’

263 2957 488 3050 voluptatibus.
506 2959 731 3028 Benevolentia
752 2973 861 3028 autern
880 2985 950 3052 quae
967 2983 1109 3052 praeceps
1130 2957 1208 3023 teau

264 3072 539 3163 congressionem,
560 3074 674 3163 exigue
699 3085 845 3164 tempore
865 3073 978 3151 llorct,
1002 3085 1035 3139 et
1060 3091 1170 3139 cumc
1228 3136 1241 3159 ¹,

263 3180 463 3247 consenescit
478 3202 487 3244 ε
506 3203 736 3270 nonnunquam
751 3192 858 3248 nutem
878 3181 974 3248 etiam
987 3176 1187 3270 praesenoscb,

183 3311 212 3328 ···
263 3301 410 3356 sescento
431 3291 498 3379 jam
514 3288 659 3366 libidine,
680 3291 813 3380 quando·
830 3289 1093 3358 matrimonialem
1110 3286 1246 3472 ιειιιἯ

263 3401 340 3466 tiam
350 3401 537 3468 meretricie
546 3401 723 3467 vitiaverint
735 3400 892 3468 libidines.
904 3401 1089 3468 Amantium
1097 3396 1174 3464 enim
1244 3479 1245 3498 ἦ

264 3520 339 3574 sunt
363 3507 516 3585 volucria,
539 3509 717 3597 amorisque
739 3509 934 3576 irritamenta
956 3509 1173 3600 extinguuntur
1192 3505 1245 3584 aql,

264 3618 448 3706 poenitentia
466 3643 474 3683 :
492 3641 644 3707 amorque
659 3642 743 3709 saepe
761 3619 894 3686 vertitur
909 3620 942 3686 in
958 3619 1079 3694 odium,
1094 3608 1245 3710 quindttl'l

267 3725 511 3812 prehensionem
527 3729 661 3795 senserit
675 3729 810 3796 satietas.
830 3729 1070 3820 lmpudicorum
1088 3747 1154 3792 rom
1165 3711 1245 3798 verbo-f

266 3857 350 3910 rum,
362 3848 396 3900 et
410 3839 552 3926 turpium
567 3829 754 3929 figurarum,
768 3839 1083 3927 meretriciorumque
1094 3827 1244 3908 osculffl

265 3957 298 4012 et
318 3945 500 4034 hujusmodi
519 3947 720 4019 lasciviarum
736 3950 862 4017 nomina
879 3975 921 4018 ne
935 3935 1008 4018 siunt
1024 3945 1145 4038 quidem
1161 3951 1244 4007 mem*
