2412 4596
177 246 219 317 99
491 241 664 288 ctmttuls
689 241 902 287 auxitanum

177 366 326 435 tudinem
349 364 511 442 indicere,
533 376 675 432 statuens
693 377 841 454 oportere
862 385 956 439 eum,
972 363 1026 452 qui
1042 363 1179 454 pbnuvb,

177 477 319 543 fructum
339 475 504 564 percipere
523 499 531 540 s
552 486 586 540 et
603 498 697 550 eum,
719 475 774 562 qui
793 471 979 550 aedilicavit,
996 471 1182 545 habitante

176 607 272 660 eum,
288 584 342 671 qui
361 581 499 672 puellam
520 583 649 659 ambiit,
673 605 805 647 uxorem
828 582 956 648 ducere.
980 581 1020 647 lis
1040 582 1134 657 euim,

177 717 212 760 se
233 693 409 759 secundum
433 692 609 782 gnosticam
632 692 788 757 rationem
811 701 1043 766 exercuerunt,
1064 715 1126 780 spes
1141 710 1183 762 nn

178 803 283 872 reddit
301 802 405 868 irrites
425 825 432 866 :
454 824 530 867 nam
546 801 649 866 «Boni
671 801 749 876 viri,
773 823 826 866 occ
843 801 985 877 mortui,
1008 824 1059 866 uec
1077 801 1171 866 eunte

179 935 273 1002 »spes
291 911 374 1000 perit
383 909 405 975 ¹.
421 911 489 999 Ego
500 934 555 976 eos
566 960 574 985 ‚
587 910 641 999 qui
653 933 706 975 me
717 907 852 998 diligunt
863 959 872 985 ,
885 933 977 986 amo,
992 908 1085 993 inspuit
1123 944 1163 963 1«-

183 1019 250 1085 »tia
260 1043 269 1086 :
281 1019 335 1107 qui
347 1032 455 1084 autem
464 1041 515 1084 me
527 1029 686 1105 quterunt,
695 1018 860 1084 inveniunt
872 1016 1001 1107 pacem²
1013 1042 1021 1082 :
1033 1030 1083 1082 set
1092 1041 1135 1092 es,

183 1138 369 1216 sequuntur.
389 1126 476 1207 Quid
491 1126 591 1192 vero?
607 1149 647 1192 an
661 1149 726 1192 non
743 1124 893 1192 mulieres
911 1125 1140 1192 Medianitarusn

181 1235 404 1326 pulchitudine
422 1232 575 1300 bellantes
593 1235 743 1300 Hebraeos
759 1234 1003 1322 atemperontia
1019 1255 1074 1322 per
1086 1235 1094 1249 '
1105 1270 1115 1289 r
1137 1272 1141 1287 ‚
1166 1233 1174 1250 ’

181 1344 324 1412 nentium
339 1341 540 1409 deduxerunt
553 1341 595 1408 ad
611 1341 829 1431 impietatem?
845 1341 1039 1409 Meretriciis
1055 1343 1131 1408 enin
1153 1346 1155 1349 ’

182 1453 286 1522 cebris
301 1448 431 1518 allectos
441 1501 450 1528 ,
462 1462 495 1516 et
508 1476 524 1517 a
536 1451 622 1540 gravi
635 1471 672 1518 ac
686 1450 819 1516 honesta
832 1451 1066 1517 exercitatione
1076 1451 1114 1516 ad
1148 1492 1162 1503 -=

181 1561 286 1629 tricies
304 1558 481 1648 voluptates
498 1559 601 1625 formo
623 1560 795 1636 inescatos,
815 1559 856 1626 ad
870 1558 1034 1626 sacrificia
1050 1557 1177 1641 idotaq

180 1683 214 1737 et
232 1669 273 1738 ad
287 1669 470 1760 peregrinos
488 1667 660 1744 mulieres,
679 1666 776 1735 veluti
787 1669 929 1757 quodem
944 1668 1059 1734 surore
1074 1667 1170 1758 μὴ.

182 1779 394 1846 deduxerunt.
416 1776 444 1846 A
459 1775 646 1844 mulieribus
662 1789 768 1844 autem
785 1775 879 1846 simul
897 1777 975 1844 victi
992 1789 1030 1843 et
1048 1776 1169 1864 volnus

183 1913 200 1957 a
218 1888 288 1954 Deo
303 1885 432 1974 quidem
449 1885 634 1952 defecerunt
648 1897 681 1954 et
697 1911 715 1953 a
729 1885 799 1976 lege
818 1910 827 1952 τ
849 1899 881 1952 ot
899 1879 1175 1975 propemodum&

181 2019 290 2062 versus
305 1993 442 2084 populus
453 1993 486 2060 in
498 1993 639 2068 hostium
654 2017 768 2061 manus
785 1994 871 2062 venit
886 2017 925 2062 ac
941 2006 1131 2084 potestaten
1142 2013 1186 2058 n

181 2101 274 2170 liebri
300 2114 541 2193 stratagemate,
568 2103 672 2170 donoc
699 2104 783 2192 ipsos
806 2103 841 2170 in
866 2101 1053 2193 periculum
1076 2101 1187 2169 autu

184 2213 329 2280 coercuit
344 2213 441 2278 timor
462 2211 649 2282 admonens.
671 2213 755 2278 'lum
774 2212 817 2288 ii,
836 2213 892 2301 qui
912 2211 1030 2301 reliqui
1047 2223 1143 2284 erant,

184 2321 294 2388 dacter
310 2343 369 2410 pro
385 2320 501 2410 pietate
518 2343 555 2388 ac
569 2319 721 2409 religione
732 2333 895 2388 certamen
907 2321 1150 2411 suscipientes,¹

183 2440 297 2496 serunt
312 2429 458 2496 hostibus
473 2429 661 2518 superiores.

238 2554 289 2648 9⁰.
303 2550 473 2647 Elorgitio
491 2563 528 2622 et
542 2553 844 2638 communicatio,
859 2547 904 2622 de
916 2546 1035 2646 qua³:

228 2677 355 2745 Sufficit
365 2679 553 2756 hoedicere,
564 2679 651 2769 quod
659 2680 724 2747 Lex
734 2678 883 2768 prohibet
890 2679 980 2745 fratri
988 2677 1146 2744 l'oenerari:
1161 2690 1170 2719 ³

184 2797 266 2852 uem
285 2787 453 2852 nominans
474 2809 540 2857 non
559 2811 634 2854 eum
656 2786 779 2865 solum,
797 2787 905 2876 quiex
926 2787 1045 2852 iisdem
1066 2797 1145 2852 natus
1184 2837 1186 2842 ,

185 2896 349 2972 rentibus,
366 2894 534 2964 sedetiam
546 2895 600 2984 qui
612 2897 707 2961 luerit
718 2896 864 2985 ejusdem
879 2896 1003 2973 tribus,
1019 2895 1159 2984 epsusdu
1190 2985 1192 2988 Ι

184 3005 370 3082 sententie,
393 3017 426 3070 et
445 3005 590 3094 ejusdem
612 3005 689 3096 Logi
708 3006 889 3094 particeps:
913 3027 979 3070 non
1001 3025 1124 3093 :equum
1146 3034 1161 3057 vv
1191 3055 1192 3062 ,

185 3135 279 3190 sens,
298 3125 334 3179 ut
349 3137 388 3180 ex
402 3115 545 3202 pecuniis
560 3137 671 3180 usuros
686 3113 847 3204 legamus,
863 3113 920 3180 sed
934 3111 1014 3179 laxis
1029 3111 1156 3178 manib!
1186 3130 1189 3145 ³

186 3224 300 3290 animis
323 3223 538 3313 gratificemur
555 3225 732 3314 egentibus.
755 3225 840 3292 Deus
863 3224 950 3290 enim
967 3235 1017 3290 est
1040 3221 1128 3312 hujus

187 3331 354 3406 conditor;
385 3345 419 3397 ut
437 3334 533 3399 etiam
555 3333 609 3421 qui
631 3333 767 3400 libenter
788 3332 941 3423 largitur,
959 3331 1184 3398 sufficientes*

187 3440 266 3530 cipit
290 3465 419 3518 usuras,
440 3463 499 3518 ea,
522 3465 592 3530 quae
616 3454 690 3508 sunt
714 3443 798 3531 apud
819 3441 964 3507 homines
980 3439 1189 3531 pretiosissima

187 3569 304 3637 nempe
329 3549 630 3633 mansuetudinem,
656 3550 903 3639 benignitatem,
933 3547 1191 3639 magnificentia.

188 3653 306 3720 bonam
316 3654 598 3731 existimationem,
610 3653 810 3752 laudemque.
825 3655 942 3724 Annon
955 3654 1021 3723 boc
1031 3654 1089 3722 tibi
1100 3653 1125 3720 τ’
1188 3707 1190 3712 .

226 3774 649 3845 'Prov.xr,7.-'1d.vm‚17.

224 3866 472 3936 'Pu-triousi-
