<?xml version="1.0" encoding="UTF-8"?>
<!DOCTYPE html PUBLIC "-//W3C//DTD XHTML 1.0 Transitional//EN"
    "http://www.w3.org/TR/xhtml1/DTD/xhtml1-transitional.dtd">
<html xmlns="http://www.w3.org/1999/xhtml" xml:lang="en" lang="en">
 <head>
  <title>
</title>
<meta http-equiv="Content-Type" content="text/html;charset=utf-8" />
  <meta name='ocr-system' content='tesseract 3.04.00' />
  <meta name='ocr-capabilities' content='ocr_page ocr_carea ocr_par ocr_line ocrx_word'/>
</head>
<body>
  <div class='ocr_page' id='page_1' title='image "./collectioselect00guilgoog_0614.png"; bbox 0 0 2412 4596; ppageno 0'>
   <div class='ocr_carea' id='block_1_1' title="bbox 190 197 1155 478">
    <p class='ocr_par' dir='ltr' id='par_1_1' title="bbox 190 197 1155 478">
     <span class='ocr_line' id='line_1_1' title="bbox 194 197 920 312; baseline -0.008 -1"><span class='ocrx_word' id='word_1_1' title='bbox 194 243 256 312; x_wconf 78' lang='lat' dir='ltr'><strong>nt</strong></span> <span class='ocrx_word' id='word_1_2' title='bbox 505 261 681 312; x_wconf 63' lang='lat' dir='ltr'><strong>cursuro</strong></span> <span class='ocrx_word' id='word_1_3' title='bbox 708 197 920 307; x_wconf 63' lang='lat' dir='ltr'><strong>quassati</strong></span> 
     </span>
     <span class='ocr_line' id='line_1_2' title="bbox 190 379 1155 478; baseline -0.005 -22"><span class='ocrx_word' id='word_1_4' title='bbox 190 399 314 456; x_wconf 78' lang='lat' dir='ltr'><strong>cantur.</strong></span> <span class='ocrx_word' id='word_1_5' title='bbox 333 387 401 476; x_wconf 74' lang='lat' dir='ltr'><strong>ligo</strong></span> <span class='ocrx_word' id='word_1_6' title='bbox 418 397 524 454; x_wconf 88' lang='lat' dir='ltr'><strong>autem</strong></span> <span class='ocrx_word' id='word_1_7' title='bbox 540 385 635 452; x_wconf 86' lang='lat' dir='ltr'><strong>audio</strong></span> <span class='ocrx_word' id='word_1_8' title='bbox 655 379 824 453; x_wconf 88' lang='lat' dir='ltr'><strong>Nicolaum</strong></span> <span class='ocrx_word' id='word_1_9' title='bbox 838 385 965 474; x_wconf 86' lang='lat' dir='ltr'><strong>quidem</strong></span> <span class='ocrx_word' id='word_1_10' title='bbox 977 383 1047 452; x_wconf 81' lang='lat' dir='ltr'><strong>nulla</strong></span> <span class='ocrx_word' id='word_1_11' title='bbox 1058 409 1155 478; x_wconf 73' lang='lat' dir='ltr'><strong>unqun</strong></span> 
     </span>
    </p>
   </div>
   <div class='ocr_carea' id='block_1_2' title="bbox 108 493 1191 3821">
    <p class='ocr_par' dir='ltr' id='par_1_2' title="bbox 108 493 1191 3821">
     <span class='ocr_line' id='line_1_3' title="bbox 192 493 1155 584; baseline 0 -22"><span class='ocrx_word' id='word_1_12' title='bbox 192 495 270 572; x_wconf 82' lang='lat' dir='ltr'><strong>alia,</strong></span> <span class='ocrx_word' id='word_1_13' title='bbox 285 515 382 584; x_wconf 90' lang='lat' dir='ltr'><strong>quam</strong></span> <span class='ocrx_word' id='word_1_14' title='bbox 396 517 450 570; x_wconf 88' lang='lat' dir='ltr'><strong>ea,</strong></span> <span class='ocrx_word' id='word_1_15' title='bbox 468 515 539 580; x_wconf 72' lang='lat' dir='ltr'><strong>que</strong></span> <span class='ocrx_word' id='word_1_16' title='bbox 561 493 595 560; x_wconf 86' lang='lat' dir='ltr'><strong>ei</strong></span> <span class='ocrx_word' id='word_1_17' title='bbox 606 503 775 581; x_wconf 79' lang='lat' dir='ltr'><strong>nupserat,</strong></span> <span class='ocrx_word' id='word_1_18' title='bbox 801 513 899 560; x_wconf 78' lang='lat' dir='ltr'><strong>uxore</strong></span> <span class='ocrx_word' id='word_1_19' title='bbox 917 517 1001 562; x_wconf 86' lang='lat' dir='ltr'><strong>usum</strong></span> <span class='ocrx_word' id='word_1_20' title='bbox 1019 509 1155 570; x_wconf 61' lang='lat' dir='ltr'><strong>asmata</strong></span> 
     </span>
     <span class='ocr_line' id='line_1_4' title="bbox 108 598 1156 692; baseline -0.002 -22"><span class='ocrx_word' id='word_1_21' title='bbox 108 681 113 692; x_wconf 32' lang='lat'><strong><em>¹</em></strong></span> <span class='ocrx_word' id='word_1_22' title='bbox 190 603 273 670; x_wconf 87' lang='lat' dir='ltr'><strong>illius</strong></span> <span class='ocrx_word' id='word_1_23' title='bbox 286 601 408 676; x_wconf 86' lang='lat' dir='ltr'><strong>liberis,</strong></span> <span class='ocrx_word' id='word_1_24' title='bbox 422 598 501 666; x_wconf 83' lang='lat' dir='ltr'><strong>[ilias</strong></span> <span class='ocrx_word' id='word_1_25' title='bbox 518 600 649 690; x_wconf 87' lang='lat' dir='ltr'><strong>quidem</strong></span> <span class='ocrx_word' id='word_1_26' title='bbox 662 601 865 666; x_wconf 86' lang='lat' dir='ltr'><strong>consenuisse</strong></span> <span class='ocrx_word' id='word_1_27' title='bbox 882 601 1026 690; x_wconf 79' lang='lat' dir='ltr'><strong>virgines,</strong></span> <span class='ocrx_word' id='word_1_28' title='bbox 1039 600 1115 668; x_wconf 85' lang='lat' dir='ltr'><strong>lilium</strong></span> <span class='ocrx_word' id='word_1_29' title='bbox 1124 627 1156 670; x_wconf 78' lang='lat' dir='ltr'><strong>aa</strong></span> 
     </span>
     <span class='ocr_line' id='line_1_5' title="bbox 191 709 1155 802; baseline -0.002 -24"><span class='ocrx_word' id='word_1_30' title='bbox 191 725 256 779; x_wconf 90' lang='lat' dir='ltr'><strong>tem</strong></span> <span class='ocrx_word' id='word_1_31' title='bbox 270 710 480 802; x_wconf 78' lang='lat' dir='ltr'><strong>permansisse</strong></span> <span class='ocrx_word' id='word_1_32' title='bbox 494 710 732 798; x_wconf 84' lang='lat' dir='ltr'><strong>incorruptum.</strong></span> <span class='ocrx_word' id='word_1_33' title='bbox 756 710 837 789; x_wconf 71' lang='lat' dir='ltr'><strong>Ques</strong></span> <span class='ocrx_word' id='word_1_34' title='bbox 852 733 927 775; x_wconf 88' lang='lat' dir='ltr'><strong>oum</strong></span> <span class='ocrx_word' id='word_1_35' title='bbox 947 710 987 774; x_wconf 78' lang='lat' dir='ltr'><strong>its</strong></span> <span class='ocrx_word' id='word_1_36' title='bbox 1006 709 1155 786; x_wconf 74' lang='lat' dir='ltr'><strong>schabest,</strong></span> 
     </span>
     <span class='ocr_line' id='line_1_6' title="bbox 189 814 1155 908; baseline -0.003 -22"><span class='ocrx_word' id='word_1_37' title='bbox 189 819 255 886; x_wconf 86' lang='lat' dir='ltr'><strong>vitii</strong></span> <span class='ocrx_word' id='word_1_38' title='bbox 276 829 344 885; x_wconf 86' lang='lat' dir='ltr'><strong>erat</strong></span> <span class='ocrx_word' id='word_1_39' title='bbox 363 814 507 908; x_wconf 85' lang='lat' dir='ltr'><strong>depulsio</strong></span> <span class='ocrx_word' id='word_1_40' title='bbox 527 829 622 905; x_wconf 85' lang='lat' dir='ltr'><strong>atque</strong></span> <span class='ocrx_word' id='word_1_41' title='bbox 636 817 839 906; x_wconf 78' lang='lat' dir='ltr'>expurgatio,</span> <span class='ocrx_word' id='word_1_42' title='bbox 856 818 889 882; x_wconf 94' lang='lat' dir='ltr'><strong>in</strong></span> <span class='ocrx_word' id='word_1_43' title='bbox 905 817 1035 883; x_wconf 89' lang='lat' dir='ltr'><strong>medium</strong></span> <span class='ocrx_word' id='word_1_44' title='bbox 1047 817 1155 908; x_wconf 71' lang='lat' dir='ltr'><strong>bpotolo</strong></span> 
     </span>
     <span class='ocr_line' id='line_1_7' title="bbox 189 923 1158 1014; baseline -0.005 -20"><span class='ocrx_word' id='word_1_45' title='bbox 189 951 262 996; x_wconf 84' lang='lat' dir='ltr'><strong>rum</strong></span> <span class='ocrx_word' id='word_1_46' title='bbox 283 925 491 993; x_wconf 76' lang='lat' dir='ltr'><strong>circumactio</strong></span> <span class='ocrx_word' id='word_1_47' title='bbox 509 925 636 1002; x_wconf 83' lang='lat' dir='ltr'><strong>uxoris,</strong></span> <span class='ocrx_word' id='word_1_48' title='bbox 655 924 747 1014; x_wconf 90' lang='lat' dir='ltr'><strong>cujus</strong></span> <span class='ocrx_word' id='word_1_49' title='bbox 764 923 931 991; x_wconf 80' lang='lat' dir='ltr'><strong>dicebatur</strong></span> <span class='ocrx_word' id='word_1_50' title='bbox 950 924 1074 992; x_wconf 83' lang='lat' dir='ltr'><strong>laborare</strong></span> <span class='ocrx_word' id='word_1_51' title='bbox 1086 924 1158 1014; x_wconf 73' lang='lat' dir='ltr'><strong>reloq—</strong></span> 
     </span>
     <span class='ocr_line' id='line_1_8' title="bbox 188 1031 1158 1126; baseline -0.004 -24"><span class='ocrx_word' id='word_1_52' title='bbox 188 1036 239 1126; x_wconf 87' lang='lat' dir='ltr'><strong>pia</strong></span> <span class='ocrx_word' id='word_1_53' title='bbox 255 1059 264 1100; x_wconf 77' lang='lat' dir='ltr'><strong>t</strong></span> <span class='ocrx_word' id='word_1_54' title='bbox 278 1047 312 1100; x_wconf 91' lang='lat' dir='ltr'><strong>et</strong></span> <span class='ocrx_word' id='word_1_55' title='bbox 326 1033 523 1103; x_wconf 87' lang='lat' dir='ltr'><strong>continentia</strong></span> <span class='ocrx_word' id='word_1_56' title='bbox 541 1057 558 1099; x_wconf 87' lang='lat' dir='ltr'><strong>a</strong></span> <span class='ocrx_word' id='word_1_57' title='bbox 576 1031 813 1123; x_wconf 79' lang='lat' dir='ltr'><strong>voluptatibus,</strong></span> <span class='ocrx_word' id='word_1_58' title='bbox 834 1055 905 1122; x_wconf 82' lang='lat' dir='ltr'><strong>quae</strong></span> <span class='ocrx_word' id='word_1_59' title='bbox 918 1055 1028 1122; x_wconf 83' lang='lat' dir='ltr'><strong>magno</strong></span> <span class='ocrx_word' id='word_1_60' title='bbox 1039 1033 1115 1098; x_wconf 84' lang='lat' dir='ltr'><strong>studio</strong></span> <span class='ocrx_word' id='word_1_61' title='bbox 1127 1059 1158 1123; x_wconf 77' lang='lat' dir='ltr'><strong>ps</strong></span> 
     </span>
     <span class='ocr_line' id='line_1_9' title="bbox 189 1137 1157 1218; baseline -0.002 -9"><span class='ocrx_word' id='word_1_62' title='bbox 189 1143 250 1209; x_wconf 80' lang='lat' dir='ltr'><strong>reri</strong></span> <span class='ocrx_word' id='word_1_63' title='bbox 266 1141 387 1218; x_wconf 88' lang='lat' dir='ltr'><strong>solent,</strong></span> <span class='ocrx_word' id='word_1_64' title='bbox 405 1139 541 1208; x_wconf 87' lang='lat' dir='ltr'><strong>docebat</strong></span> <span class='ocrx_word' id='word_1_65' title='bbox 559 1137 655 1217; x_wconf 89' lang='lat' dir='ltr'><strong>illud,</strong></span> <span class='ocrx_word' id='word_1_66' title='bbox 673 1141 775 1206; x_wconf 83' lang='lat' dir='ltr'><strong>Abuti</strong></span> <span class='ocrx_word' id='word_1_67' title='bbox 789 1164 898 1216; x_wconf 79' lang='lat' dir='ltr'><strong>came,</strong></span> <span class='ocrx_word' id='word_1_68' title='bbox 914 1141 977 1208; x_wconf 89' lang='lat' dir='ltr'><strong>boo</strong></span> <span class='ocrx_word' id='word_1_69' title='bbox 991 1155 1048 1218; x_wconf 86' lang='lat' dir='ltr'><strong>est,</strong></span> <span class='ocrx_word' id='word_1_70' title='bbox 1061 1165 1157 1208; x_wconf 68' lang='lat' dir='ltr'><strong>muers</strong></span> 
     </span>
     <span class='ocr_line' id='line_1_10' title="bbox 188 1246 1191 1336; baseline -0.006 -18"><span class='ocrx_word' id='word_1_71' title='bbox 188 1274 329 1318; x_wconf 84' lang='lat' dir='ltr'><strong>carnem.</strong></span> <span class='ocrx_word' id='word_1_72' title='bbox 350 1249 460 1336; x_wconf 83' lang='lat' dir='ltr'><strong>Neque</strong></span> <span class='ocrx_word' id='word_1_73' title='bbox 473 1248 577 1325; x_wconf 89' lang='lat' dir='ltr'><strong>enim,</strong></span> <span class='ocrx_word' id='word_1_74' title='bbox 590 1259 626 1312; x_wconf 91' lang='lat' dir='ltr'><strong>ut</strong></span> <span class='ocrx_word' id='word_1_75' title='bbox 636 1249 800 1325; x_wconf 84' lang='lat' dir='ltr'><strong>existimo,</strong></span> <span class='ocrx_word' id='word_1_76' title='bbox 816 1246 983 1325; x_wconf 79' lang='lat' dir='ltr'><strong>volebant,</strong></span> <span class='ocrx_word' id='word_1_77' title='bbox 999 1251 1159 1315; x_wconf 78' lang='lat' dir='ltr'><strong>conveniente</strong></span> <span class='ocrx_word' id='word_1_78' title='bbox 1190 1291 1191 1312; x_wconf 51' lang='lat' dir='ltr'><strong>t</strong></span> 
     </span>
     <span class='ocr_line' id='line_1_11' title="bbox 186 1337 1191 1460; baseline -0.007 -33"><span class='ocrx_word' id='word_1_79' title='bbox 186 1359 315 1427; x_wconf 88' lang='lat' dir='ltr'><strong>Domini</strong></span> <span class='ocrx_word' id='word_1_80' title='bbox 336 1369 515 1446; x_wconf 83' lang='lat' dir='ltr'><strong>praecepto,</strong></span> <span class='ocrx_word' id='word_1_81' title='bbox 542 1354 658 1422; x_wconf 81' lang='lat' dir='ltr'><strong>duobus</strong></span> <span class='ocrx_word' id='word_1_82' title='bbox 679 1354 821 1421; x_wconf 80' lang='lat' dir='ltr'><strong>Dominis</strong></span> <span class='ocrx_word' id='word_1_83' title='bbox 841 1355 990 1432; x_wconf 80' lang='lat' dir='ltr'><strong>servire¹,</strong></span> <span class='ocrx_word' id='word_1_84' title='bbox 1015 1354 1159 1446; x_wconf 76' lang='lat' dir='ltr'><strong>voluptsb&#39;et</strong></span> <span class='ocrx_word' id='word_1_85' title='bbox 1189 1337 1191 1460; x_wconf 66' lang='lat' dir='ltr'><strong>l</strong></span> 
     </span>
     <span class='ocr_line' id='line_1_12' title="bbox 185 1461 1158 1553; baseline -0.004 -20"><span class='ocrx_word' id='word_1_86' title='bbox 185 1466 265 1534; x_wconf 85' lang='lat' dir='ltr'><strong>Deo.</strong></span> <span class='ocrx_word' id='word_1_87' title='bbox 282 1465 402 1532; x_wconf 83' lang='lat' dir='ltr'><strong>Dicunt</strong></span> <span class='ocrx_word' id='word_1_88' title='bbox 420 1465 527 1551; x_wconf 84' lang='lat' dir='ltr'><strong>itaque</strong></span> <span class='ocrx_word' id='word_1_89' title='bbox 539 1461 705 1530; x_wconf 86' lang='lat' dir='ltr'><strong>blatthiam</strong></span> <span class='ocrx_word' id='word_1_90' title='bbox 720 1485 848 1553; x_wconf 90' lang='lat' dir='ltr'><strong>quoque</strong></span> <span class='ocrx_word' id='word_1_91' title='bbox 866 1464 913 1530; x_wconf 87' lang='lat' dir='ltr'><strong>sic</strong></span> <span class='ocrx_word' id='word_1_92' title='bbox 930 1463 1158 1531; x_wconf 68' lang='lat' dir='ltr'><strong>docuissentne</strong></span> 
     </span>
     <span class='ocr_line' id='line_1_13' title="bbox 187 1533 1191 1662; baseline 0 -26"><span class='ocrx_word' id='word_1_93' title='bbox 187 1595 304 1642; x_wconf 75' lang='lat' dir='ltr'><strong>»carno</strong></span> <span class='ocrx_word' id='word_1_94' title='bbox 317 1572 447 1661; x_wconf 88' lang='lat' dir='ltr'><strong>quidem</strong></span> <span class='ocrx_word' id='word_1_95' title='bbox 461 1593 625 1661; x_wconf 77' lang='lat' dir='ltr'><strong>pugnare,</strong></span> <span class='ocrx_word' id='word_1_96' title='bbox 637 1583 670 1636; x_wconf 92' lang='lat' dir='ltr'><strong>et</strong></span> <span class='ocrx_word' id='word_1_97' title='bbox 681 1594 719 1638; x_wconf 77' lang='lat' dir='ltr'><strong>ea</strong></span> <span class='ocrx_word' id='word_1_98' title='bbox 731 1572 798 1648; x_wconf 88' lang='lat' dir='ltr'><strong>uti,</strong></span> <span class='ocrx_word' id='word_1_99' title='bbox 816 1569 895 1638; x_wconf 88' lang='lat' dir='ltr'><strong>nibil</strong></span> <span class='ocrx_word' id='word_1_100' title='bbox 907 1573 937 1637; x_wconf 89' lang='lat' dir='ltr'><strong>ei</strong></span> <span class='ocrx_word' id='word_1_101' title='bbox 950 1570 1158 1662; x_wconf 70' lang='lat' dir='ltr'><strong>impudicunln</strong></span> <span class='ocrx_word' id='word_1_102' title='bbox 1189 1533 1191 1592; x_wconf 64' lang='lat' dir='ltr'><strong>l</strong></span> 
     </span>
     <span class='ocr_line' id='line_1_14' title="bbox 186 1678 1191 1772; baseline -0.003 -26"><span class='ocrx_word' id='word_1_103' title='bbox 186 1681 323 1772; x_wconf 80' lang='lat' dir='ltr'><strong>»giendo</strong></span> <span class='ocrx_word' id='word_1_104' title='bbox 344 1681 386 1747; x_wconf 86' lang='lat' dir='ltr'><strong>ad</strong></span> <span class='ocrx_word' id='word_1_105' title='bbox 406 1678 601 1769; x_wconf 83' lang='lat' dir='ltr'><strong>voluptatem</strong></span> <span class='ocrx_word' id='word_1_106' title='bbox 608 1703 619 1752; x_wconf 83' lang='lat'>3</span> <span class='ocrx_word' id='word_1_107' title='bbox 645 1701 759 1768; x_wconf 75' lang='lat' dir='ltr'><strong>augere</strong></span> <span class='ocrx_word' id='word_1_108' title='bbox 775 1691 882 1746; x_wconf 85' lang='lat' dir='ltr'><strong>antem</strong></span> <span class='ocrx_word' id='word_1_109' title='bbox 897 1681 1031 1747; x_wconf 82' lang='lat' dir='ltr'><strong>animam</strong></span> <span class='ocrx_word' id='word_1_110' title='bbox 1044 1679 1158 1770; x_wconf 77' lang='lat' dir='ltr'><strong>perllm</strong></span> <span class='ocrx_word' id='word_1_111' title='bbox 1189 1679 1191 1732; x_wconf 78' lang='grc' dir='ltr'><em>ἱ</em></span> 
     </span>
     <span class='ocr_line' id='line_1_15' title="bbox 185 1733 1191 1880; baseline -0.003 -25"><span class='ocrx_word' id='word_1_112' title='bbox 185 1804 241 1857; x_wconf 85' lang='lat' dir='ltr'><strong>»et</strong></span> <span class='ocrx_word' id='word_1_113' title='bbox 258 1789 482 1878; x_wconf 79' lang='lat' dir='ltr'><strong>cognitionem.</strong></span> <span class='ocrx_word' id='word_1_114' title='bbox 499 1815 512 1850; x_wconf 79' lang='grc' dir='ltr'><strong><em>ι</em></strong></span> <span class='ocrx_word' id='word_1_115' title='bbox 531 1788 757 1864; x_wconf 70' lang='lat' dir='ltr'><strong>scatentem,</strong></span> <span class='ocrx_word' id='word_1_116' title='bbox 776 1787 831 1877; x_wconf 86' lang='lat' dir='ltr'><strong>qui</strong></span> <span class='ocrx_word' id='word_1_117' title='bbox 847 1788 944 1854; x_wconf 88' lang='lat' dir='ltr'><strong>etiam</strong></span> <span class='ocrx_word' id='word_1_118' title='bbox 958 1787 1097 1878; x_wconf 73' lang='lat' dir='ltr'><strong>pubiicum</strong></span> <span class='ocrx_word' id='word_1_119' title='bbox 1107 1809 1161 1852; x_wconf 74' lang='lat' dir='ltr'><strong>tos</strong></span> <span class='ocrx_word' id='word_1_120' title='bbox 1188 1733 1191 1880; x_wconf 76' lang='lat' dir='ltr'><strong>l</strong></span> 
     </span>
     <span class='ocr_line' id='line_1_16' title="bbox 184 1895 1191 2030; baseline -0.008 -63"><span class='ocrx_word' id='word_1_121' title='bbox 184 1921 253 1967; x_wconf 86' lang='lat' dir='ltr'><strong>rem</strong></span> <span class='ocrx_word' id='word_1_122' title='bbox 277 1897 483 1986; x_wconf 87' lang='lat' dir='ltr'><strong>pronuntiant</strong></span> <span class='ocrx_word' id='word_1_123' title='bbox 503 1895 673 1984; x_wconf 85' lang='lat' dir='ltr'><strong>mysticam</strong></span> <span class='ocrx_word' id='word_1_124' title='bbox 693 1896 977 1973; x_wconf 84' lang='lat' dir='ltr'><strong>communionem,</strong></span> <span class='ocrx_word' id='word_1_125' title='bbox 998 1907 1028 1960; x_wconf 82' lang='lat' dir='ltr'><strong>et</strong></span> <span class='ocrx_word' id='word_1_126' title='bbox 1045 1897 1081 1960; x_wconf 86' lang='lat' dir='ltr'><strong>sle</strong></span> <span class='ocrx_word' id='word_1_127' title='bbox 1098 1896 1160 1982; x_wconf 82' lang='lat' dir='ltr'><strong>ipsm</strong></span> <span class='ocrx_word' id='word_1_128' title='bbox 1189 1917 1191 2030; x_wconf 76' lang='grc' dir='ltr'>Ι</span> 
     </span>
     <span class='ocr_line' id='line_1_17' title="bbox 184 1999 1162 2093; baseline -0.007 -20"><span class='ocrx_word' id='word_1_129' title='bbox 184 2029 303 2074; x_wconf 79' lang='lat' dir='ltr'><strong>nomen</strong></span> <span class='ocrx_word' id='word_1_130' title='bbox 319 2001 512 2072; x_wconf 88' lang='lat' dir='ltr'><strong>contumelia</strong></span> <span class='ocrx_word' id='word_1_131' title='bbox 527 2003 681 2070; x_wconf 87' lang='lat' dir='ltr'><strong>afficiunt.</strong></span> <span class='ocrx_word' id='word_1_132' title='bbox 702 2003 794 2070; x_wconf 87' lang='lat' dir='ltr'><strong>Sicut</strong></span> <span class='ocrx_word' id='word_1_133' title='bbox 808 2003 895 2068; x_wconf 90' lang='lat' dir='ltr'><strong>enim</strong></span> <span class='ocrx_word' id='word_1_134' title='bbox 912 2003 1031 2093; x_wconf 80' lang='lat' dir='ltr'><strong>operari</strong></span> <span class='ocrx_word' id='word_1_135' title='bbox 1046 2027 1103 2068; x_wconf 86' lang='lat' dir='ltr'><strong>eun</strong></span> <span class='ocrx_word' id='word_1_136' title='bbox 1118 1999 1162 2066; x_wconf 75' lang='lat' dir='ltr'><strong>dd</strong></span> 
     </span>
     <span class='ocr_line' id='line_1_18' title="bbox 185 2108 1191 2216; baseline -0.006 -36"><span class='ocrx_word' id='word_1_137' title='bbox 185 2135 274 2190; x_wconf 85' lang='lat' dir='ltr'><strong>mus,</strong></span> <span class='ocrx_word' id='word_1_138' title='bbox 291 2124 362 2179; x_wconf 88' lang='lat' dir='ltr'><strong>tum</strong></span> <span class='ocrx_word' id='word_1_139' title='bbox 375 2112 429 2201; x_wconf 92' lang='lat' dir='ltr'><strong>qui</strong></span> <span class='ocrx_word' id='word_1_140' title='bbox 441 2108 562 2178; x_wconf 90' lang='lat' dir='ltr'><strong>malum</strong></span> <span class='ocrx_word' id='word_1_141' title='bbox 573 2109 704 2199; x_wconf 75' lang='lat' dir='ltr'><strong>aliquod</strong></span> <span class='ocrx_word' id='word_1_142' title='bbox 719 2111 811 2186; x_wconf 87' lang='lat' dir='ltr'><strong>facit,</strong></span> <span class='ocrx_word' id='word_1_143' title='bbox 823 2121 895 2178; x_wconf 92' lang='lat' dir='ltr'><strong>tum</strong></span> <span class='ocrx_word' id='word_1_144' title='bbox 906 2112 1002 2178; x_wconf 88' lang='lat' dir='ltr'><strong>etiam</strong></span> <span class='ocrx_word' id='word_1_145' title='bbox 1013 2111 1060 2198; x_wconf 93' lang='lat' dir='ltr'><strong>qui</strong></span> <span class='ocrx_word' id='word_1_146' title='bbox 1071 2111 1161 2181; x_wconf 86' lang='lat' dir='ltr'><strong>bonon,</strong></span> <span class='ocrx_word' id='word_1_147' title='bbox 1189 2109 1191 2216; x_wconf 65' lang='lat' dir='ltr'><strong>l</strong></span> 
     </span>
     <span class='ocr_line' id='line_1_19' title="bbox 184 2217 1191 2307; baseline -0.008 -19"><span class='ocrx_word' id='word_1_148' title='bbox 184 2221 270 2288; x_wconf 86' lang='lat' dir='ltr'><strong>idem</strong></span> <span class='ocrx_word' id='word_1_149' title='bbox 283 2243 401 2287; x_wconf 91' lang='lat' dir='ltr'><strong>nomen</strong></span> <span class='ocrx_word' id='word_1_150' title='bbox 412 2219 538 2307; x_wconf 83' lang='lat' dir='ltr'><strong>utrique</strong></span> <span class='ocrx_word' id='word_1_151' title='bbox 546 2219 740 2285; x_wconf 83' lang='lat' dir='ltr'><strong>tribuentes:</strong></span> <span class='ocrx_word' id='word_1_152' title='bbox 752 2217 838 2286; x_wconf 82' lang='lat' dir='ltr'><strong>haud</strong></span> <span class='ocrx_word' id='word_1_153' title='bbox 851 2218 943 2286; x_wconf 78' lang='lat' dir='ltr'><strong>aliter</strong></span> <span class='ocrx_word' id='word_1_154' title='bbox 954 2217 1162 2286; x_wconf 70' lang='lat' dir='ltr'><strong>commonitam</strong></span> <span class='ocrx_word' id='word_1_155' title='bbox 1189 2223 1191 2274; x_wconf 76' lang='grc' dir='ltr'><em>Σ</em></span> 
     </span>
     <span class='ocr_line' id='line_1_20' title="bbox 185 2323 1191 2419; baseline -0.009 -23"><span class='ocrx_word' id='word_1_156' title='bbox 185 2330 254 2419; x_wconf 79' lang='lat' dir='ltr'><strong>pari</strong></span> <span class='ocrx_word' id='word_1_157' title='bbox 265 2327 345 2396; x_wconf 82' lang='lat' dir='ltr'><strong>solet</strong></span> <span class='ocrx_word' id='word_1_158' title='bbox 360 2351 368 2392; x_wconf 75' lang='grc' dir='ltr'><strong>ε</strong></span> <span class='ocrx_word' id='word_1_159' title='bbox 382 2349 457 2394; x_wconf 86' lang='lat' dir='ltr'><strong>nam</strong></span> <span class='ocrx_word' id='word_1_160' title='bbox 472 2326 557 2393; x_wconf 89' lang='lat' dir='ltr'><strong>bona</strong></span> <span class='ocrx_word' id='word_1_161' title='bbox 571 2325 701 2414; x_wconf 87' lang='lat' dir='ltr'><strong>quidem</strong></span> <span class='ocrx_word' id='word_1_162' title='bbox 722 2337 770 2392; x_wconf 88' lang='lat' dir='ltr'><strong>est</strong></span> <span class='ocrx_word' id='word_1_163' title='bbox 791 2327 824 2392; x_wconf 92' lang='lat' dir='ltr'><strong>in</strong></span> <span class='ocrx_word' id='word_1_164' title='bbox 842 2327 1111 2393; x_wconf 80' lang='lat' dir='ltr'><strong>communicatione</strong></span> <span class='ocrx_word' id='word_1_165' title='bbox 1122 2336 1161 2387; x_wconf 84' lang='lat' dir='ltr'><strong>tan</strong></span> <span class='ocrx_word' id='word_1_166' title='bbox 1190 2323 1191 2356; x_wconf 72' lang='lat'>³</span> 
     </span>
     <span class='ocr_line' id='line_1_21' title="bbox 185 2429 1191 2528; baseline -0.001 -25"><span class='ocrx_word' id='word_1_167' title='bbox 185 2437 330 2528; x_wconf 78' lang='lat' dir='ltr'><strong>pecuniae</strong></span> <span class='ocrx_word' id='word_1_168' title='bbox 338 2484 348 2515; x_wconf 84' lang='lat'>,</span> <span class='ocrx_word' id='word_1_169' title='bbox 361 2447 431 2500; x_wconf 91' lang='lat' dir='ltr'><strong>tum</strong></span> <span class='ocrx_word' id='word_1_170' title='bbox 441 2433 648 2511; x_wconf 88' lang='lat' dir='ltr'><strong>nutrimenti,</strong></span> <span class='ocrx_word' id='word_1_171' title='bbox 661 2446 693 2500; x_wconf 86' lang='lat' dir='ltr'><strong>et</strong></span> <span class='ocrx_word' id='word_1_172' title='bbox 708 2435 839 2500; x_wconf 79' lang='lat' dir='ltr'><strong>vestitus</strong></span> <span class='ocrx_word' id='word_1_173' title='bbox 854 2460 862 2500; x_wconf 92' lang='lat'>:</span> <span class='ocrx_word' id='word_1_174' title='bbox 876 2432 922 2500; x_wconf 94' lang='lat' dir='ltr'><strong>illi</strong></span> <span class='ocrx_word' id='word_1_175' title='bbox 934 2448 1037 2502; x_wconf 89' lang='lat' dir='ltr'><strong>autem</strong></span> <span class='ocrx_word' id='word_1_176' title='bbox 1047 2431 1163 2523; x_wconf 65' lang='lat' dir='ltr'><strong>quantita</strong></span> <span class='ocrx_word' id='word_1_177' title='bbox 1189 2429 1191 2502; x_wconf 60' lang='grc' dir='ltr'><em>ᾗ</em></span> 
     </span>
     <span class='ocr_line' id='line_1_22' title="bbox 184 2541 1191 2634; baseline -0.004 -22"><span class='ocrx_word' id='word_1_178' title='bbox 184 2567 353 2612; x_wconf 84' lang='lat' dir='ltr'><strong>veneream</strong></span> <span class='ocrx_word' id='word_1_179' title='bbox 371 2543 633 2634; x_wconf 88' lang='lat' dir='ltr'><strong>conjunctionem</strong></span> <span class='ocrx_word' id='word_1_180' title='bbox 651 2541 748 2632; x_wconf 87' lang='lat' dir='ltr'><strong>impie</strong></span> <span class='ocrx_word' id='word_1_181' title='bbox 762 2555 959 2610; x_wconf 84' lang='lat' dir='ltr'><strong>vocaverunt</strong></span> <span class='ocrx_word' id='word_1_182' title='bbox 975 2541 1162 2610; x_wconf 69' lang='lat' dir='ltr'><strong>communium·</strong></span> <span class='ocrx_word' id='word_1_183' title='bbox 1190 2545 1191 2608; x_wconf 64' lang='grc' dir='ltr'>ξ</span> 
     </span>
     <span class='ocr_line' id='line_1_23' title="bbox 183 2649 1163 2740; baseline -0.004 -20"><span class='ocrx_word' id='word_1_184' title='bbox 183 2653 301 2720; x_wconf 87' lang='lat' dir='ltr'><strong>Dicunt</strong></span> <span class='ocrx_word' id='word_1_185' title='bbox 321 2653 427 2740; x_wconf 83' lang='lat' dir='ltr'><strong>itaque</strong></span> <span class='ocrx_word' id='word_1_186' title='bbox 446 2649 538 2716; x_wconf 83' lang='lat' dir='ltr'><strong>exiis</strong></span> <span class='ocrx_word' id='word_1_187' title='bbox 558 2649 748 2740; x_wconf 85' lang='lat' dir='ltr'><strong>quemdam,</strong></span> <span class='ocrx_word' id='word_1_188' title='bbox 766 2673 842 2716; x_wconf 91' lang='lat' dir='ltr'><strong>oum</strong></span> <span class='ocrx_word' id='word_1_189' title='bbox 858 2651 899 2716; x_wconf 88' lang='lat' dir='ltr'><strong>ad</strong></span> <span class='ocrx_word' id='word_1_190' title='bbox 913 2664 1051 2718; x_wconf 90' lang='lat' dir='ltr'><strong>nostram</strong></span> <span class='ocrx_word' id='word_1_191' title='bbox 1067 2649 1163 2738; x_wconf 65' lang='lat' dir='ltr'><strong>inpio</strong></span> 
     </span>
     <span class='ocr_line' id='line_1_24' title="bbox 183 2753 1191 2848; baseline -0.009 -22"><span class='ocrx_word' id='word_1_192' title='bbox 183 2758 272 2826; x_wconf 86' lang='lat' dir='ltr'><strong>vultu</strong></span> <span class='ocrx_word' id='word_1_193' title='bbox 295 2757 467 2825; x_wconf 82' lang='lat' dir='ltr'><strong>formosam</strong></span> <span class='ocrx_word' id='word_1_194' title='bbox 492 2757 690 2834; x_wconf 80' lang='lat' dir='ltr'><strong>accessisset,</strong></span> <span class='ocrx_word' id='word_1_195' title='bbox 721 2757 834 2824; x_wconf 84' lang='lat' dir='ltr'><strong>dixisse</strong></span> <span class='ocrx_word' id='word_1_196' title='bbox 858 2759 1049 2848; x_wconf 86' lang='lat' dir='ltr'><strong>:Scriptum</strong></span> <span class='ocrx_word' id='word_1_197' title='bbox 1068 2769 1120 2830; x_wconf 83' lang='lat' dir='ltr'><strong>est,</strong></span> <span class='ocrx_word' id='word_1_198' title='bbox 1137 2753 1164 2817; x_wconf 77' lang='lat' dir='ltr'><strong>l·</strong></span> <span class='ocrx_word' id='word_1_199' title='bbox 1190 2769 1191 2772; x_wconf 75' lang='grc'>’</span> 
     </span>
     <span class='ocr_line' id='line_1_25' title="bbox 184 2863 1165 2952; baseline -0.003 -19"><span class='ocrx_word' id='word_1_200' title='bbox 184 2867 266 2934; x_wconf 83' lang='lat' dir='ltr'><strong>omni</strong></span> <span class='ocrx_word' id='word_1_201' title='bbox 286 2880 314 2932; x_wconf 91' lang='lat' dir='ltr'><strong>te</strong></span> <span class='ocrx_word' id='word_1_202' title='bbox 326 2864 458 2952; x_wconf 75' lang='lat' dir='ltr'><strong>petenti²</strong></span> <span class='ocrx_word' id='word_1_203' title='bbox 475 2889 485 2932; x_wconf 89' lang='lat'><strong>.·</strong></span> <span class='ocrx_word' id='word_1_204' title='bbox 504 2863 591 2931; x_wconf 87' lang='lat' dir='ltr'><strong>illam</strong></span> <span class='ocrx_word' id='word_1_205' title='bbox 611 2875 717 2931; x_wconf 88' lang='lat' dir='ltr'><strong>autem</strong></span> <span class='ocrx_word' id='word_1_206' title='bbox 737 2864 871 2932; x_wconf 91' lang='lat' dir='ltr'><strong>honeste</strong></span> <span class='ocrx_word' id='word_1_207' title='bbox 889 2867 1060 2935; x_wconf 80' lang='lat' dir='ltr'><strong>admodum</strong></span> <span class='ocrx_word' id='word_1_208' title='bbox 1082 2884 1165 2951; x_wconf 69' lang='lat' dir='ltr'><strong>respuo</strong></span> 
     </span>
     <span class='ocr_line' id='line_1_26' title="bbox 186 2970 1163 3063; baseline -0.004 -21"><span class='ocrx_word' id='word_1_209' title='bbox 186 2975 287 3051; x_wconf 85' lang='lat' dir='ltr'><strong>disse,</strong></span> <span class='ocrx_word' id='word_1_210' title='bbox 301 2985 337 3040; x_wconf 92' lang='lat' dir='ltr'><strong>ut</strong></span> <span class='ocrx_word' id='word_1_211' title='bbox 355 2996 425 3063; x_wconf 81' lang='lat' dir='ltr'><strong>quae</strong></span> <span class='ocrx_word' id='word_1_212' title='bbox 444 2996 509 3039; x_wconf 88' lang='lat' dir='ltr'><strong>non</strong></span> <span class='ocrx_word' id='word_1_213' title='bbox 524 2970 713 3062; x_wconf 80' lang='lat' dir='ltr'><strong>intelligeret</strong></span> <span class='ocrx_word' id='word_1_214' title='bbox 727 2972 865 3040; x_wconf 89' lang='lat' dir='ltr'><strong>bominis</strong></span> <span class='ocrx_word' id='word_1_215' title='bbox 883 2973 1100 3063; x_wconf 84' lang='lat' dir='ltr'><strong>petulantiam:</strong></span> <span class='ocrx_word' id='word_1_216' title='bbox 1111 2970 1163 3038; x_wconf 76' lang='lat' dir='ltr'><strong>ltu</strong></span> 
     </span>
     <span class='ocr_line' id='line_1_27' title="bbox 184 3079 1162 3172; baseline -0.007 -24"><span class='ocrx_word' id='word_1_217' title='bbox 184 3095 319 3148; x_wconf 82' lang='lat' dir='ltr'><strong>matrem</strong></span> <span class='ocrx_word' id='word_1_218' title='bbox 337 3079 471 3148; x_wconf 88' lang='lat' dir='ltr'><strong>conveni</strong></span> <span class='ocrx_word' id='word_1_219' title='bbox 488 3080 529 3147; x_wconf 87' lang='lat' dir='ltr'><strong>do</strong></span> <span class='ocrx_word' id='word_1_220' title='bbox 542 3081 757 3147; x_wconf 86' lang='lat' dir='ltr'><strong>matrimonio.</strong></span> <span class='ocrx_word' id='word_1_221' title='bbox 777 3081 1035 3172; x_wconf 85' lang='lat' dir='ltr'><strong>Oimpietateml</strong></span> <span class='ocrx_word' id='word_1_222' title='bbox 1050 3082 1162 3148; x_wconf 67' lang='lat' dir='ltr'><strong>manu</strong></span> 
     </span>
     <span class='ocr_line' id='line_1_28' title="bbox 184 3187 1162 3280; baseline -0.004 -22"><span class='ocrx_word' id='word_1_223' title='bbox 184 3213 238 3258; x_wconf 84' lang='lat' dir='ltr'><strong>ces</strong></span> <span class='ocrx_word' id='word_1_224' title='bbox 259 3188 388 3258; x_wconf 87' lang='lat' dir='ltr'><strong>Domini</strong></span> <span class='ocrx_word' id='word_1_225' title='bbox 408 3188 627 3255; x_wconf 86' lang='lat' dir='ltr'><strong>ementiuntur</strong></span> <span class='ocrx_word' id='word_1_226' title='bbox 641 3189 692 3254; x_wconf 83' lang='lat' dir='ltr'><strong>isti</strong></span> <span class='ocrx_word' id='word_1_227' title='bbox 706 3189 960 3280; x_wconf 78' lang='lat' dir='ltr'><strong>intempomntiae</strong></span> <span class='ocrx_word' id='word_1_228' title='bbox 976 3187 1162 3258; x_wconf 61' lang='lat' dir='ltr'><strong>commanitis</strong></span> 
     </span>
     <span class='ocr_line' id='line_1_29' title="bbox 182 3293 1160 3390; baseline -0.004 -26"><span class='ocrx_word' id='word_1_229' title='bbox 182 3320 251 3374; x_wconf 80' lang='lat' dir='ltr'><strong>ros,</strong></span> <span class='ocrx_word' id='word_1_230' title='bbox 264 3297 440 3384; x_wconf 78' lang='lat' dir='ltr'><strong>fratresque</strong></span> <span class='ocrx_word' id='word_1_231' title='bbox 453 3293 613 3373; x_wconf 85' lang='lat' dir='ltr'><strong>libidinis,</strong></span> <span class='ocrx_word' id='word_1_232' title='bbox 632 3320 699 3362; x_wconf 92' lang='lat' dir='ltr'><strong>non</strong></span> <span class='ocrx_word' id='word_1_233' title='bbox 712 3295 814 3363; x_wconf 83' lang='lat' dir='ltr'><strong>solum</strong></span> <span class='ocrx_word' id='word_1_234' title='bbox 829 3299 984 3390; x_wconf 81' lang='lat' dir='ltr'><strong>probrum</strong></span> <span class='ocrx_word' id='word_1_235' title='bbox 996 3293 1160 3387; x_wconf 74' lang='lat' dir='ltr'><strong>philosoplis,</strong></span> 
     </span>
     <span class='ocr_line' id='line_1_30' title="bbox 183 3402 1162 3495; baseline -0.009 -22"><span class='ocrx_word' id='word_1_236' title='bbox 183 3407 240 3483; x_wconf 78' lang='lat' dir='ltr'><strong>sed</strong></span> <span class='ocrx_word' id='word_1_237' title='bbox 257 3406 354 3472; x_wconf 88' lang='lat' dir='ltr'><strong>etiam</strong></span> <span class='ocrx_word' id='word_1_238' title='bbox 369 3405 466 3470; x_wconf 87' lang='lat' dir='ltr'><strong>totius</strong></span> <span class='ocrx_word' id='word_1_239' title='bbox 481 3405 568 3477; x_wconf 68' lang='lat' dir='ltr'><strong>viter</strong></span> <span class='ocrx_word' id='word_1_240' title='bbox 583 3402 636 3493; x_wconf 93' lang='lat' dir='ltr'><strong>qui</strong></span> <span class='ocrx_word' id='word_1_241' title='bbox 648 3406 832 3483; x_wconf 75' lang='lat' dir='ltr'><strong>veritatem,</strong></span> <span class='ocrx_word' id='word_1_242' title='bbox 846 3420 1000 3495; x_wconf 80' lang='lat' dir='ltr'><strong>qnantum</strong></span> <span class='ocrx_word' id='word_1_243' title='bbox 1015 3406 1094 3472; x_wconf 84' lang='lat' dir='ltr'><strong>ineis</strong></span> <span class='ocrx_word' id='word_1_244' title='bbox 1106 3403 1162 3468; x_wconf 75' lang='lat' dir='ltr'><strong>situ</strong></span> 
     </span>
     <span class='ocr_line' id='line_1_31' title="bbox 183 3505 1162 3603; baseline 0.002 -24"><span class='ocrx_word' id='word_1_245' title='bbox 183 3523 249 3590; x_wconf 84' lang='lat' dir='ltr'><strong>est,</strong></span> <span class='ocrx_word' id='word_1_246' title='bbox 265 3511 444 3580; x_wconf 79' lang='lat' dir='ltr'><strong>adultermit</strong></span> <span class='ocrx_word' id='word_1_247' title='bbox 465 3531 504 3578; x_wconf 81' lang='lat' dir='ltr'><strong>ac</strong></span> <span class='ocrx_word' id='word_1_248' title='bbox 521 3525 748 3601; x_wconf 84' lang='lat' dir='ltr'><strong>corrumpunt,</strong></span> <span class='ocrx_word' id='word_1_249' title='bbox 774 3512 824 3580; x_wconf 83' lang='lat' dir='ltr'><strong>vel</strong></span> <span class='ocrx_word' id='word_1_250' title='bbox 839 3515 946 3603; x_wconf 83' lang='lat' dir='ltr'><strong>potius</strong></span> <span class='ocrx_word' id='word_1_251' title='bbox 966 3505 1162 3581; x_wconf 69' lang='lat' dir='ltr'><strong>defodianttl*</strong></span> 
     </span>
     <span class='ocr_line' id='line_1_32' title="bbox 182 3617 1161 3689; baseline -0.002 -1"><span class='ocrx_word' id='word_1_252' title='bbox 182 3619 285 3688; x_wconf 67' lang='lat' dir='ltr'><strong>nunes</strong></span> <span class='ocrx_word' id='word_1_253' title='bbox 315 3617 520 3688; x_wconf 67' lang='lat' dir='ltr'><strong>infelicissimi</strong></span> <span class='ocrx_word' id='word_1_254' title='bbox 545 3618 706 3686; x_wconf 85' lang='lat' dir='ltr'><strong>carnalem</strong></span> <span class='ocrx_word' id='word_1_255' title='bbox 738 3623 928 3688; x_wconf 76' lang='lat' dir='ltr'><strong>concubitus</strong></span> <span class='ocrx_word' id='word_1_256' title='bbox 961 3617 1161 3689; x_wconf 64' lang='lat' dir='ltr'><strong>communium</strong></span> 
     </span>
     <span class='ocr_line' id='line_1_33' title="bbox 182 3725 1160 3821; baseline -0.004 -28"><span class='ocrx_word' id='word_1_257' title='bbox 182 3737 389 3802; x_wconf 85' lang='lat' dir='ltr'><strong>consecrant,</strong></span> <span class='ocrx_word' id='word_1_258' title='bbox 401 3737 435 3794; x_wconf 89' lang='lat' dir='ltr'><strong>et</strong></span> <span class='ocrx_word' id='word_1_259' title='bbox 445 3725 529 3794; x_wconf 79' lang='lat' dir='ltr'><strong>banc</strong></span> <span class='ocrx_word' id='word_1_260' title='bbox 539 3727 625 3816; x_wconf 86' lang='lat' dir='ltr'><strong>ipsos</strong></span> <span class='ocrx_word' id='word_1_261' title='bbox 633 3739 749 3819; x_wconf 87' lang='lat' dir='ltr'><strong>putant</strong></span> <span class='ocrx_word' id='word_1_262' title='bbox 761 3728 803 3796; x_wconf 87' lang='lat' dir='ltr'><strong>ad</strong></span> <span class='ocrx_word' id='word_1_263' title='bbox 813 3753 947 3821; x_wconf 67' lang='lat' dir='ltr'><strong>regnum</strong></span> <span class='ocrx_word' id='word_1_264' title='bbox 958 3731 1014 3798; x_wconf 89' lang='lat' dir='ltr'><strong>Dei</strong></span> <span class='ocrx_word' id='word_1_265' title='bbox 1025 3727 1160 3820; x_wconf 68' lang='lat' dir='ltr'><strong>perducet·</strong></span> 
     </span>
    </p>
   </div>
   <div class='ocr_carea' id='block_1_3' title="bbox 221 3873 1042 3943">
    <p class='ocr_par' dir='ltr' id='par_1_3' title="bbox 221 3873 1042 3943">
     <span class='ocr_line' id='line_1_34' title="bbox 221 3873 1042 3943; baseline 0.001 -18"><span class='ocrx_word' id='word_1_266' title='bbox 221 3873 229 3898; x_wconf 87' lang='lat'>¹</span> <span class='ocrx_word' id='word_1_267' title='bbox 241 3873 330 3926; x_wconf 74' lang='lat' dir='ltr'><strong>Marah.</strong></span> <span class='ocrx_word' id='word_1_268' title='bbox 340 3892 383 3939; x_wconf 78' lang='lat' dir='ltr'><strong>u,</strong></span> <span class='ocrx_word' id='word_1_269' title='bbox 395 3879 442 3937; x_wconf 59' lang='grc' dir='ltr'><strong>κάς</strong></span> <span class='ocrx_word' id='word_1_270' title='bbox 454 3878 514 3924; x_wconf 88' lang='lat' dir='ltr'><strong>Luc.</strong></span> <span class='ocrx_word' id='word_1_271' title='bbox 524 3891 584 3938; x_wconf 77' lang='lat' dir='ltr'><strong>xvi,</strong></span> <span class='ocrx_word' id='word_1_272' title='bbox 594 3875 619 3927; x_wconf 80' lang='grc'><strong>3.</strong></span> <span class='ocrx_word' id='word_1_273' title='bbox 628 3903 661 3915; x_wconf 92' lang='lat'>—</span> <span class='ocrx_word' id='word_1_274' title='bbox 671 3875 680 3901; x_wconf 89' lang='lat'>¹</span> <span class='ocrx_word' id='word_1_275' title='bbox 693 3877 780 3926; x_wconf 77' lang='lat' dir='ltr'><strong>blattb.</strong></span> <span class='ocrx_word' id='word_1_276' title='bbox 791 3895 815 3942; x_wconf 80' lang='lat' dir='ltr'><strong>v,</strong></span> <span class='ocrx_word' id='word_1_277' title='bbox 829 3883 859 3940; x_wconf 69' lang='lat'><strong>4²</strong></span> <span class='ocrx_word' id='word_1_278' title='bbox 869 3899 876 3934; x_wconf 85' lang='lat' dir='ltr'><strong>t</strong></span> <span class='ocrx_word' id='word_1_279' title='bbox 885 3883 945 3930; x_wconf 84' lang='lat' dir='ltr'><strong>Luc.</strong></span> <span class='ocrx_word' id='word_1_280' title='bbox 955 3897 993 3943; x_wconf 78' lang='lat' dir='ltr'><strong>rt,</strong></span> <span class='ocrx_word' id='word_1_281' title='bbox 1005 3878 1042 3930; x_wconf 82' lang='lat'><strong>30.</strong></span> 
     </span>
    </p>
   </div>
   <div class='ocr_carea' id='block_1_4' title="bbox 0 0 1210 4596">
    <p class='ocr_par' dir='ltr' id='par_1_4' title="bbox 0 0 1210 4596">
     <span class='ocr_line' id='line_1_35' title="bbox 0 0 1210 4596; baseline 0 1"><span class='ocrx_word' id='word_1_282' title='bbox 0 0 1210 4596; x_wconf 95' lang='lat' dir='ltr'><strong> </strong></span> 
     </span>
    </p>
   </div>
  </div>
 </body>
</html>
