2738 4628
504 303 631 348 corrui
654 303 803 348 unumne.
1128 279 1170 346 tt

132 445 144 480 ι
157 429 261 482 entem
275 417 458 485 securioud
474 419 619 486 redicem
631 423 781 488 arborum
795 420 898 511 potito
909 417 988 485 θεῖ’.
1006 446 1021 481 ι
1036 419 1078 485 Et
1096 418 1172 484 llie·

131 528 237 595 remias
252 539 366 594 antem
382 527 533 595 similiter
543 530 610 596 ait:
630 529 798 597 «Verbum
808 528 951 605 Domini,
965 529 1176 616 quemadmo-

131 637 231 704 »dum
244 637 398 726 bipennis
418 637 722 729 oaedonspormmt
740 667 754 703 r
770 641 841 706 lloo
857 661 933 728 ergo
949 638 1085 704 verbnm
1106 640 1176 704 ahs-

134 747 289 814 oouditum
300 749 432 814 anobis
445 749 672 826 manifestarit,
678 747 949 839 quemadmodum
956 747 1174 836 praediximue,

138 855 208 948 ligni
217 857 395 946 dispositio.
414 858 582 940 Quoniam
598 860 682 925 enim
698 883 755 948 per
766 853 888 949 lignum
904 858 1065 924 omisimus
1082 855 1175 933 illud,

139 987 192 1054 per
203 963 318 1054 lignum
332 967 461 1032 iterum
479 965 683 1034 manifestum
699 969 847 1034 omnibus
864 965 983 1034 loetum
995 979 1055 1043 est,
1067 978 1175 1032 osteu-

137 1073 444 1151 multitudinem,
460 1088 493 1141 et
506 1075 750 1165 longitudinem,
763 1089 796 1141 et
812 1075 1012 1142 latitudinem
1024 1077 1057 1142 in
1072 1099 1106 1142 se
1120 1100 1129 1141 ι
1143 1089 1176 1141 et

138 1184 433 1271 (quemadmodum
445 1186 527 1252 dixit
541 1186 670 1276 quidam
683 1188 722 1252 do
737 1185 934 1277 senioribus)
947 1203 1006 1277 per
1016 1189 1176 1254 extensio-

133 1317 199 1359 nom
216 1317 396 1371 munuum,
418 1294 505 1362 dnos
519 1294 653 1385 populos
671 1297 712 1361 ad
730 1319 833 1362 unum
851 1297 955 1364 Deum
967 1319 1161 1386 congregans

126 1405 200 1471 lluae
215 1407 357 1496 quidem
379 1429 514 1484 manus,
534 1407 608 1495 quia
627 1419 659 1473 et
676 1407 739 1472 duo
758 1405 868 1498 populi
892 1407 1025 1496 dispersi
1044 1408 1077 1472 in
1097 1406 1177 1474 lineo

124 1527 239 1580 terra:
255 1539 367 1582 unum
377 1527 493 1582 autem
505 1515 647 1582 medinm
661 1528 770 1605 eaput,
783 1517 935 1604 quonium
945 1527 978 1582 et
994 1538 1076 1583 unus
1091 1517 1177 1584 Deus

122 1649 223 1716 super
234 1649 368 1701 omues,
383 1637 420 1692 et
435 1648 495 1715 per
505 1648 629 1701 ornnes,
640 1637 674 1692 et
689 1625 722 1693 in
732 1627 883 1692 omnibus
893 1627 996 1692 nobis.

174 1769 273 1838 Hinc
287 1767 375 1839 dan
389 1769 583 1840 ocoa'sione
596 1769 646 1838 sic
661 1773 697 1838 B.
708 1770 860 1838 Mariam
874 1792 959 1840 cum
972 1771 1044 1838 Eva
1057 1789 1180 1864 pecca·

126 1891 224 1957 trice
242 1879 463 1983 comparat⁸
482 1910 490 1950 :

201 2021 485 2102 Quemadmodum
509 2023 596 2090 enim
618 2022 669 2090 illu
695 2047 752 2113 por
778 2021 890 2113 Angeli
916 2044 1097 2088 sermonem
1126 2044 1178 2087 se·

141 2132 247 2198 ducta
261 2146 310 2196 eet
323 2144 360 2196 ut
369 2131 521 2222 effugeret
536 2131 653 2209 Deum,
663 2133 865 2221 praevoriooto
882 2132 1019 2199 verbnm
1034 2133 1119 2220 ejus;
1134 2131 1178 2196 itu

137 2254 178 2308 et
196 2239 347 2330 lraeo'per
361 2239 549 2331 Argolicum
566 2263 745 2308 sermonem
758 2239 968 2330 evongelizntn
985 2251 1033 2305 est
1048 2251 1088 2306 nt
1103 2263 1179 2328 por-

130 2363 223 2418 taret
233 2353 354 2426 Deum,
367 2349 523 2418 obediens
534 2348 605 2437 ejus
618 2350 727 2415 verbo.
742 2348 820 2412 Etsi
838 2347 1081 2442 eninobodierat
1091 2347 1159 2416 Deo
1167 2371 1177 2419 ς

126 2462 195 2530 sed
208 2462 281 2528 haeo
295 2483 391 2527 suasa
407 2472 457 2526 ost
471 2459 604 2526 obedire
618 2457 701 2534 Deo,
718 2455 762 2522 nti
783 2455 911 2546 virginis
924 2457 998 2521 Erre
1015 2455 1102 2546 virgo
1119 2453 1182 2522 llu-

126 2574 184 2640 ria
198 2571 294 2638 lieret
310 2570 538 2637 advocarunt
553 2566 824 2659 quemadmodum
840 2565 1006 2632 astrictum
1021 2577 1069 2634 est
1086 2563 1182 2632 morti

127 2707 238 2774 geum
264 2681 453 2750 humanum
480 2703 538 2770 per
561 2679 731 2768 virginem,
754 2675 892 2744 solvatur
914 2700 972 2766 per
993 2677 1179 2768 virginem:

129 2819 227 2885 aquo
242 2794 339 2862 laneo
362 2792 531 2881 disposita,
546 2787 703 2880 virginalis
718 2787 944 2866 inobedientia,
966 2812 1024 2878 per
1041 2789 1179 2878 virgina-

131 2903 203 2971 nm
221 2901 459 2970 obedientiam.
484 2899 603 2967 Adhuo
622 2898 707 2966 enim
728 2894 919 2989 protoplasti
933 2911 1103 2988 peccatum
1122 2919 1181 2987 per

135 3014 380 3104 eorreptionem
391 3010 598 3102 primogeniti
610 3009 864 3088 emendationem
875 3009 1047 3100 aooipiem,
1061 3020 1094 3073 et
1109 3006 1181 3074 Sor·

136 3125 239 3213 pentir
251 3122 435 3214 prudentia
452 3119 576 3187 devicto
594 3119 627 3185 in
642 3117 798 3192 oolumbae
812 3119 1027 3209 simplicitate,
1046 3115 1179 3196 vinoulir

136 3245 243 3300 antem
257 3231 321 3300 illio
336 3227 497 3299 resolutis
511 3251 568 3318 per
582 3249 651 3318 quae
665 3225 780 3316 alligati
796 3249 923 3294 eramus
937 3227 1042 3296 morti.
1146 3273 1148 3281 ι

166 3381 277 3434 ‘flurin
288 3401 332 3444 ru,
346 3399 388 3433 ro.
402 3377 566 3428 —²Jerem.
578 3393 650 3436 ιιιιι,
664 3391 702 3438 ²9·

163 3469 244 3538 ’cap
257 3487 313 3531 m,
327 3488 356 3520 n.
376 3486 401 3528 ι,
412 3484 441 3532 p.
451 3463 511 3515 316.
