2382 4592
201 275 266 351 aab
513 294 685 339 euenum
709 294 920 339 sensianum

199 413 226 482 is
242 409 323 484 setas
332 411 437 502 ipsum
451 413 554 479 Deum
566 437 624 503 per
638 413 740 480 lilium
749 414 932 503 predicasse
946 413 1151 503 Sesiptumhb

1171 3935 1173 4014 l

201 521 314 610 (lignus
337 533 443 588 nutem
459 535 507 588 est
523 523 549 588 is
565 524 619 610 qui
635 547 691 589 sua
702 524 868 589 ennuntiat
879 523 1048 612 :·quonia1n,
1066 525 1150 599 «Nus,

200 629 320 718 »inquit
334 629 505 706 Dominus,
523 631 611 696 novit
622 643 744 720 patrem
758 683 766 706 ,
778 632 838 710 nisi
855 631 951 708 lilius,
967 644 995 696 et
1007 633 1050 696 eui
1062 631 1150 696 filiun

193 735 424 832 ..volusenus
448 739 503 804 Est
514 763 590 828 eigo
606 738 669 805 boo
688 740 885 805 eredendum
899 763 937 804 ex
949 738 1066 805 Platonis
1076 764 1149 826 qucqu

199 847 371 924 sententis,
385 848 481 914 etiam
496 848 522 913 si
534 849 643 936 absque
651 849 866 935 probabilibus
877 861 905 914 st
915 849 1065 914 necesariis
1074 847 1149 912 inse

200 955 400 1030 cretionibus,
418 978 476 1046 per
496 968 584 1022 vetus
603 968 636 1021 et
655 979 713 1044 per
730 979 851 1023 nonam
865 957 1076 1024 Testamentum
1087 957 1149 1045 prul

200 1077 290 1150 netur
304 1075 337 1129 et
352 1063 485 1150 dicetur⁸¹

254 1279 323 1369 14‘.
340 1281 642 1380 Philosophorum
662 1282 708 1354 de
730 1289 808 1356 Deo
836 1288 1018 1382 opiniones
1034 1307 1067 1354 ex
1084 1297 1148 1354 aon

200 1398 386 1492 Scn'ptura
401 1393 550 1466 fuerunt
562 1393 779 1494 desumptae²
795 1425 804 1466 ε

242 1617 362 1687 Verum
373 1643 443 1708 quae
455 1629 651 1710 sequuntur,
664 1603 885 1711 pertexamus,
900 1617 1144 1709 quaequeGam'lu-

199 1727 276 1795 bara
289 1751 329 1793 ex
342 1727 543 1817 Philosophia
564 1728 709 1816 suffurati
727 1729 808 1805 sint,
822 1729 853 1793 in
869 1729 1008 1793 medium
1022 1727 1141 1816 petus

201 1831 251 1900 Ae
275 1833 414 1922 primum
433 1833 562 1921 quidem
578 1834 677 1900 Stoici
692 1834 796 1899 Deum
811 1835 936 1922 ipsum,
952 1833 1066 1922 perinde
1083 1843 1101 1893 ut
1113 1827 1145 1893 ul

201 1965 313 2018 mum,
330 1965 464 2031 conpone
484 1966 522 2008 ao
534 1943 645 2031 spiritu
655 1955 773 2032 suapte
785 1955 898 2010 natura
911 1947 1045 2008 constare
1054 1939 1144 2005 telin

203 2049 301 2129 Quod
326 2062 498 2138 utrumque
524 2051 557 2115 in
583 2051 755 2140 Scripturis
785 2073 967 2139 expressum
989 2049 1099 2138 seprius
1114 2044 1146 2110 le

201 2157 289 2223 enim
303 2156 383 2223 mihi
406 2182 493 2224 nuno
516 2181 626 2224 sensus
653 2181 761 2225 earum
788 2159 906 2248 cogites
929 2158 1083 2247 allegoricos
1094 2153 1147 2237 uie

201 2265 289 2332 modi
311 2268 353 2332 ab
369 2267 493 2334 eruditu
509 2265 561 2333 illa
576 2277 608 2333 et
624 2269 755 2357 sapienti
770 2268 1075 2339 venitatetnadnntur,
1085 2264 1100 2327 si
1110 2260 1148 2324 itt

205 2375 263 2462 (ut
278 2375 416 2464 aperitis
432 2374 464 2440 in
479 2373 652 2444 luctatione
668 2376 735 2442 fieri
745 2374 844 2466 solet)
855 2365 1148 2445 allassontes&

202 2507 238 2550 re
254 2484 321 2573 ipsa
332 2483 511 2551 exhibeant.
531 2485 572 2550 At
587 2487 691 2550 Deum
706 2483 751 2550 illi
766 2497 915 2551 usturam
931 2507 1047 2551 omnen
1059 2495 1149 2569 ponsa

202 2589 330 2668 volunt,
344 2616 441 2682 quem
455 2616 512 2658 nos
524 2593 715 2660 Effeetomm
731 2592 853 2669 solum,
870 2592 1035 2682 etquidem
1047 2581 1150 2654 tebit

202 2699 358 2766 lectorem
377 2724 446 2766 esse
466 2701 610 2768 dicimus.
642 2703 767 2784 Quibus
785 2699 865 2766 illud
884 2702 1042 2790 Sapientia
1054 2691 1151 2783 inposui.

212 2808 377 2882 «Pervellit
400 2821 507 2876 autem
520 2833 559 2877 sc
570 2811 655 2876 subit
667 2834 725 2900 per
734 2809 842 2876 omnia
857 2822 984 2900 propter
997 2831 1069 2874 suan
1083 2796 1151 2869 nuti·

208 2916 326 2983 »tiam⁸
340 2941 376 2982 :s
399 2939 473 2984 cum
496 2917 530 2984 id
548 2917 588 2984 de
609 2917 662 2984 illa
680 2942 776 3006 quam
791 2919 877 2984 Deus
900 2909 1152 3003 omniumpndoe

205 3025 324 3091 creavit
342 3025 523 3114 Sapientia,
549 3024 672 3091 dictum
687 3049 755 3091 esse
767 3050 833 3092 non
848 3025 1053 3115 intelligerent.
1066 3014 1153 3090 loti*

204 3133 339 3221 quiunt:
367 3132 423 3197 sed
449 3144 555 3199 tamen
581 3132 784 3222 Philosophi,
811 3156 871 3200 neo
898 3129 1153 3200 steintunam

205 3229 312 3319 Pluto,
328 3251 424 3327 atque
439 3239 651 3330 Pythagoras,
668 3243 835 3309 sedetiam
851 3239 1025 3308 Aristoteles
1040 3225 1153 3320 Peripslll

206 3371 281 3425 cus,
297 3349 462 3414 materiam
480 3351 562 3415 inter
581 3350 739 3440 principia
755 3364 941 3426 numerant,
957 3373 1014 3415 non
1036 3338 1154 3434 principie

205 3479 306 3522 unum
322 3468 474 3523 statuunt.
496 3457 593 3546 Atqui
620 3461 725 3526 sciant
745 3460 795 3524 isti
817 3458 929 3536 velim,
945 3455 1083 3523 materian
1098 3444 1153 3510 lhu·

206 3585 302 3650 quem
320 3567 406 3631 omni
422 3577 454 3631 et
468 3563 618 3654 qualitate
637 3580 670 3633 et
693 3567 793 3657 ligura
811 3591 918 3634 catere
932 3567 1042 3636 neunt,
1057 3553 1154 3626 allel!

246 3743 254 3766 ¹
267 3745 464 3814 Matth.11,27.
482 3753 542 3801 Luc.
553 3769 598 3814 iu,
613 3771 653 3802 aa.

244 3831 254 3856 ¹
267 3836 323 3900 Peg.
334 3835 387 3902 699
399 3849 424 3885 et
435 3854 501 3904 seqq.

245 3922 384 4000 liuponi,
404 3924 444 3988 nl.
537 3983 539 3988 Ι
