2522 4608
239 292 303 358 556
555 307 727 354 cannensis
752 305 964 353 rnsssnmunr

238 427 364 494 nicrum
380 421 584 499 desiderium,
601 419 783 498 vinolentia,
799 432 833 488 et
848 443 939 488 amor
950 421 984 487 in
998 418 1162 498 molieress
1175 421 1256 492 lom

238 555 384 626 quoqne,
403 545 437 601 et
461 531 555 600 simul
572 532 792 599 universarum
815 528 1022 620 voluptatum
1042 529 1181 598 studium
1199 556 1208 596 ι
1229 533 1256 600 Ἰ

237 669 308 736 quse
326 645 432 710 omnia
449 641 652 732 tyrannidem
672 642 796 708 obtinet
812 639 980 730 cupiditas.
1004 639 1059 706 un
1078 651 1183 706 sutem
1196 663 1260 734 cop,

236 769 318 823 natae
334 751 581 821 innumertbiles
603 759 761 840 nugentur
780 749 977 827 affectiones,
1002 773 1043 816 ex
1061 751 1176 840 quibus
1197 775 1255 820 mc

235 889 285 932 res
307 866 554 954 intemperantes
571 861 613 926 ad
627 881 790 928 summum
810 859 1040 949 provebuntur.
1055 859 1141 927 Dicit
1161 873 1255 931 autc!

232 977 396 1066 Scriptma
419 999 426 1040 :
444 999 457 1034 ι
472 967 627 1039 Parantui·
647 972 933 1061 intemperantibus
948 969 1083 1060 tlsgeilo,
1100 983 1134 1036 et
1148 971 1256 1061 suppb

234 1113 247 1148 s
262 1087 312 1153 cia
327 1083 467 1152 humeris
486 1079 722 1170 insipientium¹
736 1103 745 1146 ι
767 1108 781 1144 ι
797 1080 879 1148 vires
897 1081 1161 1170 intemperentia,
1180 1083 1253 1171 ejus-

231 1217 294 1284 que
306 1189 852 1268 constantemtolerantiam,rooans
863 1189 1251 1266 numinensium

233 1303 431 1385 Quocirca„
447 1299 567 1367 Amore
583 1323 600 1364 a
617 1299 714 1365 servis
728 1291 791 1364 tuis
805 1321 877 1387 spes
896 1299 1020 1376 monce,
1035 1309 1070 1366 ct
1089 1299 1253 1378 indecoros,

231 1443 245 1476 ι
262 1414 385 1501 inquis,
404 1409 593 1498 cupiditates
608 1418 715 1474 averte
733 1429 751 1472 s
767 1429 830 1474 me.
848 1405 977 1475 Ventris
991 1411 1145 1498 appetitio
1161 1423 1193 1478 et
1208 1435 1255 1480 cs-

232 1553 246 1588 s
262 1524 324 1590 itus
346 1543 387 1587 ne
408 1541 462 1586 me
480 1516 721 1606 apprehendant
733 1515 756 1582 ².
775 1543 788 1580 s
808 1515 916 1610 Longe
935 1541 1011 1609 crgo
1033 1530 1112 1586 sons
1133 1504 1260 1591 παῦ

231 1631 403 1700 multifaria
426 1627 648 1694 insidiatorum
673 1623 829 1692 maleficio
858 1649 867 1692 s
899 1649 965 1696 non
990 1627 1032 1694 at
1058 1628 1160 1698 solam
1181 1631 1250 1698 roh

232 1742 501 1815 CratetisPerem,
513 1739 676 1804 sedetiam
686 1738 728 1805 ad
739 1749 882 1806 nostrum
894 1741 1058 1807 civitatem
1068 1743 1249 1832 nonns'qn

230 1852 346 1921 stultus
366 1849 534 1940 perasitus,
551 1869 612 1915 nec
626 1859 783 1914 scortator
804 1846 1005 1928 libidinosus,
1023 1851 1082 1939 qui
1104 1851 1245 1940 posteriori

231 1962 407 2032 delectatur
425 1971 533 2050 partes
550 1981 616 2024 non
635 1956 744 2024 dolose
761 1961 925 2036 meretrix,
949 1983 1009 2030 nee
1024 1959 1091 2026 ulla
1112 1959 1245 2050 ejunus&

230 2069 290 2137 alia
309 2068 479 2160 voluptatis
501 2064 617 2134 beliue.
639 2064 738 2132 Multa
760 2089 837 2158 ergo
855 2070 948 2136 nobis
969 2094 1027 2159 per
1048 2083 1151 2138 totam
1167 2073 1246 2138 sitm

230 2181 420 2255 seminetur,
433 2199 504 2266 que
518 2178 602 2242 bona
617 2177 658 2241 sit
676 2187 709 2242 et
724 2175 870 2254 honesta,
888 2181 1070 2271 occupetio.
1088 2182 1130 2248 ln
1144 2203 1247 2250 susm

228 2313 319 2382 ergo,
338 2288 387 2358 vel
406 2288 495 2378 jungi
509 2287 726 2362 matrimonio,
739 2286 789 2353 vel
803 2289 935 2356 omnino
950 2315 970 2356 a
985 2293 1189 2360 matrimonio
1199 2287 1260 2382 prs-s

228 2415 301 2466 rum
315 2421 385 2465 esse
395 2407 522 2488 oportet
537 2417 546 2462 s
561 2395 777 2484 inquestione
790 2398 877 2466 enim
896 2400 929 2466 id
945 2413 1103 2478 vomatur,
1119 2415 1154 2468 et
1168 2402 1260 2470 boos.

226 2507 319 2576 nobis
334 2505 590 2573 declaratumest
605 2507 638 2573 in
653 2504 736 2572 libro
752 2507 800 2574 De
818 2510 1024 2578 continentia.
1042 2513 1143 2592 Quod
1158 2513 1181 2580 si
1195 2513 1260 2602 bn,

227 2621 348 2707 ipsum,
368 2641 409 2685 sn
429 2617 576 2684 ducenda
596 2618 637 2684 eit
656 2641 748 2692 uxor,
766 2621 872 2688 veniat
890 2622 923 2688 in
944 2609 1259 2699 considerationnt

225 2729 388 2820 quomodo
408 2727 508 2796 libere
526 2729 741 2818 permittetur,
763 2733 1036 2819 quemadmodum
1052 2737 1256 2819 rursm

224 2841 268 2905 ita
289 2839 385 2904 etiam
400 2837 487 2905 coitu
506 2859 633 2926 semper
655 2837 715 2915 uti,
731 2849 884 2927 tanquam
898 2865 935 2910 re
948 2845 1149 2912 necessario?
1160 2847 1251 2919 Em

99 2973 106 2985 ·
226 2969 302 3039 ergo
317 2946 417 3014 videri
434 2957 567 3036 possunt
586 2946 674 3013 nervi
696 2959 848 3037 tanquam
866 2953 1003 3020 stamina
1019 2954 1162 3032 distrahi,
1176 2967 1209 3021 et
1249 3007 1257 3032 ,η

224 3057 404 3126 vehementi
424 3077 611 3146 congressus
630 3057 809 3124 intensione
828 3059 994 3151 disrumpi.
1016 3063 1091 3132 Jens
1115 3087 1188 3132 sero
1237 3119 1255 3150 ,ἱ

223 3169 329 3236 fundit
351 3167 450 3235 etiam
472 3164 640 3256 caliginem
665 3169 822 3250 sensibus,
845 3183 878 3238 et
901 3173 981 3238 sires
1003 3189 1142 3242 enervat.
1179 3186 1185 3210 '

224 3277 287 3348 boc
308 3291 341 3347 et
358 3280 391 3345 in
413 3277 628 3344 animantibus
647 3278 778 3344 rationis
798 3281 996 3371 expertibus,
1012 3295 1047 3350 et
1068 3285 1161 3351 iniis
1193 3322 1195 3333 ι
1252 3361 1255 3368 ¹

223 3391 258 3457 in
280 3387 505 3456 exercitatione
530 3398 696 3453 versantur
724 3391 914 3479 corporibus
937 3413 1103 3482 :quorum
1121 3394 1155 3460 bi
1190 3393 1233 3443 ν’

224 3499 367 3587 numqui
381 3493 555 3571 abstinent,
571 3494 605 3561 in
620 3497 848 3566 conaminibus
869 3514 1019 3592 superant
1040 3503 1118 3570 adv
1187 3505 1208 3553 ·,

224 3594 276 3676 itti
299 3629 374 3672 vero
394 3629 412 3672 a
429 3603 518 3672 coitu
535 3602 675 3670 abducta
698 3605 974 3698 circumaguntur,
994 3625 1028 3679 et
1048 3619 1168 3679 sontum
1198 3646 1201 3667 ι

221 3716 405 3790 trabuntur,
422 3714 570 3782 omnibus
586 3714 706 3782 siribm
722 3727 757 3784 et
775 3721 863 3787 omni
881 3721 1003 3812 impetn
1017 3723 1141 3790 undem
1171 3762 1174 3771 ·
1195 3754 1198 3773 ι
