2478 4594
121 242 181 312 aaa
430 267 603 316 cumano
629 269 848 314 araxaunarur

117 388 343 480 propinamus,
356 403 496 458 nonnam
507 389 661 458 lenientes
679 391 891 480 cupiditatem
908 438 920 466 ,
935 399 972 453 ot
987 385 1096 454 Deum
1107 385 1172 476 gle

99 495 278 564 ›silicantes
307 511 438 590 proptor
470 501 632 590 copiosam
660 497 873 568 donationem
903 519 1029 563 eorum
1063 495 1172 584 quta

120 607 271 680 fruuntur
284 608 448 687 homines,
461 621 493 676 et
505 609 591 698 quod
601 623 759 700 perpetuo
770 609 965 700 suppeditet
980 606 1171 672 nutrimenta

122 715 163 782 ud
174 729 379 808 augmentum
394 718 536 807 corporis
550 727 583 783 et
597 719 722 785 animae.
738 719 795 784 Est
807 729 921 785 autem
938 737 1175 804 supervacanea

122 824 299 914 respuenda
311 825 431 892 hlusica
446 825 499 893 illa
514 825 606 892 nimis
619 825 813 904 artificiosa,
829 849 906 916 quac
919 823 1049 912 frangit
1063 819 1176 888 animm

119 943 153 999 et
170 933 255 999 varie
279 933 376 1000 allicit
395 934 613 1023 passionibus,
634 947 669 1000 ut
691 957 763 1022 quae
783 934 824 1000 sit
839 931 1031 1021 aliquando
1054 929 1172 1018 quiden

120 1039 265 1130 lugubris
276 1090 285 1118 ‚
297 1040 469 1130 aliqnando
479 1065 555 1109 vero
566 1043 726 1133 impudica
738 1055 771 1124 et
783 1043 927 1108 incitans
939 1041 987 1107 ad
998 1037 1169 1112 libidinem,

57 1220 63 1230 ¹
119 1147 289 1236 aliquando
305 1161 413 1216 autem
429 1149 580 1240 limphata
591 1163 624 1216 et
636 1150 757 1217 insana.
773 1150 901 1216 Eadem
916 1149 1009 1215 ratio
1025 1159 1078 1211 cst
1089 1148 1169 1212 etiam

120 1257 162 1322 de
175 1255 378 1326 Astronomia
393 1281 402 1323 :
415 1279 452 1325 eo
463 1259 549 1324 enim
562 1281 635 1324 cum
647 1279 755 1324 rerum
767 1243 966 1323 sublimium
980 1253 1166 1344 cognitione,

120 1363 163 1430 de
186 1361 288 1453 figura
309 1365 465 1442 universi,
487 1377 520 1432 et
540 1365 613 1434 coeli
629 1365 854 1440 conversione,
871 1375 908 1430 et
927 1375 1101 1430 astronrm
1114 1385 1168 1426 mo

121 1473 211 1539 tione
218 1495 326 1562 agens,
337 1473 379 1540 ad
388 1481 551 1543 creantem
562 1473 712 1542 virtutem
724 1474 855 1564 propius
867 1472 1012 1538 adducit
1025 1495 1164 1543 annm,

120 1580 280 1672 donetque
294 1605 352 1649 nus
363 1582 456 1649 facile
466 1583 586 1649 sentire
603 1595 747 1675 tempora
762 1581 1007 1658 anniversaria,
1024 1579 1159 1646 mutatis-

124 1691 317 1767 remediis,
336 1701 488 1780 ortusque
509 1702 543 1757 et
565 1711 698 1760 occasus
713 1691 864 1758 sidorum.
889 1689 993 1756 Unde
1008 1713 1062 1756 ars
1076 1689 1152 1753 etiam

123 1798 291 1887 navigandi
303 1808 335 1864 et
351 1798 574 1889 Agricultura,
586 1797 757 1890 plurimum
772 1823 811 1866 ex
821 1823 858 1865 ea
868 1799 961 1888 capit
978 1795 1154 1863 utilitatu:

125 1905 208 1972 sicut
219 1905 461 1983 Architectura,
477 1919 510 1973 et
523 1931 573 1974 ars
587 1907 1053 1983 emendatissimum.
1068 1903 1160 1970 Efficit

122 2005 230 2080 autem
251 2004 347 2102 quam
369 2015 506 2081 maxime
526 2014 597 2084 hacc
619 2035 747 2108 quoque
768 2013 938 2103 disciplina
956 2015 1108 2080 utanima
1122 2013 1159 2075 sit

122 2121 163 2187 ad
177 2121 417 2211 percipiendum
429 2123 620 2214 promptior.
630 2135 663 2188 et
677 2145 789 2190 vorum
800 2121 993 2212 perspiciat,
1010 2135 1042 2186 et
1053 2119 1150 2184 sssum

124 2241 254 2318 arguat,
280 2241 447 2320 certasque
471 2233 668 2298 assensiones
693 2231 830 2298 inveniat
855 2241 889 2296 et
914 2230 1150 2320 proportiones,

125 2337 205 2403 adeo
222 2349 259 2402 ut
276 2349 409 2404 venetur
431 2338 533 2406 similo
550 2340 583 2408 in
601 2337 826 2408 dissimilibus:
842 2339 1036 2426 inducitque
1057 2359 1110 2402 nos
1123 2347 1157 2398 ut

125 2446 322 2518 inveniamus
338 2446 570 2537 longitudinem
583 2449 703 2537 absque
716 2445 896 2522 latitudine,
915 2457 950 2512 et
966 2445 1156 2536 superficiem

125 2577 196 2644 quae
214 2565 301 2622 earet
325 2553 511 2632 altitudine,
528 2565 560 2621 et
574 2565 733 2644 punctum
756 2554 842 2642 quod
857 2551 967 2621 nullas
982 2555 1074 2621 hahet
1084 2575 1152 2640 pur-

125 2673 191 2738 tes,
210 2674 243 2728 et
266 2688 283 2730 a
307 2662 473 2730 sensilibus
496 2687 555 2731 nos
572 2661 712 2730 traducit
734 2662 774 2729 ad
795 2687 832 2730 ea
854 2687 929 2750 quae
947 2662 1149 2754 percipiuntur

126 2769 340 2860 intelligentia.
370 2771 607 2860 Philosophiam
630 2793 707 2861 crgo
735 2769 886 2859 adjurant
914 2769 1100 2859 disciplina,
1123 2780 1155 2833 et

128 2879 196 2968 ipsa
219 2877 421 2968 Philosophia
446 2880 486 2946 ad
508 2879 711 2946 tractandum
736 2877 777 2946 de
800 2879 946 2944 veritate.
974 2881 1059 2945 Ecce
1082 2878 1157 2944 enim

129 2985 270 3075 chlamys
285 2987 425 3076 primum
439 2988 499 3052 fuit
513 2985 631 3064 vellus,
651 2987 765 3054 deinde
777 2995 927 3076 carptum
944 2986 1027 3063 luit,
1045 2999 1078 3052 et
1092 2988 1160 3052 suh-

128 3107 256 3184 tegmen
288 3107 473 3184 stamenque
499 3095 619 3163 lactum
642 3109 708 3173 est,
735 3095 850 3162 deindo
876 3096 941 3162 luit
970 3109 1156 3163 contextum.

128 3204 264 3294 Oportet
282 3227 358 3294 ergo
373 3205 511 3272 animam
524 3205 611 3294 prius
624 3227 692 3270 esse
709 3215 939 3295 praeparatam,
956 3217 991 3271 et
1007 3205 1091 3273 varie
1103 3202 1161 3270 eln-

128 3315 294 3389 horatam,
310 3325 480 3402 autequam
495 3313 615 3402 optima
629 3312 765 3379 evadere
779 3313 908 3402 poterit.

175 3421 257 3488 Cum
266 3420 391 3488 autcm¹
404 3432 535 3511 propter
546 3421 763 3509 proximorum
778 3419 965 3498 utilitatem,
978 3420 1032 3488 ulii
1043 3420 1160 3510 qru'clem

129 3553 165 3608 ¹so
182 3529 346 3596 conserant
363 3530 403 3596 ad
423 3528 644 3605 scribendum,
669 3527 720 3595 alii
741 3553 816 3595 vero
835 3530 1031 3597 adverbum
1049 3528 1160 3594 traden-

130 3637 208 3706 dum
223 3661 256 3703 se
271 3649 472 3727 comparent,
486 3659 560 3704 oum
573 3635 631 3704 alia
644 3637 787 3704 doctrina
799 3649 848 3703 est
862 3637 969 3715 utilis,
983 3651 1052 3704 tum
1065 3637 1157 3724 Scrip

130 3757 275 3826 surarum
302 3747 431 3813 Domini
451 3744 544 3813 lectio
566 3757 614 3813 est
634 3746 808 3814 necessario
833 3746 875 3813 ad
896 3771 1013 3814 eorum
1031 3771 1097 3836 qua
1121 3744 1158 3815 tl'o

170 3901 178 3941 l
198 3905 253 3980 tas·
269 3890 327 3965 :86-
