2412 4596
304 229 488 275 sraourrou
510 231 570 274 urs.
598 231 633 276 11.
925 213 984 278 105

27 381 181 450 Hortatur
192 373 345 473 denique
355 375 400 446 ad
411 369 579 449 virtutem
593 374 761 448 adhibitis
774 381 987 449 Sanctorum

14 491 155 590 semplis¹
170 519 178 562 ε

23 665 116 753 lleque
126 664 208 729 enim
218 675 338 728 veteres
350 661 435 740 illos,
452 664 505 752 qui
517 685 556 730 ex
567 663 649 752 Lege
661 663 805 730 vixerunt
815 714 824 740 ‚
834 690 848 725 ι
860 664 986 731 Annosa

14 795 101 840 aerem
116 772 236 862 genuit,
253 785 308 838 aut
322 783 479 862 praerupta
492 784 581 861 petra
597 796 631 837 :a
647 773 796 861 quoniam
811 772 906 862 igitur
922 773 988 840 sin-

14 903 47 950 ae
56 881 190 949 volebant
200 879 413 970 philosophari
425 931 434 956 ,
447 893 530 946 totos
545 881 663 970 seipsos
675 883 742 948 Deo
754 881 937 948 obtuleruut
951 905 989 952 ao

14 989 166 1067 donus,
190 1001 224 1054 et
242 989 275 1057 in
300 988 374 1056 lidei
396 990 550 1058 rationem
572 988 662 1058 relati
681 1001 765 1058 sunt
789 988 926 1059 Pulobre
948 990 990 1056 de

14 1099 58 1180 rdis
76 1099 193 1166 dioehat
214 1097 324 1175 zeno,
349 1119 383 1164 se
408 1120 509 1164 unum
528 1097 624 1166 malle
647 1097 763 1166 ludum
786 1099 910 1175 videre,
934 1099 990 1188 qui

14 1218 136 1284 arentur,
150 1228 245 1295 quam
261 1206 367 1272 omnia
383 1229 441 1296 pro
455 1203 572 1273 laboris
586 1207 787 1297 perpessione
805 1218 990 1296 argumenta

14 1315 97 1380 ten.
113 1314 207 1382 Nobis
218 1326 327 1380 autem
341 1325 414 1380 sunt
429 1314 570 1401 quotidie
584 1313 797 1382 redundantes
811 1328 989 1404 martyrum
1055 1325 1057 1338 '

14 1433 89 1500 atas,
108 1422 159 1510 qui
175 1423 291 1488 nostris
309 1433 492 1512 speetantur
510 1420 630 1499 oeulis,
651 1423 705 1510 qui
724 1434 906 1502 torrentur,
922 1436 993 1490 tor*

14 1543 119 1606 untur,
133 1543 165 1596 et
177 1531 281 1620 eapite
296 1543 496 1598 truncantur.
510 1532 689 1600 Eosomnes
700 1533 791 1621 Legis
802 1544 925 1609 metus,
937 1533 991 1621 qui

14 1637 68 1704 eluti
79 1639 259 1728 pedagogus
271 1640 312 1705 ad
324 1639 484 1709 Christum
500 1639 648 1716 deduxit,
666 1641 827 1716 exercuit,
844 1653 879 1707 ut
894 1641 993 1730 pieta·

14 1745 91 1814 ansel
101 1771 153 1837 per
159 1749 347 1837 sanguinem
354 1748 564 1816 ostenderent.
578 1750 683 1815 ‹Deus
693 1749 780 1814 stetit
790 1750 823 1816 in
835 1771 994 1838 synagoga

14 1853 138 1934 teum,
158 1857 190 1922 in
203 1857 313 1923 medio
333 1868 438 1924 autem
455 1857 539 1923 Deos
560 1857 712 1948 dijudicat
721 1856 744 1921 ².
760 1886 773 1919 ι
793 1859 957 1938 Quosnam
980 1857 995 1920 i

14 1961 72 2040 los',
82 1965 125 2052 qui
138 1978 211 2032 sunt
225 1963 388 2054 voluptate
404 1965 599 2054 superiores,
623 1965 676 2053 qui
695 1965 825 2031 vineunt
843 1964 993 2042 affectus,

14 2071 132 2156 uiseiunt
146 2074 398 2164 unumquodque
415 2095 610 2161 eorumquae
626 2073 765 2151 saciant,
782 2075 904 2162 eosqui
920 2085 995 2140 sunt

14 2179 125 2260 instet,
142 2183 195 2272 qui
209 2181 335 2250 mundo
347 2194 421 2250 sunt
435 2183 581 2270 majores.
601 2183 641 2248 Et
655 2205 764 2247 rursus
779 2206 787 2248 τ
805 2210 819 2243 s
833 2185 899 2272 Ego
911 2183 993 2258 dixi,

14 2287 226 2372 lliiestisetlilii
242 2290 384 2358 altissimi
399 2290 533 2358 omnes⁴.
550 2319 563 2352 s
583 2287 782 2372 Quibusnam
795 2291 871 2357 dioit
884 2291 996 2356 Domi-

15 2397 59 2464 ttt?
67 2399 120 2477 lis,
133 2401 205 2488 qui,
216 2400 325 2488 quoad
336 2399 404 2470 fieri
414 2411 534 2490 potest,
546 2397 689 2466 mortalia
698 2400 804 2464 omnia
816 2400 992 2488 repudiant.

15 2503 98 2572 ttius
108 2507 276 2597 Apostolus
292 2531 299 2574 ι
321 2506 409 2576 «Vos
418 2519 523 2574 autem
536 2531 600 2574 uon
612 2505 745 2598 amplius
756 2507 830 2572 estis
841 2507 874 2572 in
886 2529 994 2584 earne,

16 2613 95 2682 sedin
108 2617 216 2706 spiritu
226 2616 249 2682 ⁶.
270 2614 317 2682 Et
329 2641 432 2682 rursus
444 2614 519 2682 dicit
533 2639 543 2680 .·
558 2615 596 2682 ln
607 2637 703 2682 carne
714 2637 788 2682 eum
800 2615 918 2691 simus,
931 2638 995 2682 non

16 2724 163 2790 seeundum
178 2747 310 2792 manem
329 2722 499 2790 militamus
508 2723 534 2788 ⁸.
556 2723 638 2790 Caro
649 2722 727 2788 euim
737 2736 770 2790 et
789 2723 912 2814 sanguis
929 2745 996 2812 reg-

16 2851 72 2896 uum
86 2833 140 2900 Dei
155 2858 220 2900 non
231 2846 363 2922 possunt
373 2833 551 2922 possidere,
567 2854 670 2920 neque
683 2833 844 2921 corruptio
859 2833 997 2922 possidet

18 2933 321 3030 htonuptionem⁷n
360 2939 440 3007 ane
466 2953 607 3028 tunquam
634 2939 762 3005 loaniues
787 2938 994 3014 morieaiui⁸‚

17 3065 43 3110 as
55 3049 237 3140 redarguens
258 3049 336 3115 dixis
357 3048 502 3138 Spiritus.
524 3047 657 3138 Oportet
679 3071 754 3137 ergo
773 3070 831 3113 nos
848 3068 997 3113 exercere

17 3149 68 3222 lea
83 3158 237 3236 cavenda,
254 3179 325 3246 quse
343 3169 417 3224 sunt
430 3158 565 3224 obnoxia
589 3157 691 3233 vitiis,
715 3155 879 3245 fugiendo,
900 3167 934 3220 ut
955 3155 996 3232 ii,

18 3261 113 3331 uivere
126 3279 199 3334 sunt
214 3263 414 3357 philosophi,
429 3289 483 3332 eos
495 3266 603 3343 eibos,
620 3265 673 3353 qui
688 3265 822 3331 inuitant
837 3265 877 3330 ud
891 3263 999 3330 libidi-

18 3390 70 3448 m,
87 3387 117 3440 et
132 3374 317 3444 dissolutam
332 3373 365 3442 in
385 3373 482 3442 nubili
505 3373 736 3450 remissionem,
753 3383 786 3439 et
805 3370 949 3450 delicias,
966 3381 998 3438 et

23 3765 992 3848 ‘Pulnmn‚o.-¹uom.vm,9.-¹1cor.x,s.-'1d,xv,50.-·

20 3855 169 3929 hlmxu,
184 3884 208 3929 7.
