2448 4610
284 339 358 392 oms
381 339 471 382 uuus
493 322 663 382 ιἰιιιιιιιι.
931 322 991 400 46ι

19 479 78 524 ιιι.
99 457 245 538 Quonam
261 479 337 525 vero
357 459 455 526 modo
475 460 514 525 sb
535 460 580 524 eis
599 455 788 526 recesseris?
806 456 991 526 Vendendo.

1 565 2 568 ’
24 568 52 633 ἰι
66 567 161 657 ergo?
172 569 216 636 iu
228 569 380 635 nimirum
394 580 428 634 ut
442 567 635 658 praediorum
646 567 750 657 pretio
760 568 930 657 pecuniam
944 591 997 636 re·

20 677 84 743 issi
104 700 220 766 nempe
235 701 311 767 opes
326 679 440 767 opibus
455 676 698 753 commutando,
718 676 854 744 eonlluta
872 701 943 766 quae
963 680 996 743 iu

0 818 21 841 ιι
39 811 71 854 os
90 787 224 854 incurrit
244 786 448 855 substantie?
471 769 689 875 Nequaquam.
717 785 782 852 sed
805 787 902 851 itaut
923 784 996 853 loeo

3 936 6 955 ·
27 921 72 963 »m
86 921 155 985 quae
171 886 279 964 ¹unimo
293 911 367 964 unte
388 898 525 974 inerant,
542 919 638 985 quem
659 921 729 964 esse
747 897 869 964 salvum
891 899 994 987 cupis,

5 1042 32 1107 ι.
57 1008 179 1075 divitius
202 1007 332 1098 deilioes
353 1009 487 1097 viteque
509 1019 636 1076 aeternae
655 1009 794 1099 pararios
819 1009 879 1095 (ex
898 1009 995 1074 divini

1 1133 2 1136 ’
20 1116 79 1182 'oet
94 1117 220 1184 ratione
234 1117 376 1184 mandeti
390 1129 554 1185 consertos
569 1119 669 1186 enimi
683 1118 840 1208 effeetus)
856 1117 972 1184 inseres
980 1141 992 1192 ι

8 1258 12 1283 ι
25 1227 140 1315 quihus
150 1228 212 1294 erit
224 1228 281 1294 tihi
293 1251 416 1296 memes
428 1251 466 1295 eo
476 1242 650 1318 perpetuus
658 1228 762 1296 honor
771 1242 803 1296 et
813 1227 896 1295 selus
907 1241 996 1298 aetor-

0 1368 12 1391 ι
23 1360 62 1401 ue
76 1337 286 1426 incorruptio.
304 1337 341 1403 ln
355 1337 443 1404 huno
458 1337 592 1404 modum
606 1349 695 1404 route
710 1338 820 1404 vendis
835 1361 905 1427 que
920 1361 995 1428 pos-

15 1478 51 1522 -:.
62 1445 166 1514 multe
179 1445 230 1514 ills
242 1461 275 1514 et
286 1443 457 1538 superflua.
469 1460 503 1513 et
516 1471 587 1536 quae
602 1449 660 1514 tibi
675 1448 792 1516 eoelum
804 1449 992 1526 occludunt,

1 1588 25 1611 Ιιι
48 1554 110 1622 illis
127 1566 331 1624 commutans
346 1580 416 1644 qum
432 1555 568 1622 salutem
582 1556 696 1624 offerre
710 1559 844 1647 possint.
862 1557 919 1626 llln
941 1559 995 1626 hu·

17 1677 50 1730 nt
65 1663 188 1732 carnali
208 1665 273 1730 ritu
291 1687 447 1754 pauperes
460 1675 494 1730 et
514 1665 569 1752 qui
583 1664 632 1732 his
650 1667 833 1756 indigeant:
850 1680 884 1734 tu
904 1689 994 1744 vero,

3 1773 148 1842 a'taliltus
159 1798 274 1842 eorum
288 1773 359 1842 loco
374 1775 510 1863 receptis
520 1775 650 1853 divitiis,
662 1777 847 1844 thesaurum
858 1778 891 1843 in
906 1778 994 1844 celis

0 2004 10 2050 t
66 2041 75 2058 .
102 1995 179 2062 flaeo
204 2012 264 2083 per
287 1995 507 2085 metaphoram
533 1995 617 2063 dioto
644 2017 710 2064 non
735 1994 915 2086 intelligens
940 1995 992 2063 ille

10 2100 62 2168 ltis
75 2103 223 2191 pecuniis
237 2101 378 2192 locuples
393 2117 426 2171 et
446 2104 544 2172 homo
559 2102 701 2192 legalis¹‚
719 2127 822 2194 noque
840 2118 875 2171 ut
895 2107 993 2194 possit

11 2242 26 2269 ιι
45 2223 81 2276 ot
91 2235 219 2301 pauper
229 2235 297 2277 esso
313 2225 346 2279 et
357 2213 455 2290 dives,
472 2226 507 2279 et
520 2213 640 2280 hebere
651 2215 802 2302 pecunias
812 2225 845 2280 et
856 2216 990 2282 nonhu-

1 2365 37 2397 .,
50 2343 185 2388 necnon
201 2323 248 2387 uti
264 2321 380 2390 saeuulo
391 2336 424 2389 et
437 2345 503 2391 non
520 2323 579 2400 uti,
597 2323 674 2390 abiit
689 2323 785 2390 tristis
797 2335 829 2390 et
840 2347 990 2402 moerens,

39 2457 57 2497 a
75 2431 152 2496 ritae
174 2443 260 2496 sorte
275 2453 370 2519 quam
386 2430 586 2500 solummodo
600 2455 733 2522 cupere,
748 2454 787 2499 uo
808 2455 874 2500 non
894 2433 991 2498 etism

3 2565 69 2606 Ιιιιιι
82 2541 195 2630 potuit
203 2565 215 2614 ;
229 2541 281 2628 qui
296 2541 355 2608 sibi
366 2542 518 2607 nimirum
528 2541 616 2630 quod
627 2542 764 2614 arduum
774 2553 856 2618 eret,
872 2541 991 2631 impos-

0 2657 7 2709 ι
23 2683 27 2692 ·
50 2650 248 2720 reddiderit.
263 2651 409 2718 Arduum
423 2675 561 2741 nemque
576 2673 616 2719 oo
627 2650 755 2720 difficile
769 2675 836 2720 non
851 2653 991 2720 eircum-

0 2799 8 2822 .
35 2763 193 2828 animum
208 2773 242 2828 et
256 2759 450 2838 labefactari,
467 2763 666 2828 effluentium
682 2764 840 2830 bonorum
858 2762 989 2828 llorids-

13 2871 129 2960 spocie
140 2870 302 2959 prestigio
314 2893 413 2958 prope
423 2870 646 2958 obrepentium
657 2872 831 2960 conspicuo
842 2895 941 2939 censu
951 2893 991 2939 so

6 2979 80 3053 tiisz
96 3001 169 3046 non
184 2991 290 3046 tamen
301 2979 495 3068 impossihile
511 3001 586 3049 uum
604 2979 654 3047 his
672 2981 769 3050 etiem
784 2981 925 3048 nancisci
940 3003 991 3046 sa-

6 3112 55 3165 m,
72 3090 102 3154 si
117 3089 208 3178 quis,
221 3090 260 3156 eh
279 3089 315 3155 iis
332 3091 445 3178 opibus
461 3113 531 3177 quse
549 3089 726 3158 insensum
742 3090 874 3166 cudunt.
886 3089 928 3154 ed
938 3111 992 3156 ess

0 3236 1 3243 ι
23 3199 172 3266 usserat
187 3194 257 3286 qum
272 3199 305 3264 in
320 3209 427 3292 mente
449 3197 681 3288 intelliguntur,
701 3200 831 3289 Deoque
854 3199 993 3266 docente

2 3340 17 3365 ιι
40 3319 147 3383 ntur;
165 3309 356 3396 noveritque
376 3283 459 3376 hene
482 3308 527 3374 uti
548 3307 608 3375 illis
631 3331 701 3396 qum
720 3307 894 3397 promiscui
917 3330 991 3374 [rsus

12 3469 24 3496 ,
41 3419 251 3508 propriaque
266 3416 309 3484 illi
324 3418 447 3486 ratione
457 3430 490 3484 et
505 3430 541 3484 ut
556 3418 653 3486 enimi
668 3417 823 3484 desiderio
838 3419 879 3484 ad
895 3418 992 3485 vitum

20 3553 99 3596 ιιιιι
123 3530 279 3595 enitatur.
300 3529 386 3612 Quin
403 3541 436 3594 et
454 3527 619 3618 discipuli,
639 3526 684 3592 illi
701 3526 831 3615 quidem
852 3527 992 3616 primum

0 3663 54 3704 ιιι
70 3637 225 3728 perculsi
240 3660 279 3704 eo
300 3637 426 3704 attoniti
441 3648 526 3704 sunt.
546 3637 621 3716 Quo
636 3656 750 3724 nempe
766 3636 898 3702 audito?
913 3657 991 3703 num

4 3780 8 3803 ι
40 3750 111 3839 ipsi
131 3769 266 3839 quoque
283 3745 398 3815 multus
414 3747 565 3838 pecunius
582 3745 768 3812 hebebant?
785 3745 904 3814 Verum
923 3747 989 3836 ipsa

3 3881 67 3924 =ue
84 3856 168 3924 vilia
188 3856 268 3923 retia
280 3855 456 3943 humusque
472 3879 507 3921 ac
520 3853 703 3943 piscatorios
723 3855 854 3944 soephes
869 3855 990 3924 lintres·

1 3984 53 4037 'ide
71 3987 110 4036 D.
123 3987 244 4042 Gnidon,
259 4001 286 4050 p.
297 3983 346 4044 436
358 3992 385 4035 et
396 3999 469 4048 seqq.
