2614 4628
472 296 638 342 ΟΕΤΔΠΜ.
1017 299 1075 364 109

39 413 135 482 coditi
156 435 237 480 oum
262 413 480 504 triumphator
501 427 533 481 et
557 415 672 490 victor,
693 413 753 508 ipsi
776 413 832 504 qui
852 413 1023 481 adversum
1043 439 1077 482 se

39 525 220 592 sententium
236 523 337 600 dixit,
354 522 506 590 insultet?
522 525 596 590 vicit
610 523 710 599 enim,
727 523 782 612 qui
805 523 892 611 quod
912 524 1078 590 contendit

38 634 174 703 obtinuit.
200 633 289 713 Quis
311 659 380 702 uon
402 633 493 702 miles
511 636 569 701 sud
589 632 690 700 oculis
710 634 908 722 imperatoris
923 633 1077 700 nudneius

37 741 203 832 perieulum
230 741 414 831 provocet?
438 723 534 808 nemo
556 741 642 808 enim
659 743 826 830 premium
849 742 986 833 percipit
1001 755 1076 810 ante

37 851 284 942 experimentum
302 864 362 918 :et
375 852 547 942 impertitor
562 864 683 929 tumen,
699 853 786 942 quod
802 853 990 929 nonhabet,
1007 875 1074 920 non

37 964 101 1029 det:
120 986 184 1030 non
206 977 323 1054 potest
344 985 519 1054 propagare
542 965 652 1040 vitum,
671 976 775 1055 potest
797 964 967 1032 honestare
988 964 1074 1031 miti-

37 1075 112 1140 tirm.
126 1073 167 1142 tt
179 1075 271 1142 enim
284 1075 351 1140 Dei
363 1073 455 1142 miles
470 1074 574 1142 necin
587 1073 696 1142 dolore
709 1074 883 1149 deseriturs
895 1097 955 1144 nec
969 1087 1075 1142 morte

38 1183 144 1248 imitm.
161 1183 216 1250 Sic
232 1183 436 1252 christianus
452 1184 548 1250 miser
563 1184 662 1250 videri
680 1196 797 1274 potest,
813 1209 880 1252 non
902 1197 1006 1275 potest
1026 1186 1073 1254 iu·

40 1292 136 1358 veniri.
151 1291 216 1360 Vos
230 1293 303 1383 ipsi
318 1290 518 1362 calamitosos
531 1295 614 1362 viros
631 1293 720 1360 sertis
735 1295 775 1360 ed
785 1292 919 1372 culum,
932 1295 1074 1364 Mucium

42 1400 215 1479 matutam,
232 1403 295 1490 qni
320 1425 395 1470 cum
414 1414 549 1470 errasset
569 1404 603 1470 in
625 1427 746 1492 regem,
767 1406 900 1494 perisset
921 1406 953 1473 in
973 1405 1075 1473 hosti·

44 1511 106 1587 bus,
126 1511 185 1576 nisi
208 1511 384 1580 dexteram
407 1513 604 1602 perdidisset.
633 1515 675 1582 Et
699 1528 779 1602 quot
800 1539 840 1582 ex
866 1517 982 1583 nostris
1008 1541 1073 1582 non

47 1619 194 1688 dexteram
207 1621 333 1700 solum,
352 1623 409 1688 sed
423 1635 527 1690 totum
542 1647 659 1712 corpus
678 1626 739 1704 uri,
758 1625 906 1701 eremari,
920 1625 988 1692 sine
1004 1625 1075 1692 uilis

47 1731 202 1821 ejulatibus
213 1731 437 1824 pertulerunt,
449 1756 526 1800 curn
541 1733 657 1800 dimitti
672 1734 849 1823 presertim
865 1733 1023 1800 heberent
1039 1735 1073 1800 in

51 1863 100 1906 sua
107 1843 280 1929 potestate?
295 1839 391 1908 Viros
408 1863 482 1908 eum
494 1841 614 1919 Mucio,
628 1841 677 1909 vel
694 1867 768 1910 cum
783 1842 925 1932 Aquilio,
943 1855 998 1910 eut
1012 1843 1073 1910 Re-

55 1949 121 2039 guin
147 1954 323 2044 comparo?
349 1954 445 2020 Pueri
468 1965 501 2018 et
532 1953 729 2022 muliercule
752 1967 870 2024 nostrae
898 1977 1011 2022 cruces
1040 1969 1073 2020 et
1155 1971 1157 1974 ·

59 2071 215 2138 tormenti,
234 2064 326 2138 ierus,
342 2076 376 2130 et
400 2083 512 2130 omnes
534 2061 764 2154 suppliciorum
786 2063 952 2136 terriculas
979 2065 1075 2152 inspi-

63 2183 124 2237 rate
142 2173 283 2260 patientie
305 2173 423 2240 doloris
448 2172 598 2242 illudunt.
618 2175 684 2244 Neo
706 2173 893 2263 intelligitis,
910 2199 930 2240 o
950 2175 1072 2250 miseri,

60 2281 206 2350 neminem
227 2306 292 2349 esse
309 2283 364 2371 qui
389 2295 444 2350 eut
465 2282 534 2349 sine
557 2281 681 2348 ratione
702 2280 777 2348 velit
797 2305 925 2370 prunum
950 2283 1072 2357 subire,

57 2405 106 2458 sut
121 2405 268 2462 tormenta
281 2396 350 2461 eine
365 2393 434 2462 Deo
455 2393 557 2483 possit
576 2392 743 2460 sustinere.
764 2391 831 2460 Nisi
848 2392 932 2458 sorte
949 2415 1002 2458 vos
1018 2391 1071 2456 de-

54 2505 135 2594 cipit,
156 2508 240 2595 quod
260 2507 366 2574 Deum
385 2507 564 2572 nescientes
593 2503 710 2572 divitiis
736 2503 881 2579 effluent,
896 2503 1073 2570 honoribus
1162 2502 1166 2512 ’

52 2613 185 2696 doment,
204 2616 346 2708 polleant
368 2617 590 2708 potestatibus.
614 2615 739 2684 Miserii
757 2615 791 2682 in
811 2615 876 2682 hoc
897 2614 991 2682 ultius
1011 2613 1075 2680 tol-

51 2723 158 2802 luntur,
169 2741 210 2794 ut
233 2726 383 2794 decident
402 2725 504 2792 eitius.
525 2726 565 2792 Hi
580 2725 666 2792 onim
684 2737 720 2790 ut
734 2725 870 2792 victimoe
888 2725 929 2791 nd
953 2721 1075 2813 suppli·

52 2839 127 2906 cium
139 2843 338 2931 saginantur,
354 2850 390 2906 ut
403 2838 516 2904 hostiae
530 2837 571 2904 nd
586 2858 716 2926 posnam
730 2847 935 2904 coronentur.
954 2837 993 2904 ln
1013 2835 1089 2902 hoc

53 2949 120 3020 adeo
132 2953 265 3041 quidum
280 2951 420 3041 imperiis
436 2973 473 3016 ac
489 2947 759 3016 dominationibus
775 2948 955 3037 eriguntur,
973 2958 1009 3012 ut
1022 2947 1072 3012 in·

52 3061 165 3148 genium
191 3085 307 3128 eorum
330 3059 461 3149 perditae
485 3071 608 3126 mentes
634 3057 761 3126 licentis
782 3058 947 3148 potestatis
971 3055 1074 3122 libere

52 3171 419 3260 inmansuetosque
442 3170 529 3238 enim
553 3169 666 3238 notitia
689 3169 761 3249 Dei,
782 3193 856 3259 quae
877 3179 984 3258 potest
1006 3189 1075 3234 esse

53 3279 140 3349 solida
158 3281 313 3350 felicitas?
332 3305 408 3348 cum
429 3303 515 3348 mors
535 3281 589 3357 sit,
610 3280 734 3348 somnio
757 3275 881 3354 similis,
903 3288 1073 3364 antequam

54 3401 169 3458 tenetur
190 3391 342 3460 ebibitur.
367 3391 435 3460 Rex
454 3390 509 3458 eei
532 3403 599 3458 tem
629 3391 736 3465 times,
761 3409 860 3477 quern
883 3385 1018 3476 timeries
1044 3397 1077 3454 et

55 3502 216 3590 quemlibet
237 3503 279 3570 sis
301 3501 405 3570 multo
429 3501 582 3568 comitatu
603 3499 750 3592 stipatus.
776 3495 818 3562 nd
838 3491 1016 3584 perieulum
1031 3506 1077 3560 tn·

55 3635 118 3680 nen
137 3609 221 3680 seius
242 3635 288 3678 es.
318 3610 412 3678 Dives
437 3610 495 3678 es?
522 3612 578 3683 sed
598 3610 735 3678 fortune
757 3604 840 3674 mole
867 3605 1022 3684 creditur,
1042 3618 1075 3672 et

56 3725 282 3814 apostatico
297 3725 396 3790 breve
406 3723 478 3789 vitu
492 3722 553 3790 iter
568 3743 632 3790 uon
644 3717 828 3792 instruitur,
841 3715 898 3782 sed
910 3728 1072 3782 oneretur.

57 3833 191 3904 Fncibus
200 3849 233 3904 et
248 3835 401 3927 purpuris
415 3833 581 3926 gloriaris?
592 3854 691 3897 vanus
704 3851 794 3894 error
809 3827 947 3896 hominis
963 3839 997 3894 et
1011 3827 1077 3891 inn·

58 3947 96 4013 uit
115 3947 214 4018 cuitus
238 3946 415 4038 dignitatis,
436 3941 558 4032 fulgere
579 3963 732 4030 purpure.
749 3951 855 4006 mente
877 3937 1073 4006 sordescere.
