2614 4628
625 106 634 140 l

331 371 336 382 ς
357 307 559 352 conoararto
583 311 622 352 ‚an
646 303 776 352 usurus.
1025 312 1078 352 rar
1147 334 1148 341 ι

27 417 173 480 ridentur
191 415 371 482 Thracius
382 415 435 482 ille
447 415 605 506 Orpheus,
618 426 652 481 et
664 415 835 488 Thebanus
853 412 947 490 altor,
963 416 1086 482 tertius·

28 547 82 612 que
95 525 373 614 blethymnaeus,
383 529 441 594 riri
456 529 672 616 qnidam,uon
688 528 758 604 riri,
774 528 962 614 impostores
978 527 1086 604 fuisse,

29 636 77 722 qui
91 649 267 724 praetextu
284 639 422 706 musieae
437 637 668 704 labefactarunt
679 635 851 704 humanam
863 636 973 712 vitam,
988 648 1087 725 utque

30 769 127 812 mores
141 749 340 838 ingeniosis
361 750 426 814 suis
442 749 605 838 praestigiis
618 761 872 837 corrumperent,
890 749 1087 815 daemoniaco

31 858 166 945 quodam
191 860 319 924 furore
340 858 507 934 stimulati,
523 860 641 947 probra
663 868 697 924 et
717 857 842 924 dolores
863 858 1031 924 bominum
1052 856 1086 922 in

32 967 223 1057 religionem
251 971 461 1058 deorumque
486 967 690 1035 caeremonias
714 967 881 1043 trahendo,
902 989 957 1031 eos
981 966 1023 1031 ad
1042 966 1085 1030 si-

32 1077 261 1146 mulacrorum
283 1079 415 1146 cultum
436 1081 528 1168 primi
549 1091 784 1146 converterunt.
802 1060 986 1158 Quinetiam
1004 1075 1085 1165 lapi-

35 1188 121 1254 dibus
131 1201 168 1253 et
189 1188 314 1278 liguis,
330 1189 397 1256 boe
413 1203 461 1254 est
473 1190 583 1255 statuis
597 1201 629 1256 et
644 1187 834 1262 simulacris,
848 1202 997 1277 tanquam
1016 1189 1086 1254 suu-

37 1299 193 1366 damentis
219 1300 463 1368 constituendae
482 1301 566 1367 inter
583 1312 691 1390 gentes
713 1300 903 1388 impuritatis
920 1301 981 1377 usi,
999 1297 1085 1364 illam

39 1434 105 1496 rere
125 1409 316 1500 pulchram
339 1410 520 1478 libertatem
536 1411 703 1479 hominum
726 1413 786 1478 sub
809 1409 890 1476 coelo
910 1412 1083 1506 agentium,

41 1524 239 1590 carminibus
265 1523 336 1588 suis
354 1535 389 1587 et
407 1523 674 1588 incantationibus
692 1533 842 1587 extremas
862 1521 1003 1586 servituti
1022 1517 1085 1586 illi·
1138 1553 1141 1558 ·

43 1645 164 1718 gerunt.
174 1631 256 1698 Non
269 1643 323 1698 est
337 1643 446 1698 autem
457 1631 613 1721 ejusmodi
625 1655 716 1698 meus
728 1644 852 1706 cantor,
864 1632 932 1720 qui,
941 1642 977 1695 ut
986 1632 1085 1697 serri-

46 1741 120 1806 tium
139 1741 337 1808 daemonum
353 1740 527 1807 crudeliter
538 1741 770 1810 dominantium
786 1743 874 1807 brevi
886 1741 1084 1818 dissolveret,

50 1849 199 1916 aduenit:
216 1875 277 1916 nos
294 1863 404 1917 autem
422 1852 551 1918 admits
566 1864 599 1917 et
609 1852 701 1920 facile
712 1855 824 1942 jugum
837 1854 963 1942 pietatis
975 1855 1086 1920 tradu-

55 1960 109 2034 eit,
122 1959 280 2046 humique
294 1960 439 2048 abjectos
453 1961 494 2025 ad
516 1960 633 2027 eoelum
655 1975 792 2030 revocat.
814 1963 908 2030 Solus
923 1964 1018 2054 igitur
1032 1962 1085 2030 illo
1132 2047 1134 2052 Ι

60 2069 142 2134 inter
156 2092 266 2135 omues
280 2093 355 2157 quos
370 2069 478 2137 adhue
492 2073 651 2148 norimus,
668 2073 748 2140 seras
767 2076 962 2151 sevissimus,
982 2075 1085 2141 homi-

62 2199 132 2252 nes,
146 2175 368 2242 mansuefecit:
382 2176 527 2243 volueres
542 2178 684 2266 quidem,
697 2181 751 2268 qui
770 2178 852 2246 leves
864 2205 902 2248 ex
914 2180 973 2246 illis
992 2193 1080 2255 sunt;

60 2284 199 2375 reptiles,
224 2286 279 2374 qui
296 2286 499 2375 deceptoresr
526 2286 647 2364 leones,
670 2289 723 2375 qui
744 2289 904 2363 iracundis
922 2315 1005 2367 sues,
1032 2292 1085 2378 qui

57 2394 269 2484 voluptatibus
288 2394 405 2469 dediti;
432 2394 523 2484 lupos
545 2396 695 2483 denique,
718 2397 771 2484 qui
794 2419 932 2485 rapaces.
954 2397 1087 2486 Lapides

53 2518 158 2571 autem
181 2516 216 2570 et
230 2503 317 2594 ligna
342 2515 415 2571 sunt
435 2505 630 2595 insipientes,
647 2507 707 2594 nisi
731 2508 816 2594 quod
838 2509 892 2595 qui
914 2507 1087 2596 ignorantia

52 2619 217 2692 imbuitur,
235 2618 311 2706 ipsis
326 2639 454 2706 quoque
474 2616 631 2708 lapidibus
648 2619 804 2708 stupidlor
818 2641 886 2684 esse
909 2620 1088 2708 comperia-

50 2744 112 2795 tur.
130 2728 261 2794 Testem
273 2727 395 2795 adroeo
411 2751 523 2795 vocem
537 2726 858 2825 illampropbeticam
874 2729 996 2795 veritati
1012 2751 1087 2796 con-

51 2863 173 2914 sonam,
198 2862 262 2927 qua
290 2835 475 2926 deploratur
496 2861 607 2904 eorum
629 2840 755 2905 miseria
778 2839 1028 2928 quiignorantia
1054 2851 1087 2904 et

52 2951 188 3016 amentia
203 2959 439 3015 conteruntur:
455 2973 468 3010 ι
483 2949 596 3016 Potens
608 2951 694 3016 enim
711 2962 758 3016 est
773 2951 857 3016 Deus
873 2951 913 3016 de
928 2949 1088 3038 lapidibus

54 3059 147 3124 »istis
160 3057 316 3124 suscitare
331 3056 413 3123 lilios
428 3057 564 3126 Abrabae
573 3057 596 3122 ¹.
614 3087 628 3121 ι
645 3059 709 3139 Qui
728 3062 898 3126 maximam
914 3081 1026 3125 eorum
1038 3059 1088 3123 in-

53 3171 175 3236 scitiam
195 3181 229 3234 et
248 3168 481 3234 duricordiam
494 3169 660 3235 miseratus
675 3171 729 3258 qui
753 3171 793 3236 ad
814 3171 980 3236 veritatem
995 3167 1088 3256 plane

54 3279 172 3368 lapides
194 3278 269 3344 iacti
284 3289 373 3351 sunt,
388 3300 428 3341 ex
449 3277 498 3342 bis
514 3275 683 3366 lapidibus,
706 3301 822 3367 nempe
842 3278 1001 3368 gentibus,
1018 3301 1088 3366 quae

54 3391 86 3452 in
99 3387 221 3476 lapides
236 3387 454 3461 crediderunt,
470 3387 593 3475 pietatis
609 3411 718 3454 semen
733 3411 827 3454 sensu
844 3387 965 3452 virtutis
977 3389 1088 3477 predi-

56 3509 124 3560 tum
141 3497 310 3562 suscitarit.
329 3495 469 3561 Rursum
485 3493 553 3561 illos
568 3497 726 3566 venelioos
741 3509 774 3562 et
789 3496 967 3586 versipelles
981 3497 1087 3587 hypo-

59 3607 163 3680 critas,
180 3605 233 3694 qui
246 3605 376 3693 justitiae
388 3602 470 3670 clam
482 3605 724 3682 insidiabantur,
738 3607 875 3695 quodam
893 3607 963 3674 loco
979 3636 992 3667 ι
1010 3631 1086 3696 pro-

59 3743 71 3774 ι
85 3716 209 3804 geniem
222 3713 420 3804 viperarum²
436 3743 449 3776 ι
464 3714 631 3806 appellarit
645 3739 654 3780 r
673 3716 729 3782 sed
743 3728 849 3782 tamen
864 3718 977 3785 borum
991 3721 1086 3784 etiam

61 3835 238 3911 serpentum
260 3824 285 3890 si
309 3825 379 3912 quis
400 3824 575 3890 voluntaria
597 3825 711 3891 ductus
733 3827 927 3914 punitentia,
944 3827 1086 3897 Verbum

94 3951 201 4006 ’narra
214 3974 250 4018 ur,
264 3975 288 4022 9.
302 3957 365 4006 Luc.
378 3975 418 4020 ur,
428 3959 453 4008 8.
466 3986 496 3996 -
507 3957 518 3992 ²
528 3956 618 4008 Marah.
634 3975 671 4018 ιιι,
683 3977 706 4025 5.
720 3959 780 4009 Luc.
794 3977 830 4022 nr,
840 3979 863 4028 7.
