2448 4610
338 257 530 310 ιιιοιιιιιιι
550 258 612 308 ur.
637 257 659 307 ι.
996 235 1016 314 ³

33 381 220 456 Disceutes
238 395 360 456 autem
377 381 422 456 de
438 386 594 459 scientiae
613 385 731 484 pretio
747 384 798 457 sic
814 377 1019 464 admonitos

12 502 137 570 nrat¹r
400 527 401 532 ¹

36 692 91 778 Qui
106 692 141 764 in
158 695 261 766 verbis
273 697 411 767 veritatis
429 721 579 790 germane
597 709 630 767 et
648 692 772 766 siucero
790 705 864 770 eunt
879 695 1017 796 educati,

12 804 198 894 coeptoritae
209 817 335 880 eterne
347 807 473 886 rietico,
482 806 632 878 sublimes
644 807 677 880 in
689 805 805 876 celum
816 805 971 879 seruntur.

35 1013 218 1114 Utrosque
240 1033 361 1093 autem
372 1071 382 1110 ‚
404 1015 568 1090 adhibito
586 1017 816 1090 Eucharistiae
833 1013 1021 1117 exemplo,

12 1132 59 1204 ise
73 1132 119 1206 ad
138 1135 413 1225 seminandum,
432 1139 507 1209 sive
521 1133 566 1209 ad
584 1135 832 1238 accipiendum
850 1133 1020 1231 verbum,

12 1252 99 1348 iguis
110 1257 225 1326 animi
238 1251 402 1330 sensibus
417 1253 587 1328 accedere
601 1253 728 1352 jubet:

29 1443 161 1516 Necesse
175 1461 224 1517 est
235 1474 309 1542 ergo
322 1463 472 1540 utrosque
483 1475 537 1518 eos
549 1453 685 1543 probare
696 1449 813 1542 seipsos
824 1474 832 1517 τ
843 1447 933 1520 illum
946 1447 1019 1545 qui-

12 1555 70 1631 em,
83 1581 121 1624 au
130 1557 247 1648 diguus
259 1561 310 1639 sit,
324 1561 377 1652 qui
394 1561 479 1628 dicat
490 1573 522 1626 et
530 1561 725 1628 monimenta
736 1559 894 1652 relinqunt
909 1583 917 1625 :
930 1557 1018 1626 hunc

12 1685 80 1742 ero,
97 1691 135 1734 su
150 1669 225 1760 jure
241 1669 339 1758 possit
354 1669 463 1736 audire
478 1682 510 1736 ct
525 1667 639 1760 legere.
655 1667 933 1754 Quemadmodum
953 1669 1019 1738 Eu-

12 1769 164 1842 lnristiam
189 1801 263 1844 cnm
287 1777 435 1868 quidam,
456 1791 491 1844 ut
512 1803 581 1846 mos
603 1789 670 1856 cst,
687 1777 867 1855 diviserint,
887 1777 1021 1869 permit-

12 1885 238 1976 untuuicuique
253 1911 292 1953 ex
302 1885 422 1980 populo
435 1890 504 1980 ejus
522 1901 644 1979 partem
661 1912 795 1956 sumere.
811 1885 861 1954 Ad
873 1898 1020 1954 accurate

12 1989 77 2058 euim
86 1997 281 2088 perlectoque
293 1995 474 2088 eligendum
487 1995 739 2090 refugiendum,
752 1997 871 2090 optima
886 2009 934 2064 est
945 2021 1021 2068 con·

12 2097 121 2170 cientis.
150 2105 298 2174 Firmum
326 2120 431 2173 autem
457 2109 527 2198 ejus
561 2107 829 2182 fundamentum,
856 2117 904 2174 est
933 2119 1019 2176 recu

12 2207 1019 2312 irs,cumen,quaec0nvenit,doctrina.otsoqu1'·ali0s1am

12 2313 149 2406 ¹relatos,
171 2338 204 2391 et
224 2325 278 2416 qui
299 2351 333 2392 se
355 2339 442 2393 recte
460 2338 644 2416 gesseruut,
666 2325 822 2416 optimum
836 2333 904 2401 est,
924 2335 957 2390 et
979 2321 1019 2390 ad

13 2427 146 2500 niuem
182 2431 443 2526 intelligendam,
482 2447 513 2504 et
551 2433 590 2502 ed
633 2433 815 2526 exequenda
857 2429 1017 2501 mandata.

13 2535 235 2620 rQuemohrem
257 2544 311 2634 qui
334 2545 508 2613 comederit
530 2569 665 2636 panem,
687 2556 720 2610 et
743 2541 860 2611 biberit
885 2541 1020 2612 calicem

15 2643 130 2716 Domini
148 2649 297 2744 indigne,
317 2679 389 2721 reus
407 2655 468 2720 erit
488 2655 628 2746 corporis
644 2665 677 2720 et
697 2651 856 2746 sanguinis
874 2651 1013 2722 Domini.

17 2751 119 2826 Probet
133 2773 242 2828 autem
258 2763 356 2830 homo
377 2763 533 2854 seipsum,
550 2776 581 2829 et
597 2763 642 2829 sic
658 2761 697 2830 de
717 2787 798 2856 pane
816 2759 908 2839 edat,
926 2773 959 2828 et
978 2762 1017 2828 de

14 2863 101 2936 *ulios
116 2873 205 2939 bibat
221 2871 268 2954 'f’
289 2873 492 2963 Consequens
505 2886 552 2940 est
567 2897 642 2964 crgo
652 2871 678 2950 ⁸,
696 2885 731 2938 ut
746 2872 800 2961 qui
817 2884 851 2938 ut
866 2873 1016 2961 proximis

15 2977 83 3060 notit
101 3003 211 3049 curam
240 2983 390 3074 suscipit,
414 2983 609 3059 consideret,
633 2981 789 3077 numquid
813 2981 963 3048 audacter
979 3005 1017 3048 ae

15 3107 119 3168 emere,
135 3105 169 3160 et
191 3089 293 3183 aliqua
313 3091 533 3170 emulatione,
557 3090 597 3160 ed
617 3092 798 3159 docendum
813 3087 1015 3182 prosiluerit,

15 3217 64 3263 urm
74 3199 203 3288 gloriam
218 3227 257 3270 ex
268 3227 306 3270 eo
322 3216 510 3292 arroupetur,
523 3202 610 3291 quod
625 3200 802 3268 doctrinam
816 3221 906 3266 suam
923 3221 1015 3266 com-

16 3309 122 3376 unicas
143 3337 151 3378 τ
169 3336 247 3378 uum
267 3312 350 3379 hanc
369 3310 469 3378 solam
492 3311 637 3402 respiciat
656 3309 858 3384 mercedem,
879 3329 1014 3386 eorum,

16 3415 202 3500 pliaudiunt,
222 3421 374 3500 salutem,
393 3433 425 3487 et
442 3423 526 3511 quod
542 3418 620 3487 nihil
637 3419 676 3486 ad
691 3419 824 3509 gratiam
842 3415 1013 3505 loquatur:

17 3531 187 3620 recogitet
214 3557 253 3599 an
277 3557 295 3598 a
317 3531 462 3598 sordibus
477 3527 728 3618 corruptelisque
749 3550 875 3617 sempor
895 3523 1014 3594 alienus

17 3628 118 3717 inerit,
138 3641 191 3730 qui
212 3666 270 3731 per
289 3639 467 3708 litterarum
488 3638 684 3706 monimenta
712 3635 863 3726 loquitur.
889 3635 1015 3706 «Num-

31 3823 39 3850 ¹
56 3829 162 3894 Papi&
173 3844 254 3900 etseq.
267 3831 320 3870 -—'
335 3851 344 3884 1
358 3833 415 3882 Cor.
430 3847 537 3896 xmp,
553 3835 594 3886 28.

32 3915 41 3968 .¹
56 3921 113 3984 ,ride
122 3926 151 3976 D.
162 3926 277 3990 Gnidon,
286 3941 341 3994 prg-
352 3923 410 3991 392.
