2452 4602
295 287 572 364 contuerentur.
600 292 647 337 ιιι.
918 277 984 363 4¹9

23 399 106 470 doru
117 399 277 466 uerierunt
290 398 474 487 cupiditates
487 397 640 489 paulatim
654 400 777 470 sedare.
795 403 859 492 lpsi
875 415 983 474 auten

22 507 233 600 elbugrlitatetn
252 491 364 576 ἰοιιιίιιι
381 521 456 575 sunt
470 511 655 587 inducendi,
674 510 828 600 paulatim
849 515 985 581 essuefn·
1012 485 1016 516 ¹

17 618 147 694 ‘'duloei,
161 617 237 708 quod
249 631 296 684 est
314 620 528 708 temperatius.
546 621 701 689 Honestas
723 621 809 688 enim
826 645 891 690 non
914 625 984 712 ejus

21 729 135 817 quelled
155 727 287 817 putidum
311 740 344 794 et
365 728 586 818 importunum
611 719 808 820 adjectione,
830 730 886 798 sed
912 733 983 821 ejus

24 838 80 928 quel
89 848 126 904 est
137 860 386 926 supervacaneum
399 837 596 907 detractione
611 841 746 908 accedit.
761 843 806 907 Ea
821 860 898 931 ergo
912 865 984 930 que

22 947 144 1013 ricuinis
158 946 193 1012 ad
209 945 312 1016 luxum
331 962 568 1040 comparantur,
587 951 628 1017 ab
642 949 689 1018 eis
704 963 856 1038 tanquam
872 970 984 1040 pennoe

21 1053 164 1124 onusta
185 1068 269 1133 sunt;
297 1070 333 1124 nt
349 1083 428 1148 (ιιιω.
443 1057 625 1127 instabilem
646 1059 846 1132 insolentiam
864 1063 985 1130 menes·

19 1181 62 1253 que
72 1165 212 1256 voluptates
224 1181 402 1257 procreent,
417 1170 534 1258 quibus
545 1171 689 1237 excitatas
702 1181 735 1237 et
750 1171 986 1260 quodammodo

20 1271 89 1352 tlttc,
100 1299 167 1366 sepe
181 1302 199 1344 a
212 1279 429 1350 matrimoniis,
438 1277 574 1346 avolant.
592 1280 754 1360 Quocirca
771 1281 907 1348 soeminae
922 1282 985 1349 ho-

19 1391 79 1450 neste
91 1385 225 1465 ornmrlae,
239 1399 270 1454 et
291 1389 409 1477 pudico
428 1388 551 1478 pudore
571 1387 823 1478 constringendae
843 1401 929 1466 sunt,
945 1411 986 1458 ne

20 1496 134 1560 ιιιιιιιιιι
150 1519 200 1586 per
214 1494 411 1564 insolentiam
433 1497 587 1564 diffluent.
606 1496 711 1586 Atque
727 1498 898 1566 honesturn
917 1499 985 1588 qni·

19 1601 69 1668 dnn
81 1615 126 1682 est,
139 1619 169 1671 ut
186 1607 239 1672 riri
255 1609 409 1675 uxoribus
424 1608 488 1674 stris
506 1606 604 1673 lidcm
622 1607 787 1686 habentes,
808 1609 854 1677 eis
870 1609 985 1676 demut

18 1715 145 1780 mooe
157 1717 346 1804 permittant,
363 1729 399 1782 ut
413 1739 483 1809 qnae
500 1717 545 1782 eis
561 1716 652 1785 adid
671 1715 888 1806 opitulatrices
904 1720 985 1786 dato

18 1833 74 1886 tunt
89 1822 194 1902 Quodsi
206 1836 352 1916 oportent
365 1849 423 1892 nos
438 1845 578 1915 quoque,
594 1826 673 1892 dum
688 1824 920 1917 rempublicam
934 1853 987 1918 ge·

17 1925 244 2023 rluus,etintgris
254 1935 354 2002 etiam
364 1932 424 2002 ella
436 1957 532 2024 opero
541 1949 740 2012 exercemus,
750 1948 782 2002 et
793 1958 876 2025 saepe
887 1937 985 2006 etiam

17 2048 98 2106 utare
114 2040 163 2108 sinc
179 2045 341 2122 uxoribus,
358 2042 507 2110 nonnulle
529 2055 565 2108 ut
583 2044 650 2110 sint
670 2045 786 2111 tutiora
804 2046 985 2136 obsignare,
1004 2086 1020 2102 κ

17 2143 361 2238 drtnolisquoqneunum
373 2151 415 2220 ad
426 2152 490 2218 lroc
499 2149 715 2239 signaculum:
729 2149 781 2217 elii
791 2165 900 2219 autem
910 2166 986 2221 sunt

17 2255 138 2342 ejiciendi
153 2259 263 2328 ennufl.
289 2261 335 2326 Ut
354 2259 421 2328 vult
442 2260 530 2328 enim
549 2258 728 2348 Scriptura,
744 2260 891 2328 «Aureus
912 2287 986 2352 pru·

17 2364 95 2432 »tlt
106 2371 226 2436 nundus
239 2381 288 2438 est
304 2367 471 2460 disciplina
488 2367 512 2433 ¹.
529 2396 543 2431 s
567 2367 648 2449 Quas
663 2392 777 2438 aurum
792 2381 900 2436 autem
915 2391 988 2462 ges-

17 2481 60 2540 tet
73 2477 205 2558 mulieres,
218 2481 298 2548 milri
316 2479 465 2548 videntur
485 2479 599 2546 timere
614 2502 668 2556 ne,
684 2480 710 2546 si
728 2480 798 2569 quis
813 2503 929 2547 eurum
947 2484 987 2549 ab

17 2581 42 2652 it
55 2589 199 2669 detulerit,
214 2593 436 2660 existimentur
450 2588 586 2668 ancille,
601 2613 678 2658 cum
695 2615 761 2660 non
776 2592 839 2660 sint
854 2604 984 2662 ornstae.
1024 2682 1028 2692 ,

17 2691 121 2798 leliltu
131 2715 230 2769 suum
245 2702 483 2792 veritatisque
499 2701 605 2769 natira
619 2701 734 2769 enimse
749 2700 987 2792 pulchritudine

17 2798 166 2896 indutor,
194 2837 259 2886 non
284 2813 448 2903 emptione
474 2824 509 2878 et
534 2812 733 2890 venditione,
757 2813 814 2880 sed
841 2797 987 2882 illiberali
1011 2839 1013 2843 ·

17 2921 83 2986 ute
95 2943 206 3014 orrum
223 2923 385 2992 discrerit.
401 2922 498 2991 Nobis
515 2933 624 2990 autem
638 2944 704 2990 non
721 2922 835 3000 rideri,
848 2924 906 2991 sed
919 2947 988 2991 esse
1028 2919 1030 2924 ’

17 3019 311 3124 huconrenit,qui
327 3031 424 3100 alteo
434 3032 565 3126 quidem
579 3031 730 3108 instituti,
739 3041 771 3099 et
782 3057 801 3098 a
812 3031 880 3098 Deo
892 3031 989 3122 adop·

17 3133 151 3208 liumus.
165 3144 205 3209 Et
219 3143 294 3210 ideo
308 3155 341 3208 et
355 3152 470 3218 status,
481 3151 514 3206 et
524 3127 651 3217 motus,
660 3153 694 3206 et
708 3140 862 3217 incessus,
874 3153 907 3208 et
917 3163 988 3208 ves-

17 3241 67 3322 llu,
78 3262 105 3315 et
117 3254 269 3331 universa,
287 3264 323 3318 ut
338 3248 436 3318 semel
459 3250 576 3328 dicam,
588 3251 651 3317 rita
671 3263 719 3316 est
740 3273 837 3340 quam
851 3253 989 3318 maxime

17 3349 76 3423 bers
89 3364 289 3454 suscipienda.
306 3361 374 3429 Sed
389 3382 494 3450 nequo
510 3373 592 3426 este
612 3361 685 3428 viris
706 3359 842 3441 annulus
859 3361 891 3428 in
911 3363 988 3428 arti-

17 3459 209 3549 tlulurnduse
223 3473 289 3540 hoc
299 3473 385 3538 enirn
394 3483 443 3538 est
453 3470 607 3538 muliebre
622 3470 748 3539 :sedin
763 3459 865 3560 parvo*
877 3471 986 3562 digito,

17 3575 70 3664 huo
81 3577 149 3648 odeo
162 3583 194 3649 in
210 3593 351 3649 extrema
366 3582 436 3670 ejus
447 3587 536 3671 parte
548 3592 596 3646 est
607 3577 812 3668 collocandus
826 3605 834 3646 s
848 3581 889 3648 itu
902 3584 987 3650 euim

17 3679 149 3758 tituenus
159 3693 298 3760 maxime
308 3693 349 3758 nd
361 3692 557 3783 operandum
568 3688 712 3782 expedita
727 3690 759 3756 in
777 3690 814 3756 iis
825 3692 858 3757 in
873 3694 987 3782 quibus

17 3813 156 3885 legonuss
174 3824 280 3894 neque
294 3802 384 3872 lecile
399 3803 524 3874 excidet
539 3791 688 3892 sigillum,
705 3801 791 3891 quod
806 3804 926 3894 majore
941 3829 988 3872 ar·
1134 3845 1139 3854 ·

22 3920 158 3995 'Ecclixxn
169 3952 209 3984 ar.
870 3934 873 3942 '

776 4045 828 4108 ιγ.
