2574 4628
293 353 303 364 ¹
354 287 559 348 ΕΟΙΟΙΤΔΤῙΟ
582 291 623 334 ΔΒ
646 292 778 336 ΕΙΜῊι
1029 293 1085 338 901

35 391 336 486 Quemadmodum
349 418 458 474 numm
472 406 519 474 ira
533 407 739 496 peccantibus
750 404 806 474 alit
821 405 1031 497 suppliciams
1046 411 1092 478 sic
1156 387 1159 396 Ι

34 518 270 610 penitentium
287 528 415 608 agentes
434 517 615 583 humanitas
631 530 724 584 crnnt
741 515 917 592 beneficiis.
941 517 999 585 Dei
1019 541 1093 586 vero

33 629 157 696 anxilio
174 631 314 720 privari,
329 629 424 720 longe
440 621 656 697 miserrimum
670 641 729 695 est.
743 628 827 696 Hinc
838 630 878 696 ab
890 629 1012 696 artibus
1028 651 1093 698 ma·

34 737 113 830 ligni
123 739 292 808 daemonis
308 737 353 806 nii
369 751 435 806 tam
448 759 543 828 grave
558 750 654 828 atque
665 738 820 808 acerbum
830 738 982 828 patimur,
994 761 1092 828 quana

33 850 217 919 oculorium
235 851 424 928 orbitatem,
439 873 479 920 ac
493 850 621 919 andum
635 849 825 916 surditatem
842 871 851 914 a
877 871 1013 938 quarum
1031 872 1091 919 nos

33 960 136 1030 attera
154 962 297 1052 quidem
308 961 465 1029 coeloraun
480 959 755 1052 contemplationi,
768 957 866 1026 altera
882 981 957 1026 vero
973 958 1092 1027 divine·

34 1095 108 1140 rum
119 1070 375 1162 disciplinarum
386 1070 539 1139 auditioni
549 1071 676 1160 penitus
689 1070 813 1159 ineptos
822 1067 938 1136 reddit.
951 1067 1090 1136 Proinde

33 1204 103 1257 ros,
119 1183 184 1270 qui
202 1181 338 1250 veritste
354 1181 444 1269 quasi
460 1177 578 1255 mutili,
594 1191 701 1247 mente
716 1179 809 1255 cuci,
827 1178 980 1268 surdique
994 1176 1086 1246 intel·

35 1289 122 1360 tectu
139 1291 237 1368 eatis,
250 1313 317 1358 non
328 1289 455 1368 doletis,
471 1311 533 1358 nec
543 1289 675 1357 omnino
686 1289 824 1378 graviter
838 1288 940 1368 fertis,
952 1309 1013 1358 nec
1025 1285 1089 1355 ullo

38 1400 159 1468 onium
171 1413 231 1468 aut
241 1399 317 1470 ceti
332 1400 535 1468 conditerem
549 1399 678 1467 videndi
690 1399 846 1466 desiderio
858 1398 933 1466 estis
948 1398 1069 1468 incensi
1074 1424 1085 1473 t

40 1535 147 1604 aeque
170 1513 398 1580 nnivcmrum
419 1510 569 1602 opificem
582 1533 622 1578 ac
636 1523 761 1600 patrem
775 1509 886 1576 audire
900 1517 996 1597 etque
1010 1531 1088 1599 cog·

40 1647 178 1692 noecere
192 1625 340 1692 stndinm
354 1625 443 1692 vobis
459 1623 531 1702 fuit,
547 1625 671 1693 animos
686 1623 726 1690 ad
747 1621 883 1690 salutem
897 1619 1089 1711 applicanti-

42 1735 114 1802 bus.
139 1735 224 1804 Nam
250 1736 293 1803 ad
319 1737 535 1827 cognitionem
559 1736 619 1803 Dei
645 1733 915 1802 contendentibus
937 1729 1015 1800 nibil
1039 1743 1089 1798 est

43 1844 135 1932 quod
151 1869 278 1912 moram
295 1858 329 1913 et
351 1846 617 1936 impedimentum
639 1843 755 1912 inferre
775 1844 875 1935 possit
895 1865 905 1910 t
929 1865 994 1910 uon
1013 1865 1088 1910 sane

49 1953 173 2021 orbitas
185 1952 371 2032 liberorum,
386 1977 453 2022 non
464 1965 645 2045 paupertas,
661 1977 727 2022 non
742 1953 918 2022 obscuritas
936 1952 1087 2029 nominis,

53 2084 124 2129 non
141 2075 268 2152 egestas.
285 2063 394 2154 Neque
410 2063 565 2155 quispiam
580 2085 688 2133 rernm
704 2065 891 2153 sapientiam
912 2085 1004 2130 acre
1022 2063 1088 2130 fer-

56 2199 72 2235 ι
89 2195 167 2238 rore
182 2173 311 2240 excism
327 2201 342 2238 ι
357 2185 447 2264 optat
461 2187 660 2244 commutare
677 2197 685 2239 :
705 2174 789 2241 hanc
804 2173 890 2241 enim
902 2174 998 2240 rebus
1013 2173 1088 2240 nni-

53 2283 152 2349 versis
165 2279 256 2374 iunge
266 2283 404 2373 prefert.
421 2283 567 2352 Christus
581 2297 630 2351 est
642 2284 761 2373 ubique
771 2282 927 2352 salutaris.
939 2283 1021 2351 Nam
1033 2283 1088 2370 qui

48 2392 128 2480 justi
139 2391 271 2460 emulos
283 2417 322 2460 ac
334 2393 474 2462 imitetur
487 2406 549 2470 cst,
562 2415 637 2460 cum
652 2393 696 2460 sit'
709 2393 780 2480 ejus
794 2391 917 2458 amicus
932 2391 987 2479 qui
1004 2389 1089 2460 nulla

45 2525 81 2568 ae
94 2501 229 2592 indiget,
244 2503 356 2592 paucis
367 2516 440 2594 eget
453 2504 520 2593 ipae
535 2525 544 2568 a
565 2515 602 2569 nt
615 2501 750 2590 quinon
760 2499 837 2568 alibi
852 2497 1011 2566 felicitatis
1022 2522 1087 2568 suae

43 2611 237 2680 marum
251 2613 446 2700 reposuerit,
463 2635 559 2700 quam
574 2610 608 2678 in
622 2633 656 2676 se
670 2608 738 2700 ipso
753 2620 786 2676 et
796 2609 879 2686 Deo,
893 2609 948 2676 ubi
960 2631 1025 2679 non
1039 2607 1089 2676 est¹

42 2720 148 2796 tiores,
167 2743 231 2790 nec
244 2719 338 2809 fust,
354 2720 540 2809 necpirata,
552 2720 608 2787 sed
619 2733 756 2788 aeternus
770 2699 930 2786 bonorum
941 2717 1082 2810 largitor.

39 2831 155 2899 bina-ito
166 2831 267 2922 igitur
284 2832 354 2898 istis
366 2831 566 2920 serpentibus
584 2831 746 2900 assimilati
759 2831 849 2906 estis,
864 2831 920 2920 qui
934 2829 1086 2900 adversus

41 2940 262 3008 incantatores
277 2963 371 3008 aures
386 2963 457 3008 suaa
469 2940 652 3008 obstruunt.
677 2940 839 3010 «Animus
856 2915 946 3008 enini
959 2941 1019 3017 eis,
1036 2941 1087 3008 ait
1113 3009 1118 3018 ,

40 3050 268 3141 ascriptum,
287 3052 330 3118 ad
350 3049 590 3120 similitudinem
611 3053 784 3141 serpentina
802 3065 953 3141 tanquam
968 3051 1086 3140 aspidis

40 3189 53 3222 a
67 3163 191 3240 surda,
206 3175 242 3229 et
255 3186 349 3230 nauus
362 3187 436 3230 anas
447 3163 638 3240 obturantis,
652 3185 723 3252 quc
735 3187 798 3230 non
809 3163 958 3230 exaudiet
973 3185 1085 3230 vocem

39 3272 337 3342 »incantantinm'².
360 3274 478 3356 »Quin
496 3297 552 3343 ros
572 3274 664 3342 sinite
685 3298 704 3341 a
725 3274 893 3342 sanctitate
915 3272 1083 3349 incentori.

40 3383 186 3472 aitque
199 3393 347 3451 nostrum
354 3381 497 3454 Verbum
510 3385 655 3476 recipite,
664 3391 698 3450 et
709 3381 825 3450 lethale
837 3381 923 3448 virus
936 3382 1080 3470 expuitea

43 3503 77 3558 ut
90 3493 185 3560 robis
204 3493 383 3571 interitum,
400 3495 484 3563 sicut
500 3494 560 3562 illis
574 3494 713 3572 senium,
736 3515 854 3560 exuere
874 3493 1079 3560 concedatur.

41 3601 348 3691 rediremusque
358 3625 452 3672 aures
462 3607 632 3684 obstruite,
644 3629 749 3694 neque
760 3603 1076 3676 nuditumobturstes

42 3711 97 3778 sed
111 3712 230 3780 animia
251 3713 363 3780 vestris
383 3737 455 3803 ques
475 3715 624 3783 dicentur
642 3713 827 3804 imprimite⁸¹
854 3709 1079 3781 Immortalitaa

42 3821 206 3912 egregium
229 3833 276 3890 eat
298 3817 579 3892 medicamentum.
608 3802 711 3893 Nolite
732 3823 878 3915 amplius,
900 3823 986 3892 velut
1009 3847 1078 3890 scr·
1152 3903 1154 3912 Ι

74 3946 83 3980 ¹
94 3947 188 4000 maru.
202 3962 236 4014 aa,
249 3964 291 4010 so,
301 3965 340 3998 ιι.
352 3977 382 3990 -
393 3948 404 3984 ²
417 3949 482 4002 Psal-
495 3967 565 4009 arur,
577 3948 603 4011 d,
615 3950 639 3998 5.
