2570 4614
216 205 279 282 251,
526 223 700 267 canunums
725 221 936 271 annxsrnnuu

213 346 389 436 perlectum
404 371 443 412 ex
458 349 599 435 perlecto
614 347 707 414 Patre
721 360 845 424 natum,
858 372 897 415 ex
912 351 1118 416 oeconomica
1133 371 1276 438 praer-

213 456 375 521 dinatione
389 479 457 520 esse
473 453 614 545 perfecte
635 459 878 546 regeneratum?
893 461 933 524 Et
947 460 972 524 si
991 472 1061 526 erat
1078 459 1272 549 perfectus,

214 588 273 630 cur
300 566 354 652 qui
377 579 445 631 erat
467 567 627 655 perlectus
654 567 856 656 tingebatur?
876 569 1067 658 Oportebat,
1093 571 1269 658 inquiunt.

217 673 348 765 implere
374 677 546 744 humanam
575 677 814 767 professionem.
845 679 984 769 Optime.
1014 680 1179 746 Concedo
1203 679 1268 744 hoc

213 787 310 852 euim.
326 785 430 852 Simul
445 810 484 854 ac
494 811 570 877 ergo
580 811 598 853 a
610 789 734 855 Joanne
746 789 890 878 tingitur,
903 790 940 856 [it
951 791 1129 880 perlectus.
1138 789 1264 880 ,Recte

213 894 297 966 Nihil
313 920 389 986 ergo
404 899 443 962 ab
460 922 498 963 eo
512 897 647 986 amplius
664 899 1031 990 didicithequaquam.
1051 899 1134 966 Solo
1149 913 1267 966 nutem

216 1009 341 1076 lavucro
365 1009 542 1098 perficitur,
564 1022 598 1075 et
625 1011 760 1100 Spiritus
781 1012 920 1084 adventu
941 1009 1194 1078 sanctificatur?
1214 1012 1265 1078 lta

215 1119 322 1186 habet.
341 1120 411 1186 lloc
422 1121 525 1209 ipsum
541 1123 633 1186 nohis
645 1139 771 1210 quoque
785 1123 904 1197 evenit,
921 1145 1058 1210 quorum
1072 1123 1138 1187 fuit
1153 1145 1263 1190 exem-

214 1227 285 1318 plar
301 1229 466 1296 Dominus.
494 1229 613 1305 Tincti,
636 1229 884 1296 illuminamur:
907 1229 1091 1306 illuminati,
1115 1231 1151 1294 in
1179 1229 1263 1296 lilios

216 1337 434 1426 adoptamur:
456 1338 609 1426 adoptati,
637 1337 854 1428 perficimur:
876 1340 1025 1430 perlecti,
1053 1339 1259 1406 immortales

216 1447 390 1514 reddimur.
411 1476 424 1508 ι
446 1451 532 1538 Ego,
557 1450 686 1536 iuquit,
709 1448 790 1526 dixi,
806 1451 855 1517 Dii
877 1451 970 1526 estis,
991 1463 1023 1514 et
1047 1447 1107 1515 lilii
1132 1449 1257 1516 Excelsi

216 1581 352 1622 »omnes
368 1557 391 1621 ¹.
410 1585 423 1620 a
441 1557 548 1623 lllultis
563 1569 670 1624 autem
685 1561 787 1626 modis
803 1573 934 1626 vocatur
948 1562 1011 1627 hoc
1025 1584 1125 1650 opus,
1141 1563 1253 1650 gratis,

215 1667 416 1744 illuminatio,
441 1669 633 1758 perlectum,
659 1684 691 1736 et
711 1669 872 1738 lavacrum
895 1695 903 1737 ε
928 1668 1093 1738 lavacrum
1110 1672 1253 1761 quidem,

216 1803 274 1870 per
293 1781 380 1870 quod
400 1792 531 1869 peccata
547 1781 781 1871 abstergimus:
802 1783 901 1870 gretia
921 1794 1042 1857 autem,
1059 1806 1129 1871 qua
1146 1782 1251 1846 remit-

214 1903 327 1957 tuntur
349 1913 450 1982 poenae
465 1913 536 1978 quae
551 1891 690 1980 peccatis
711 1892 892 1958 debentur:
915 1888 1111 1956 illuminatio
1134 1903 1249 1964 autern,

214 2024 272 2091 per
286 2023 383 2088 quam
396 2013 539 2066 sanctam
551 1998 636 2066 illam
648 2013 680 2067 et
691 1998 862 2068 salutarem
877 1999 983 2068 lucem
997 2001 1183 2076 intuemur,
1194 2000 1254 2066 huc

215 2123 276 2188 est,
296 2135 355 2203 per
372 2134 469 2199 quam
485 2109 588 2178 Deum
607 2112 826 2201 perspicimus.
838 2111 1024 2178 ¹Perfectum
1047 2121 1162 2176 autem
1178 2111 1253 2177 diei·

216 2244 302 2298 mus,
318 2222 371 2287 uui
389 2219 469 2286 nihil
484 2221 582 2288 deest.
599 2222 685 2301 Quid
703 2224 788 2288 enim
804 2223 833 2288 ei
848 2223 930 2288 desit
946 2222 1001 2309 qui
1017 2221 1129 2288 Deum
1146 2221 1254 2288 norit?

111 2405 115 2414 ¹
216 2331 274 2397 Est
291 2330 378 2396 enim
398 2353 507 2397 revera
529 2331 716 2406 absurdum,
738 2330 798 2398 Dei
821 2329 925 2396 vocari
948 2329 1084 2419 gratiam
1102 2355 1179 2418 quae
1193 2353 1252 2398 nau

126 2500 129 2510 ,
216 2439 256 2506 sit
271 2439 423 2530 perlecta,
440 2453 474 2504 et
492 2440 705 2528 undequaque
723 2438 825 2529 plena.
846 2439 995 2527 Numqui
1012 2452 1061 2505 est
1076 2439 1250 2528 perlectus,

216 2549 356 2638 perlecta
372 2548 481 2637 utique
499 2547 659 2638 largietur.
680 2549 962 2629 Quemadmodum
977 2561 1088 2614 autem
1108 2549 1207 2618 simul
1219 2572 1253 2617 uc

216 2659 282 2746 ipse
303 2658 407 2746 jussit,
428 2659 510 2727 liunt
528 2659 633 2725 omnia
656 2660 725 2726 :ita
741 2659 895 2749 sequitur,
918 2671 968 2736 ut,
984 2683 1023 2724 eo
1043 2661 1137 2748 quod
1152 2661 1253 2727 solnm

216 2765 385 2856 gratificari
397 2765 543 2844 voluerit,
557 2765 652 2858 plena
663 2767 759 2834 suerit
769 2769 879 2858 gratia.
895 2769 991 2849 Quod
1005 2770 1095 2836 enim
1111 2771 1254 2838 suturam

217 2888 266 2943 est
283 2879 447 2967 temporis,
469 2877 502 2944 id
522 2901 578 2967 per
598 2876 768 2944 voluntatis
781 2880 958 2968 potentiam
971 2881 1185 2970 anticipatur.
1205 2882 1254 2948 llis

216 2987 353 3064 accedit.
377 2988 463 3078 quod
488 2986 632 3056 liberatio
658 3011 677 3054 a
700 2985 790 3054 malis
810 2999 859 3054 est
886 2988 1013 3056 initium
1034 2989 1162 3056 salutis.
1193 2989 1254 3056 soti

218 3121 308 3188 ergo,
326 3100 379 3187 qui
395 3101 535 3190 primum
546 3099 618 3166 vitae
632 3099 711 3165 fines
724 3099 896 3188 attigimus,
909 3100 973 3188 jam
984 3100 1122 3190 perlecti
1133 3124 1252 3168 sumus.

217 3209 291 3276 lam
307 3222 415 3277 autem
429 3210 575 3286 vivimus,
589 3210 642 3298 qui
657 3231 794 3275 sumusa
810 3221 914 3276 morte
925 3212 1072 3299 separati.
1088 3211 1255 3278 Christum

216 3341 292 3409 ergo
303 3321 404 3410 sequi,
419 3320 502 3388 salus
516 3333 609 3406 esta
624 3320 721 3402 Quod
737 3321 823 3388 enim
839 3321 1035 3398 factumest,
1052 3322 1176 3410 inipso
1196 3324 1254 3388 viu

215 3456 229 3491 a
244 3442 292 3496 est
299 3429 322 3496 ².
337 3430 453 3508 Amen,
467 3455 560 3498 amen
576 3430 648 3497 dieo
662 3430 764 3507 vobis,
778 3433 902 3517 iuquit,
912 3433 969 3519 qui
984 3455 1150 3498 sermones
1166 3455 1255 3498 meos

215 3540 347 3617 tandit.
364 3553 397 3608 et
417 3543 519 3610 credit
536 3543 565 3610 ei
586 3541 640 3630 qui
663 3563 715 3607 me
730 3541 828 3618 misit,
847 3540 944 3608 hahet
964 3543 1062 3608 vitam
1083 3553 1253 3618 semmam,

156 3737 159 3745 Ι
216 3676 230 3711 ι
245 3649 322 3715 etin
332 3651 489 3738 judicium
498 3677 563 3720 non
577 3653 674 3728 venit,
690 3651 746 3718 sed
759 3652 906 3718 transiita
919 3664 1021 3718 morte
1029 3651 1072 3718 ad
1081 3651 1218 3718 vitam⁸.
1233 3679 1246 3714 ι

214 3758 261 3825 lta
280 3757 383 3826 solum
402 3762 573 3831 credidisse
587 3775 620 3861 et
638 3772 860 3852 regeneratum
879 3785 960 3840 esse,
976 3763 1073 3830 estin
1093 3762 1157 3828 vita
1178 3785 1253 3852 per·

240 3886 249 3920 ¹
262 3886 327 3938 Psel.
341 3902 434 3952 ιιιιιι,
444 3891 467 3940 6,
483 3889 833 3951 -²toan.1‚t.-⁸1a.v,
849 3889 889 3949 al.
