2614 4628
353 315 556 363 touonrrrro
582 319 622 362 ro
646 316 776 364 arares.
1025 305 1083 390 157

41 459 75 502 ar
88 433 235 526 AEgypto
255 437 492 528 deportandum
508 438 549 503 ad
564 461 618 504 eos
633 451 776 504 curasset
789 463 798 503 r
810 459 886 504 euni
901 455 995 518 tero,
1017 457 1082 510 sta-

43 563 123 616 tuam
136 551 229 624 hane
253 565 293 620 ut
315 555 501 643 accepisset,
522 553 554 616 in
573 553 793 641 promontorio
813 552 900 640 quod
916 577 1003 622 nune
1019 555 1082 623 Ru-

42 660 132 726 cotim
147 661 334 750 appellant,
350 662 496 728 statuisse
502 685 513 734 s
532 662 586 727 ubi
601 672 635 726 et
648 661 757 726 fanum
778 660 937 750 Sarapidis
953 664 1083 740 colitur,

41 783 70 834 et
78 771 237 859 praedium
250 772 342 838 haud
355 769 465 862 procul
477 771 553 836 hinc
564 771 622 861 ipsi
636 783 859 837 consecratum
868 785 915 837 est
929 795 937 837 ε
954 774 1082 841 demum
1210 751 1213 760 ,
1232 797 1238 810 ·

41 878 216 948 Blistiehim
229 885 438 950 meretricem
448 894 607 946 mortuam
618 880 753 970 Canopi,
766 879 971 949 Ptolemaeum
983 895 1083 951 trans-

41 988 130 1056 latam
142 989 258 1058 hocin
270 991 348 1058 fano
361 990 549 1081 sepelivisse.
564 989 641 1056 Aliis
654 1002 761 1056 autem
774 991 875 1057 risum
886 993 1079 1086 est'Sarapin

41 1098 205 1166 Ponticum
216 1125 295 1168 esse
304 1099 509 1168 simulacrum
522 1101 609 1189 quod
624 1098 757 1165 solemni
766 1123 882 1191 pompa
892 1103 1082 1172 translatum

42 1209 79 1276 ad
99 1210 333 1278 Alexandriam
355 1223 544 1278 memorant.
572 1209 666 1276 Solus
687 1211 828 1278 Isidorus
851 1223 1043 1291 auctorest,
1064 1241 1081 1283 a

44 1317 315 1399 Seleucimsibus,
331 1323 386 1411 qui
402 1319 578 1388 Antiochiae
594 1319 719 1387 finitimi
741 1333 827 1395 sunt,
843 1323 1027 1392 traductum
1043 1347 1081 1393 eo

45 1428 146 1506 luisse,
165 1453 245 1499 cum
266 1432 330 1498 bos
348 1431 445 1498 etiam
462 1430 652 1498 Ptolemaeus
671 1429 822 1496 frumeuti
840 1435 973 1520 penuria
991 1434 1082 1502 labo-

47 1551 144 1606 rantes
158 1553 382 1609 sustentasset.
402 1543 448 1608 Eo
464 1555 584 1619 autem,
598 1544 704 1610 nescio
718 1567 781 1632 quo
795 1545 904 1622 modo,
918 1545 1081 1636 prolapsus

47 1661 91 1715 est
104 1652 333 1720 Athenodorus
349 1651 506 1720 Sandonis
522 1650 619 1731 lilius,
636 1666 672 1719 ut
687 1677 760 1720 cum
775 1655 918 1722 studeret
937 1657 1082 1748 Serapidi

50 1775 231 1830 vetustatem
247 1763 415 1855 affingere,
430 1787 505 1830 eum
520 1787 588 1830 esse
604 1775 739 1832 statuam
754 1779 823 1832 arte
840 1768 958 1836 factam
973 1793 1082 1859 argue·

52 1872 113 1940 rit:
125 1873 294 1941 Sesostrim
308 1876 426 1965 quippe
441 1876 497 1951 ait,
514 1873 735 1965 AEgyptiorum
750 1901 871 1967 regem,
888 1902 964 1946 cum
980 1879 1081 1969 pluri-

57 2005 122 2048 mas
136 1983 315 2052 Graecorum
330 1997 440 2075 gentes
455 1986 666 2075 subjugasset,
681 2008 844 2054 reversum
858 1989 891 2054 in
907 1988 1081 2079 AEgyptum

61 2094 229 2182 permultos
248 2118 352 2162 seeum
373 2095 510 2162 artifices
529 2117 569 2162 eo
587 2095 723 2162 duxisse.
747 2097 853 2164 Osirin
876 2099 983 2189 itaque
1003 2125 1080 2191 pro-

62 2225 154 2270 avum
163 2228 254 2271 suum
265 2227 385 2272 summo
396 2203 532 2271 artificio
542 2205 634 2292 jussit
644 2205 751 2293 effingi
763 2227 771 2270 ε
782 2206 845 2272 hoc
857 2219 963 2272 autern
975 2210 1079 2298 operis

61 2312 183 2379 tradidit
205 2313 314 2402 Bryaxi
336 2313 463 2390 artilici,
487 2314 575 2409 haud
596 2313 626 2378 ei
648 2314 777 2402 quidem
800 2315 999 2393 Atheniensi,
1022 2321 1079 2385 sed

57 2421 175 2488 atridam
190 2424 387 2513 cognomini,
406 2424 461 2512 qui
477 2425 518 2489 ad
535 2423 569 2489 id
590 2423 823 2513 perficiendum
842 2423 1010 2514 multiplici
1026 2451 1081 2493 va-

54 2533 155 2621 riaque
170 2535 301 2602 materia
318 2559 392 2601 usus
406 2547 476 2601 est:
494 2536 633 2602 habebat
649 2536 734 2601 enim
749 2535 831 2610 auri,
849 2548 882 2602 et
897 2539 1030 2626 argenti,
1049 2552 1081 2606 et

52 2644 129 2719 aris,
143 2657 175 2710 et
192 2645 283 2721 ferri,
299 2657 333 2712 et
349 2644 486 2734 plumbi,
500 2656 534 2712 et
552 2633 655 2712 stanin
671 2647 821 2735 denique,
838 2661 998 2724 ramenta;
1020 2673 1080 2717 nec

52 2753 269 2845 Egyptiorum
293 2754 434 2846 lapidum
456 2757 539 2822 ullus
560 2757 691 2824 omnino
714 2757 834 2833 deerat,
858 2781 918 2826 nec
939 2759 1079 2850 sapphiri

52 2865 172 2951 quidem
192 2866 242 2932 rel
268 2867 436 2933 haematitas
452 2867 640 2954 fragmenta.
663 2867 745 2932 sicut
758 2869 1001 2959 necsmaragdi
1020 2892 1081 2936 nee

51 2974 166 3061 topazii.
185 2975 265 3040 llaec
278 2975 376 3065 igitur
393 2974 498 3038 omnia
514 2973 649 3062 expolita
665 2973 801 3062 priuset
816 2975 987 3041 commixta
1004 2998 1079 3062 cya-

51 3103 106 3149 neo
117 3082 226 3152 colore
237 3084 367 3160 imbuit,
380 3083 465 3149 unde
477 3081 637 3151 simulacri
655 3083 751 3172 hujus
764 3082 853 3150 color
864 3084 905 3150 ad
921 3085 1081 3173 nigrorem

50 3195 184 3262 accedit:
196 3196 310 3284 hisque
322 3197 454 3262 demum
467 3195 619 3262 universis
631 3197 806 3286 pigmento,
819 3195 906 3285 quod
918 3196 957 3260 de
971 3195 1082 3261 funere

51 3300 176 3371 Osiridis
188 3317 221 3370 et
232 3303 309 3394 Apis
321 3303 480 3396 reliquum
492 3318 572 3382 erat,
585 3305 775 3394 conspersis,
789 3303 923 3394 Sarapin
934 3303 1055 3371 effinxit
1068 3328 1076 3369 ε

52 3410 135 3498 cujus
150 3413 257 3501 ipsum
274 3435 390 3479 nomen
402 3412 531 3478 'lunaris
546 3409 820 3486 communionem,
838 3423 869 3475 et
885 3413 1081 3498 procreatio-

54 3541 117 3585 nem
128 3544 147 3585 e
158 3520 320 3610 sepultura
332 3522 449 3597 innuit,
463 3521 562 3610 quod,
574 3521 804 3613 compositione
816 3519 950 3586 Osiridis
960 3533 992 3587 et
1005 3524 1081 3612 Apis

54 3627 138 3705 heta,
154 3631 279 3698 dictum
295 3631 335 3696 sit
353 3630 502 3721 Osirapis.
520 3631 646 3698 Novum
663 3633 739 3696 item
759 3629 855 3695 alium
876 3631 909 3698 in
922 3629 1078 3723 ,AEgyptm

51 3749 139 3826 atque
157 3742 191 3807 in
213 3742 279 3830 ipsa
301 3765 383 3830 pene
404 3742 526 3808 Groeciu
550 3743 591 3808 ad
613 3741 710 3806 deum
733 3741 860 3807 turbam
875 3765 948 3808 cnm
963 3743 1078 3811 eximin

53 3845 193 3938 religione
213 3853 395 3942 aggregarit
410 3852 628 3918 Romanorum
650 3877 705 3918 rex
728 3854 913 3930 Antinoum,
935 3855 988 3943 qui
1005 3853 1079 3942 pul-

53 3957 216 4030 cherrimos
227 3963 313 4029 inter
325 3965 541 4030 numerandus
557 3977 637 4040 erat,
652 3963 779 4032 delicias
793 3989 980 4054 amoresque
992 3990 1078 4040 suos,

1296 3703 1299 3792 l

1296 3811 1299 3886 ¹}
