2478 4594
184 261 244 324 alis
289 303 291 312 ι
492 273 666 322 cinnnsrrs
692 278 904 322 acexssnauu

284 404 342 460 Par
355 401 494 462 borniues
507 417 514 458 :
531 400 613 480 pravi
625 411 715 477 atquo
729 398 804 459 beai
816 401 983 460 clarissima
994 415 1064 462 sunt
1077 402 1143 463 lraac

285 501 422 580 Signa„
448 545 455 560 .
480 543 519 560 ..
694 503 697 508 '

184 636 216 690 et
234 647 305 712 qnae
322 622 471 710 deinceps
491 633 747 709 consequuntur,
765 643 838 709 quae
854 621 895 686 ad
914 624 1055 688 verbum
1073 626 1208 714 aceepitr

182 733 454 822 Musaeopoita....
466 731 570 818 Atque
580 730 799 819 hecquidem¹
807 731 1060 798 itasebabeant:
1070 733 1135 798 vita
1144 735 1207 800 enin

180 863 233 908 me
249 841 374 907 deficiet
396 841 421 904 si
438 837 531 906 velim
552 838 710 930 sigillatim
735 840 880 928 persequi
903 841 1102 907 Graecorum
1116 842 1208 906 ludar

181 950 279 1017 nimio
303 951 352 1014 sui
371 971 480 1016 amore
503 947 666 1037 prolecta,
689 961 722 1014 et
742 948 1024 1036 quemadmodum
1052 948 1207 1038 puldrerri

180 1081 309 1124 morum
333 1081 404 1146 quar
419 1069 492 1123 sunt
509 1056 594 1146 apud
608 1057 693 1145 ipsos
711 1056 916 1122 decretorum
928 1057 991 1122 sibi
1009 1057 1208 1124 vindicantur

182 1166 388 1242 vetitionem,
404 1188 499 1253 qnam
515 1165 636 1231 anobis
652 1177 854 1253 acceperunt.

225 1273 298 1339 lam
320 1297 395 1339 vero
414 1296 478 1338 non
501 1257 603 1338 soloin
625 1273 891 1338 convincuntura
908 1273 1071 1338 Bnrbaris
1091 1274 1202 1363 dogma

181 1383 340 1471 surripere
351 1405 428 1458 sua,
454 1380 509 1450 sed
527 1393 559 1446 et
580 1380 696 1448 imitari
712 1404 782 1470 quae
806 1380 894 1470 apud
907 1403 971 1446 nos
994 1381 1108 1447 divina
1120 1383 1201 1447 rirtrtr

181 1493 221 1556 ab
233 1491 269 1554 iis
281 1491 335 1578 qui
347 1502 456 1554 sancte
472 1490 617 1556 vixerunt
629 1489 706 1554 dum
718 1489 817 1555 nostri
830 1513 946 1556 euram
962 1501 1088 1578 gerrmt
1099 1541 1108 1566 ,
1118 1488 1200 1555 belin

180 1595 409 1664 admirabiliter
422 1609 455 1661 et
469 1609 585 1686 praeter
599 1598 803 1686 opinionem,
816 1621 920 1685 eaque
934 1609 1102 1687 tanquam
1111 1599 1198 1663 liram

179 1703 301 1771 subulas
315 1703 493 1795 prodigiose
505 1717 680 1772 narrantes.
701 1705 806 1794 Atque
817 1729 872 1771 eos
885 1707 1029 1795 quidem
1044 1707 1194 1796 regalium,

180 1835 295 1881 verane
306 1837 342 1879 ea
359 1837 429 1902 qum
441 1814 583 1880 scribunt
599 1837 667 1878 esse
683 1812 809 1890 dicant,
822 1837 861 1879 an
874 1811 969 1879 falsa.
991 1815 1065 1880 Sed
1080 1811 1197 1901 salsaqoi-

181 1924 256 1991 dem
286 1947 350 1990 non
377 1924 503 1998 dicent,
535 1947 601 1989 non
626 1923 713 1990 enim
740 1923 857 2012 seipsos
879 1945 941 1988 sua
972 1924 1104 2012 quidem
1119 1935 1197 2012 sponte

180 2013 318 2098 maxime
334 2031 531 2098 damnabunt
547 2027 702 2107 stultitiae,
715 2031 804 2120 quod
815 2029 892 2096 salsa
910 2031 1077 2108 scribant,
1091 2031 1134 2096 sed
1147 2054 1197 2094 sera

180 2164 247 2206 esse
259 2140 509 2207 confitebuntur.
531 2141 571 2206 Et
586 2139 749 2229 quomodo
768 2141 813 2204 eis
833 2137 945 2206 adhuc
964 2141 1106 2206 videntur
1115 2141 1196 2204 incre-

181 2246 288 2315 dibilia
302 2299 311 2326 ,
324 2273 394 2337 quae
410 2273 467 2338 per
481 2247 591 2313 Mosen
606 2260 638 2312 et
654 2246 730 2312 alios
738 2247 922 2336 Prophetas
941 2247 1034 2316 sacta
1050 2259 1105 2314 sunt
1116 2247 1194 2310 nira-

180 2354 276 2426 culal
300 2356 453 2423 Omnium
468 2355 554 2424 enim
569 2354 736 2421 hondnum
754 2379 865 2422 curam
886 2378 1010 2444 gerens
1028 2359 1103 2423 Deos
1116 2353 1197 2420 omni

180 2478 314 2556 potens,
332 2465 407 2532 alios
423 2463 554 2552 quidem
570 2463 756 2553 praeceptis,
778 2461 854 2529 alios
869 2486 951 2528 vero
969 2467 1088 2538 minis,
1102 2456 1197 2530 etnu-

184 2571 288 2640 nullos
300 2571 429 2663 quidem
442 2573 538 2662 signis
550 2570 755 2660 prodigiosis,
769 2569 889 2659 aliquus
902 2595 987 2638 vero
998 2572 1133 2663 benignis
1145 2593 1197 2638 eurr

183 2682 277 2748 vertit
294 2681 335 2748 ad
347 2680 482 2749 sulutem
494 2681 665 2772 promissis.
687 2679 977 2746 verumenimvero
999 2706 1075 2748 cum
1086 2683 1199 2747 diutnrm

181 2790 305 2858 siccitas
331 2790 485 2856 Graeciam
511 2785 679 2876 aliquando
702 2787 878 2876 assligeret,
905 2801 940 2852 et
962 2789 1124 2856 fructuum
1142 2797 1199 2852 estet

181 2899 319 2966 maxima
336 2897 500 2974 sterilitas,
520 2898 573 2985 qui
596 2909 830 2971 remanserunt,
854 2896 1030 2984 inquiunt,
1050 2895 1201 2988 proptrrla

183 3030 270 3075 mem
286 3005 426 3095 Delphos
443 3004 600 3094 supplices
615 3004 775 3070 venientes
789 3055 798 3078 ,
811 3017 968 3092 rogarunt
977 3005 1198 3094 Pythiamqm

183 3117 280 3181 modo
302 3114 515 3181 liberarentur
533 3139 551 3181 u
571 3122 636 3179 tam
655 3113 741 3202 gravi
760 3111 952 3178 calamitate.
981 3115 1029 3180 Ea
1048 3111 1201 3203 respondit.

183 3221 370 3291 calamitatis
395 3247 494 3290 unum
522 3245 590 3288 esse
612 3221 814 3297 remedium,
839 3222 864 3285 si
890 3233 1065 3288 uterentur
1086 3221 1202 3311 precibu

184 3333 284 3399 AEaci.
296 3333 348 3399 Eis
357 3356 433 3422 ergo
446 3355 568 3397 morem
580 3354 692 3421 gerens
704 3329 832 3408 AEacus,
847 3351 925 3396 cum
938 3333 972 3396 in
985 3333 1129 3398 Graecum
1139 3351 1203 3394 mor

183 3453 248 3507 tem
266 3441 479 3515 ascendisset,
497 3439 625 3506 mundis
646 3441 679 3504 in
694 3437 810 3504 coelum
827 3440 966 3505 extensis
982 3441 1128 3506 manibus
1140 3459 1201 3503 con

183 3571 316 3615 munem
331 3550 435 3615 Deum
452 3549 602 3614 invocans
620 3561 767 3637 precatus
779 3559 847 3624 est,
865 3559 902 3612 ut
919 3548 1046 3614 afflictae
1059 3549 1201 3613 mim

184 3667 238 3720 tur
249 3659 389 3723 Graeeiae.
410 3653 511 3724 Simul
525 3680 563 3722 ac
577 3669 684 3739 autem
700 3653 798 3746 eupit
814 3658 953 3745 precari,
972 3656 1046 3722 felix
1059 3658 1158 3723 statim
1171 3666 1201 3716 to

185 3765 272 3854 nitro
292 3748 452 3842 insonuit,
469 3778 501 3831 et
515 3779 601 3831 totus
620 3773 673 3832 a'e'r
687 3765 896 3832 circumcirca
913 3765 974 3830 fuit
993 3767 1148 3833 obductus
1159 3783 1198 3828 nr

223 3897 229 3920 ¹
246 3899 302 3960 Pag.
317 3895 366 3957 75²
378 3911 476 3962 etseqq.
