2382 4592
319 245 512 294 sraousrou
534 249 595 293 nra.
622 248 652 292 r.
946 233 1009 297 205

6 381 87 438 trem
104 377 211 438 atatem
235 372 406 461 ignorare,
421 384 472 437 est
491 395 601 438 mors:
620 383 656 437 ut
671 393 785 450 nosse,
801 373 864 442 vita
879 387 1011 462 aterna,

6 481 316 571 rparticipationem
337 480 518 570 potestatis,
540 481 573 546 in
596 503 691 570 quam
710 503 775 546 non
795 483 881 550 cadit
900 484 1012 550 interi-

6 613 16 656 s
30 613 37 654 :
50 601 81 656 et
93 612 158 654 non
170 589 306 656 interire
319 590 462 678 quidem,
476 601 523 655 est
537 611 606 655 esse
617 587 806 679 participem
819 590 1010 659 divinitatis:

6 699 122 764 teritum
139 710 250 765 autem
275 699 368 764 allent
390 721 531 765 recessus
555 723 573 764 a
598 698 656 764 Dei
672 697 865 788 cognitione.
890 700 1012 768 Rursus
1092 737 1096 744 ·

6 805 138 896 opheta:
162 809 231 872 «Et
243 807 331 874 dabo
342 808 400 872 tibi
416 805 581 877 thesauros
595 806 819 884 absconditos,
834 807 1010 885 obscuros,

6 913 173 992 nvisihiles,
190 928 227 981 ut
240 928 439 1005 cognoscant
454 916 542 1005 quod
552 938 612 1004 ego
623 915 778 982 Dominus
795 915 913 982 Dcus‘.
930 919 1012 984 »His

6 1023 185 1090 nvenianter
199 1023 308 1091 David
321 1047 449 1113 quoque
462 1023 587 1114 psallit:
614 1025 724 1090 «Ecce
742 1024 828 1090 enim
847 1025 1012 1092 veritatem

6 1129 138 1208 lleristi,
166 1133 293 1200 incerta
319 1145 352 1198 et
374 1132 501 1199 occulta
525 1119 686 1221 sapientiae
709 1145 772 1198 tuae
798 1133 1005 1200 manifestasti

6 1238 87 1306 mit
104 1240 177 1308 Dies
202 1240 266 1306 diei
283 1253 411 1308 eructat
427 1242 581 1317 verbum,
600 1253 634 1306 ut
651 1254 753 1326 operte
773 1241 918 1328 scriptum
940 1253 1003 1318 est,

6 1359 18 1412 t
36 1371 96 1414 nox
115 1349 201 1416 nocti
223 1349 399 1416 annuntiat
417 1337 601 1426 scientiam,
626 1371 690 1437 quoe
710 1373 813 1436 aesopo
834 1361 877 1416 est
897 1349 1005 1415 obdita

6 1457 127 1544 aystice:
143 1469 175 1523 et
195 1481 264 1524 non
282 1469 360 1523 sunt
382 1456 515 1546 loquelas
537 1480 642 1546 neque
664 1480 844 1533 sermones,
866 1481 1004 1547 quorum

6 1587 48 1630 ton
62 1565 227 1632 audiantur
242 1589 342 1656 voces
353 1565 483 1633 eorum⁸
501 1589 509 1631 :
528 1591 548 1630 a
560 1567 628 1631 Deo
644 1589 757 1653 aesopo,
775 1564 825 1654 qui
837 1565 930 1644 dicit,
946 1566 1006 1634 Fa-

6 1671 44 1738 iet
58 1675 125 1762 quis
140 1673 350 1750 clanculum,
373 1685 406 1739 et
430 1695 495 1739 non
518 1673 634 1740 videbo
654 1674 810 1764 ipsuml»
832 1673 1004 1763 Propterea

6 1778 119 1868 tciplina
145 1781 232 1850 dicta
251 1794 303 1848 est
326 1781 529 1857 illuminatio,
549 1793 584 1847 ut
606 1806 676 1870 quae
699 1781 947 1848 manifestaverit
967 1806 1004 1848 ea

6 1911 32 1954 m
51 1902 139 1956 erant
165 1890 320 1969 occulta}
345 1913 419 1956 eum
439 1889 589 1980 magister
615 1889 718 1957 solum
741 1891 901 1979 aperuerit
923 1914 1004 1958 arcae

6 1996 161 2076 arculam,
188 1989 421 2087 contraquam
442 2005 546 2088 poeltae
570 1997 679 2063 dicunt
706 1998 820 2065 Jovem
844 1999 1002 2066 bonorum

6 2104 85 2172 idem
101 2106 226 2174 dolium
243 2111 430 2182 obturasse,
443 2103 601 2173 malorum
614 2106 924 2194 autemaperuisse...
940 2107 1004 2174 Me-

6 2215 130 2304 oergo⁴
146 2215 240 2282 Plato
255 2237 383 2306 quoque
402 2214 442 2280 de
459 2215 528 2282 Deo
542 2225 681 2280 tractans
697 2214 730 2279 in
744 2213 910 2303 Epistolis,
925 2216 1003 2283 «Di-

7 2321 117 2391 endum
133 2337 201 2401 est,
225 2323 343 2411 inquit,
366 2323 424 2390 tibi
440 2345 498 2412 per
517 2322 702 2410 aenigmata,
727 2334 761 2386 ut
778 2323 803 2388 si
826 2322 903 2411 quid
925 2322 1002 2391 huic

7 2427 102 2498 tlellae
117 2432 153 2496 in
173 2433 274 2509 mari,
290 2430 340 2498 vel
355 2431 387 2496 in
411 2441 496 2498 terra
518 2431 688 2508 acciderit,
710 2430 765 2518 qui
786 2429 861 2520 legit
876 2454 941 2497 non
957 2431 1003 2498 in·

7 2535 134 2628 alligat.»
166 2539 254 2606 Deus
277 2540 363 2606 enim
384 2540 624 2614 universorum,
642 2537 696 2628 qui
718 2561 847 2604 omnem
863 2561 1000 2616 vocem,

7 2667 85 2724 ruem
99 2648 343 2738 cogitationem,
356 2660 388 2712 et
404 2670 534 2716 omnem
551 2659 678 2738 superat
691 2659 902 2737 conceptum,
920 2671 1001 2746 nun:

8 2777 55 2820 am
69 2757 213 2840 mandari
234 2758 351 2848 poterit
372 2755 503 2835 litteris,
526 2777 601 2822 cum
616 2757 656 2822 sit
672 2768 826 2846 potestate
841 2780 898 2822 sua
916 2758 1000 2846 ejus-

8 2861 66 2940 ndi,
85 2877 120 2931 ut
135 2867 240 2936 verbis
262 2889 328 2933 non
349 2865 448 2955 possit
464 2864 598 2954 exprimi
616 2887 626 2960 ²,
645 2864 732 2954 quod
747 2865 851 2954 ipsum
872 2889 1002 2953 quoquo

8 2981 50 3034 rto
61 2973 267 3062 significavit,
285 2975 416 3042 dicens:
435 2975 622 3064 «Haeccrgo
634 2974 858 3050 considerans,
871 2996 947 3040 cave
960 2997 1001 3039 ne
1026 2983 1034 2998 '

9 3078 201 3170 taliquando
225 3085 378 3175 poeniteat
400 3105 600 3172 eorumquae
621 3107 708 3149 nunc
730 3083 858 3172 indigne
877 3081 1001 3148 excide-

9 3199 67 3254 ont.
84 3191 225 3260 Maximo
234 3206 333 3258 autem
348 3191 444 3280 hujus
456 3192 502 3258 rei
514 3192 657 3259 custodia
670 3201 731 3268 est,
749 3189 828 3256 nihil
844 3191 1000 3270 scribere,

9 3293 222 3370 tdaddiscere.
243 3301 314 3370 Non
329 3311 435 3392 potest
452 3301 556 3376 enim,
573 3324 641 3366 non
653 3311 758 3390 potest
774 3298 862 3375 lieri,
880 3311 916 3363 nt
928 3324 1000 3388 quae

9 3404 97 3494 utpta
118 3425 190 3478 sunt
209 3434 275 3478 non
302 3409 490 3476 excidant.»
516 3409 572 3476 llis
595 3431 744 3499 germana
769 3408 847 3475 dicit
870 3421 1001 3476 sanctus

10 3533 86 3599 toque
106 3517 274 3608 Apostolus
289 3516 429 3594 Paulus‚'
445 3515 669 3607 propheticam
687 3529 720 3583 et
737 3539 813 3584 vere
833 3517 995 3606 antiquam

10 3639 145 3692 mersans
161 3627 425 3703 occultationem,
440 3651 457 3692 a
469 3650 531 3715 qua
543 3647 613 3714 quae
625 3627 710 3715 apud
723 3626 850 3693 Graecos
867 3625 995 3692 suerunt
1087 3653 1090 3664 ⁴

14 3777 701 3854 'totana-'Palmo.-¹1o.212‚2,3.

13 3867 80 3940 ‘Pap
93 3879 149 3930 685.
