2546 4614
183 269 245 344 doe
599 289 623 332 s.
652 290 822 334 arrromrr

184 437 197 471 ι
212 409 327 476 dedisti
341 431 399 476 cor
414 421 507 480 tuum
517 410 606 497 quasi
620 431 679 474 cor
694 410 763 476 Dei.
781 409 955 498 Numquid
968 413 1211 500 sapientiorem

183 548 197 580 ι
211 515 536 608 DanielalSapientoa
545 540 609 584 uon
620 519 809 592 erudierunt
819 531 854 586 te
865 519 1042 609 disciplina
1051 523 1128 588 sua?
1136 524 1211 590 Nun

184 657 199 691 a
212 627 291 717 quid
305 627 338 694 in
359 626 536 694 eruditione
558 638 611 694 tua
626 637 681 693 aut
701 628 921 716 inprudentia
945 630 1058 698 fecisti
1074 633 1129 699 tibi
1142 632 1209 700 [ori-

141 728 144 735 ’
185 739 1210 833 1tudinemetaurumetargentumintheaemistuisillamqad

185 877 198 912 r
213 851 246 919 iu
257 847 356 916 multa
365 846 546 912 eruditione
558 859 611 914 tua
621 858 654 914 et
665 849 698 913 in
710 848 927 937 negotiatione
940 861 1002 916 tua
1014 849 1208 940 multiplicasti

184 957 428 1026 ‚fortitudinem
443 956 558 1024 tunm?
570 955 698 1022 Elatum
717 968 765 1022 est
786 980 844 1023 cor
867 967 966 1024 tuum
988 959 1025 1024 in
1046 961 1205 1028 fortitudine

184 1097 198 1130 s
212 1081 274 1134 tua.
292 1067 465 1155 Propterea
478 1065 549 1132 hec
563 1065 640 1132 dicit
653 1065 810 1132 Dominus
820 1065 932 1132 Deus:
948 1067 1039 1146 Quia
1051 1069 1154 1137 dedisti
1162 1095 1203 1136 eor

172 1207 196 1238 „
210 1189 303 1242 tuum
322 1178 412 1265 quasi
435 1200 491 1244 eor
507 1176 586 1252 Dei,
606 1199 681 1244 ecce
703 1199 763 1266 ego
784 1177 914 1246 adduco
937 1202 1042 1268 super
1060 1181 1201 1249 taalenu

183 1285 404 1376 »pestilentem
426 1300 460 1352 et
479 1287 690 1377 evaginabunt
704 1285 826 1377 gladios
849 1312 929 1354 suos
950 1304 1103 1378 superte,
1119 1307 1146 1358 et
1160 1319 1198 1360 ar

183 1421 266 1488 »per
281 1397 554 1488 pulchritudinem
572 1398 725 1464 doctrine
743 1410 819 1474 tue,
836 1411 870 1464 et
886 1411 1038 1466 sternent
1049 1401 1192 1490 puldnite

183 1537 196 1570 ι
209 1509 318 1579 daem
332 1521 422 1576 tuam
438 1509 472 1576 in
485 1509 695 1598 perditionem
711 1530 720 1572 τ
738 1521 772 1574 et
785 1509 995 1578 descendere
1007 1512 1101 1578 Edmt
1112 1527 1147 1589 tr,
1160 1529 1185 1578 et

182 1617 354 1686 :morieris
375 1627 477 1686 morte
497 1615 733 1687 vulneratorum
756 1619 788 1684 in
809 1620 912 1686 corde
934 1623 1030 1686 mair
1047 1622 1173 1708 limpnii

183 1725 343 1818 »loquens
363 1729 505 1796 dicturus
521 1751 568 1802 es,
584 1727 669 1794 Deus
685 1751 756 1794 sum
772 1752 831 1818 ego
851 1730 887 1795 in
909 1744 1072 1829 consperto
1082 1731 1167 1798 mni

185 1839 366 1906 »cientium
380 1839 435 1904 tei
450 1838 622 1906 Tuautem
642 1837 740 1904 homo
754 1862 801 1914 es,
819 1852 854 1903 et
875 1863 949 1908 uon
963 1843 1060 1916 Deus,
1072 1843 1183 1907 ianm

91 1995 94 2004 .
185 1945 448 2017 »vulnerantium
467 1957 509 2013 to.
533 1944 687 2012 llortibus
707 1946 1012 2014 incircumcisorum
1028 1950 1190 2016 interls'un

184 2057 356 2126 »manibus
372 2055 546 2122 disemum
564 2079 573 2120 ε
592 2056 666 2143 quia
680 2078 739 2143 ego
754 2053 882 2122 locutus
900 2081 995 2132 sum,
1017 2057 1089 2124 diu't
1105 2058 1194 2124 lioni-

185 2195 198 2232 ι
211 2191 272 2236 ntus
283 2167 305 2232 ¹·
320 2195 333 2229 ι

225 2276 319 2344 ΧΙΧ.
341 2277 436 2344 lliace
449 2277 494 2344 ita
509 2275 640 2342 ostensis
656 2276 778 2365 verbis,
802 2277 968 2342 rideamus
988 2277 1196 2364 subtilimquid

183 2387 270 2456 dicat
282 2386 393 2454 Daniel
407 2388 440 2453 in
456 2385 646 2455 visionibus.
665 2387 725 2454 llic
738 2387 824 2452 enim
840 2387 951 2456 lutura
966 2387 1194 2478 deincepsregaa

185 2497 393 2588 distinguens.
406 2497 545 2564 ostendit
554 2497 703 2563 extremis
715 2498 916 2586 temporibus
928 2498 1026 2566 otiam
1039 2498 1192 2564 masmim

184 2607 329 2676 luterum
344 2608 529 2683 adventum,
550 2618 583 2672 et
602 2606 716 2674 mundi
737 2606 875 2674 universi
896 2611 1177 2676 consummatim·

185 2715 238 2788 tit
252 2717 359 2806 itaque
375 2717 453 2790 dum
473 2715 564 2785 solvit
579 2715 900 2785 Nabuchodonosoris
916 2718 1029 2784 risum
1048 2715 1126 2782 :ala
1138 2735 1181 2776 ru

185 2825 355 2902 uidebis,
372 2837 405 2890 ot
420 2847 497 2892 ecoe
516 2823 721 2892 simulacrum
739 2847 891 2912 magnum
906 2835 1000 2894 stans
1021 2837 1091 2892 ants
1104 2823 1192 2887 urim

188 2945 325 3005 rtuam:
340 2933 434 3020 cujus
450 2943 545 3020 caput
559 2951 598 2996 ex
614 2955 690 2999 auro
704 2931 846 3020 optimo;
874 2930 1013 3000 brachia
1028 2934 1098 3021 ejm
1115 2930 1201 2996 etlu-

186 3071 199 3105 ι
213 3041 306 3119 meri,
323 3053 485 3132 urgentem
504 3053 613 3114 venter
627 3051 659 3106 et
673 3039 808 3115 femore,
824 3065 919 3114 mrem
944 3055 979 3108 et
995 3045 1084 3109 tibiae
1097 3045 1203 3112 sm

185 3151 309 3241 »pedes
323 3173 395 3242 pars
418 3149 548 3237 quidem
567 3149 682 3224 ferrea,
698 3161 731 3214 et
749 3173 821 3240 pars
839 3161 951 3216 testea.
973 3150 1113 3218 Videbar
1127 3153 1208 3241 igitur

186 3292 199 3326 r
214 3261 317 3332 donec
332 3261 488 3331 abscissus
502 3271 551 3326 est
565 3258 643 3349 lapis
657 3259 697 3326 de
712 3272 822 3326 monte
836 3261 903 3334 sine
918 3263 1071 3328 manibus
1082 3286 1092 3326 :
1105 3274 1139 3328 et
1147 3285 1198 3350 per

186 3371 310 3440 »cussit
321 3369 526 3438 simulacrum
541 3393 636 3458 super
649 3371 744 3459 pedes
762 3370 881 3437 ferreos
896 3381 930 3436 et
944 3381 1075 3447 testeos,
1091 3383 1125 3436 et
1136 3393 1213 3438 eom·

186 3511 201 3547 ι
214 3484 330 3554 minuit
343 3505 398 3553 eos
409 3483 442 3548 in
454 3481 562 3551 linum.
576 3479 669 3550 'lunc
683 3483 810 3570 penitus
824 3483 1025 3550 comminuta
1040 3493 1112 3550 suut
1126 3494 1213 3551 testa.

186 3593 345 3670 »serrum
362 3616 416 3669 aes,
432 3604 612 3682 argentum.
629 3615 756 3670 aurum,
776 3603 809 3658 et
826 3591 910 3660 sacta
927 3604 1002 3660 sunt
1018 3594 1107 3682 quasi
1121 3591 1213 3681 pultis

186 3701 254 3768 »de
276 3724 348 3770 area
364 3701 499 3770 'cstirat
518 3713 551 3767 et
572 3700 698 3769 sustulit
717 3725 754 3768 ea
771 3702 918 3790 copiosus
938 3717 1067 3780 ventus,
1081 3715 1117 3771 et
1135 3701 1211 3768 locas

188 3831 280 3881 »nou
294 3824 343 3881 est
357 3811 504 3882 inventus
523 3811 578 3879 eis.
603 3810 644 3878 Et
660 3809 742 3900 lapis
757 3812 811 3900 qui
830 3813 988 3901 percussit
1002 3812 1207 3882 simulacrum,

221 3947 329 3999 ¹Ezeelt·
342 3964 429 4010 nuru,
442 3969 462 3999 a.
