<?xml version="1.0" encoding="UTF-8"?>
<!DOCTYPE html PUBLIC "-//W3C//DTD XHTML 1.0 Transitional//EN"
    "http://www.w3.org/TR/xhtml1/DTD/xhtml1-transitional.dtd">
<html xmlns="http://www.w3.org/1999/xhtml" xml:lang="en" lang="en">
 <head>
  <title>
</title>
<meta http-equiv="Content-Type" content="text/html;charset=utf-8" />
  <meta name='ocr-system' content='tesseract 3.04.00' />
  <meta name='ocr-capabilities' content='ocr_page ocr_carea ocr_par ocr_line ocrx_word'/>
</head>
<body>
  <div class='ocr_page' id='page_1' title='image "./collectioselect00guilgoog_0093.png"; bbox 0 0 2614 4628; ppageno 0'>
   <div class='ocr_carea' id='block_1_1' title="bbox 534 299 1132 384">
    <p class='ocr_par' dir='ltr' id='par_1_1' title="bbox 534 299 1132 384">
     <span class='ocr_line' id='line_1_1' title="bbox 534 299 1132 384; baseline -0.008 -17"><span class='ocrx_word' id='word_1_1' title='bbox 534 323 696 367; x_wconf 77' lang='lat' dir='ltr'><strong>ocrsrsus.</strong></span> <span class='ocrx_word' id='word_1_2' title='bbox 1093 299 1132 384; x_wconf 84' lang='lat'><strong>87</strong></span> 
     </span>
    </p>
   </div>
   <div class='ocr_carea' id='block_1_2' title="bbox 63 435 1135 1624">
    <p class='ocr_par' dir='ltr' id='par_1_2' title="bbox 63 435 1135 1624">
     <span class='ocr_line' id='line_1_2' title="bbox 76 435 1132 531; baseline 0.01 -31"><span class='ocrx_word' id='word_1_3' title='bbox 76 437 178 523; x_wconf 87' lang='lat' dir='ltr'><strong>tum.)</strong></span> <span class='ocrx_word' id='word_1_4' title='bbox 199 435 402 506; x_wconf 78' lang='lat' dir='ltr'><strong>Heraclides</strong></span> <span class='ocrx_word' id='word_1_5' title='bbox 422 438 575 508; x_wconf 88' lang='lat' dir='ltr'><strong>Ponticus</strong></span> <span class='ocrx_word' id='word_1_6' title='bbox 589 464 716 531; x_wconf 91' lang='lat' dir='ltr'><strong>quoque</strong></span> <span class='ocrx_word' id='word_1_7' title='bbox 731 441 800 508; x_wconf 86' lang='lat' dir='ltr'><strong>Deo</strong></span> <span class='ocrx_word' id='word_1_8' title='bbox 819 441 961 508; x_wconf 87' lang='lat' dir='ltr'><strong>divinam</strong></span> <span class='ocrx_word' id='word_1_9' title='bbox 977 452 1132 511; x_wconf 87' lang='lat' dir='ltr'><strong>mentem.</strong></span> 
     </span>
     <span class='ocr_line' id='line_1_3' title="bbox 77 548 1134 634; baseline 0.004 -22"><span class='ocrx_word' id='word_1_10' title='bbox 77 548 219 634; x_wconf 80' lang='lat' dir='ltr'><strong>quamvis</strong></span> <span class='ocrx_word' id='word_1_11' title='bbox 248 549 360 626; x_wconf 80' lang='lat' dir='ltr'><strong>varie,</strong></span> <span class='ocrx_word' id='word_1_12' title='bbox 382 552 528 628; x_wconf 87' lang='lat' dir='ltr'><strong>ascribit,</strong></span> <span class='ocrx_word' id='word_1_13' title='bbox 549 551 624 618; x_wconf 86' lang='lat' dir='ltr'><strong>alias</strong></span> <span class='ocrx_word' id='word_1_14' title='bbox 644 551 780 629; x_wconf 89' lang='lat' dir='ltr'><strong>mundo,</strong></span> <span class='ocrx_word' id='word_1_15' title='bbox 804 550 880 618; x_wconf 83' lang='lat' dir='ltr'><strong>elias</strong></span> <span class='ocrx_word' id='word_1_16' title='bbox 901 553 1001 617; x_wconf 86' lang='lat' dir='ltr'><strong>menti</strong></span> <span class='ocrx_word' id='word_1_17' title='bbox 1021 550 1134 616; x_wconf 78' lang='lat' dir='ltr'><strong>divine</strong></span> 
     </span>
     <span class='ocr_line' id='line_1_4' title="bbox 80 657 1134 750; baseline 0.001 -29"><span class='ocrx_word' id='word_1_18' title='bbox 80 657 482 749; x_wconf 75' lang='lat' dir='ltr'><strong>trslsuens&#39;principatum.</strong></span> <span class='ocrx_word' id='word_1_19' title='bbox 503 659 755 750; x_wconf 77' lang='lat' dir='ltr'><strong>Theophrastus,</strong></span> <span class='ocrx_word' id='word_1_20' title='bbox 773 672 808 726; x_wconf 88' lang='lat' dir='ltr'><strong>et</strong></span> <span class='ocrx_word' id='word_1_21' title='bbox 820 657 945 734; x_wconf 89' lang='lat' dir='ltr'><strong>Zenon,</strong></span> <span class='ocrx_word' id='word_1_22' title='bbox 961 672 995 724; x_wconf 91' lang='lat' dir='ltr'><strong>et</strong></span> <span class='ocrx_word' id='word_1_23' title='bbox 1013 658 1134 745; x_wconf 84' lang='lat' dir='ltr'><strong>Chrys-</strong></span> 
     </span>
     <span class='ocr_line' id='line_1_5' title="bbox 83 763 1135 856; baseline 0.003 -30"><span class='ocrx_word' id='word_1_24' title='bbox 83 765 185 850; x_wconf 87' lang='lat' dir='ltr'><strong>ippus,</strong></span> <span class='ocrx_word' id='word_1_25' title='bbox 201 775 233 828; x_wconf 86' lang='lat' dir='ltr'><strong>et</strong></span> <span class='ocrx_word' id='word_1_26' title='bbox 244 763 530 840; x_wconf 78' lang='lat' dir='ltr'><strong>Cleanthes,sunt</strong></span> <span class='ocrx_word' id='word_1_27' title='bbox 544 779 577 832; x_wconf 89' lang='lat' dir='ltr'><strong>et</strong></span> <span class='ocrx_word' id='word_1_28' title='bbox 591 767 650 856; x_wconf 90' lang='lat' dir='ltr'><strong>ipsi</strong></span> <span class='ocrx_word' id='word_1_29' title='bbox 667 765 889 842; x_wconf 78' lang='lat' dir='ltr'><strong>multiformes,</strong></span> <span class='ocrx_word' id='word_1_30' title='bbox 899 766 955 831; x_wconf 86' lang='lat' dir='ltr'><strong>sed</strong></span> <span class='ocrx_word' id='word_1_31' title='bbox 970 765 1012 830; x_wconf 88' lang='lat' dir='ltr'><strong>ad</strong></span> <span class='ocrx_word' id='word_1_32' title='bbox 1028 765 1135 830; x_wconf 92' lang='lat' dir='ltr'><strong>unita·</strong></span> 
     </span>
     <span class='ocr_line' id='line_1_6' title="bbox 90 875 1135 964; baseline -0.002 -22"><span class='ocrx_word' id='word_1_33' title='bbox 90 886 151 942; x_wconf 86' lang='lat' dir='ltr'><strong>tem</strong></span> <span class='ocrx_word' id='word_1_34' title='bbox 162 875 381 964; x_wconf 69' lang='lat' dir='ltr'><strong>providentie</strong></span> <span class='ocrx_word' id='word_1_35' title='bbox 393 900 506 944; x_wconf 87' lang='lat' dir='ltr'><strong>omnes</strong></span> <span class='ocrx_word' id='word_1_36' title='bbox 517 876 734 944; x_wconf 86' lang='lat' dir='ltr'><strong>revolvuntur.</strong></span> <span class='ocrx_word' id='word_1_37' title='bbox 754 876 922 943; x_wconf 88' lang='lat' dir='ltr'><strong>Cleanthes</strong></span> <span class='ocrx_word' id='word_1_38' title='bbox 942 876 1028 944; x_wconf 89' lang='lat' dir='ltr'><strong>enim</strong></span> <span class='ocrx_word' id='word_1_39' title='bbox 1047 898 1135 940; x_wconf 91' lang='lat' dir='ltr'><strong>men·</strong></span> 
     </span>
     <span class='ocr_line' id='line_1_7' title="bbox 91 986 1134 1077; baseline 0.003 -28"><span class='ocrx_word' id='word_1_40' title='bbox 91 995 161 1060; x_wconf 88' lang='lat' dir='ltr'><strong>tem,</strong></span> <span class='ocrx_word' id='word_1_41' title='bbox 181 986 285 1052; x_wconf 87' lang='lat' dir='ltr'><strong>modo</strong></span> <span class='ocrx_word' id='word_1_42' title='bbox 311 988 475 1063; x_wconf 84' lang='lat' dir='ltr'><strong>animum,</strong></span> <span class='ocrx_word' id='word_1_43' title='bbox 496 989 593 1054; x_wconf 93' lang='lat' dir='ltr'><strong>modo</strong></span> <span class='ocrx_word' id='word_1_44' title='bbox 612 989 744 1064; x_wconf 77' lang='lat' dir='ltr'><strong>ethera,</strong></span> <span class='ocrx_word' id='word_1_45' title='bbox 766 986 954 1077; x_wconf 87' lang='lat' dir='ltr'><strong>plerumque</strong></span> <span class='ocrx_word' id='word_1_46' title='bbox 976 987 1134 1052; x_wconf 84' lang='lat' dir='ltr'><strong>rationem</strong></span> 
     </span>
     <span class='ocr_line' id='line_1_8' title="bbox 87 1078 1132 1186; baseline -0.001 -26"><span class='ocrx_word' id='word_1_47' title='bbox 87 1093 183 1160; x_wconf 86' lang='lat' dir='ltr'><strong>Deum</strong></span> <span class='ocrx_word' id='word_1_48' title='bbox 198 1092 374 1161; x_wconf 76' lang='lat' dir='ltr'><strong>disseruit.</strong></span> <span class='ocrx_word' id='word_1_49' title='bbox 388 1095 502 1162; x_wconf 81' lang='lat' dir='ltr'><strong>Zenon</strong></span> <span class='ocrx_word' id='word_1_50' title='bbox 513 1095 658 1186; x_wconf 88' lang='lat' dir='ltr'><strong>ejusdem</strong></span> <span class='ocrx_word' id='word_1_51' title='bbox 670 1078 826 1186; x_wconf 74' lang='lat' dir='ltr'><strong>magister</strong></span> <span class='ocrx_word' id='word_1_52' title='bbox 836 1095 1011 1162; x_wconf 75' lang='lat' dir='ltr'><strong>naturalem</strong></span> <span class='ocrx_word' id='word_1_53' title='bbox 1027 1095 1132 1185; x_wconf 84' lang='lat' dir='ltr'><strong>legem</strong></span> 
     </span>
     <span class='ocr_line' id='line_1_9' title="bbox 63 1203 1131 1295; baseline 0.006 -29"><span class='ocrx_word' id='word_1_54' title='bbox 63 1217 68 1231; x_wconf 91' lang='lat'>&#39;</span> <span class='ocrx_word' id='word_1_55' title='bbox 89 1213 176 1290; x_wconf 85' lang='lat' dir='ltr'><strong>atque</strong></span> <span class='ocrx_word' id='word_1_56' title='bbox 192 1203 361 1278; x_wconf 81' lang='lat' dir='ltr'><strong>divinam,</strong></span> <span class='ocrx_word' id='word_1_57' title='bbox 384 1217 417 1274; x_wconf 84' lang='lat' dir='ltr'><strong>et</strong></span> <span class='ocrx_word' id='word_1_58' title='bbox 431 1205 550 1272; x_wconf 85' lang='lat' dir='ltr'><strong>aetheru</strong></span> <span class='ocrx_word' id='word_1_59' title='bbox 566 1206 706 1280; x_wconf 86' lang='lat' dir='ltr'><strong>interim,</strong></span> <span class='ocrx_word' id='word_1_60' title='bbox 727 1205 953 1295; x_wconf 78' lang='lat' dir='ltr'><strong>interdumque</strong></span> <span class='ocrx_word' id='word_1_61' title='bbox 972 1207 1131 1272; x_wconf 86' lang='lat' dir='ltr'><strong>rationem</strong></span> 
     </span>
     <span class='ocr_line' id='line_1_10' title="bbox 88 1309 1130 1403; baseline 0.002 -27"><span class='ocrx_word' id='word_1_62' title='bbox 88 1309 149 1377; x_wconf 73' lang='lat' dir='ltr'><strong>vult</strong></span> <span class='ocrx_word' id='word_1_63' title='bbox 166 1314 325 1380; x_wconf 89' lang='lat' dir='ltr'><strong>omnium</strong></span> <span class='ocrx_word' id='word_1_64' title='bbox 341 1335 413 1378; x_wconf 89' lang='lat' dir='ltr'><strong>esse</strong></span> <span class='ocrx_word' id='word_1_65' title='bbox 434 1313 635 1402; x_wconf 82' lang='lat' dir='ltr'><strong>principium.</strong></span> <span class='ocrx_word' id='word_1_66' title='bbox 658 1314 750 1380; x_wconf 89' lang='lat' dir='ltr'><strong>ldem</strong></span> <span class='ocrx_word' id='word_1_67' title='bbox 770 1314 1009 1403; x_wconf 85' lang='lat' dir='ltr'><strong>interpretando</strong></span> <span class='ocrx_word' id='word_1_68' title='bbox 1025 1313 1130 1379; x_wconf 84' lang='lat' dir='ltr'><strong>Jnno-</strong></span> 
     </span>
     <span class='ocr_line' id='line_1_11' title="bbox 87 1421 1133 1514; baseline 0.001 -27"><span class='ocrx_word' id='word_1_69' title='bbox 87 1443 158 1487; x_wconf 89' lang='lat' dir='ltr'><strong>nem</strong></span> <span class='ocrx_word' id='word_1_70' title='bbox 179 1429 275 1500; x_wconf 75' lang='lat' dir='ltr'><strong>alirn,</strong></span> <span class='ocrx_word' id='word_1_71' title='bbox 307 1421 426 1489; x_wconf 79' lang='lat' dir='ltr'><strong>lovem</strong></span> <span class='ocrx_word' id='word_1_72' title='bbox 445 1422 576 1500; x_wconf 82' lang='lat' dir='ltr'><strong>coelum,</strong></span> <span class='ocrx_word' id='word_1_73' title='bbox 604 1423 790 1514; x_wconf 85' lang='lat' dir='ltr'><strong>Neptunum</strong></span> <span class='ocrx_word' id='word_1_74' title='bbox 811 1446 912 1501; x_wconf 90' lang='lat' dir='ltr'><strong>mare,</strong></span> <span class='ocrx_word' id='word_1_75' title='bbox 937 1425 1043 1513; x_wconf 81' lang='lat' dir='ltr'><strong>ignem</strong></span> <span class='ocrx_word' id='word_1_76' title='bbox 1064 1445 1133 1489; x_wconf 88' lang='lat' dir='ltr'><strong>esse</strong></span> 
     </span>
     <span class='ocr_line' id='line_1_12' title="bbox 83 1531 1130 1624; baseline 0 -26"><span class='ocrx_word' id='word_1_77' title='bbox 83 1532 285 1608; x_wconf 79' lang='lat' dir='ltr'><strong>Vulcanum,</strong></span> <span class='ocrx_word' id='word_1_78' title='bbox 304 1547 337 1602; x_wconf 89' lang='lat' dir='ltr'><strong>et</strong></span> <span class='ocrx_word' id='word_1_79' title='bbox 360 1546 493 1600; x_wconf 73' lang='lat' dir='ltr'><strong>ceteros</strong></span> <span class='ocrx_word' id='word_1_80' title='bbox 513 1534 655 1602; x_wconf 86' lang='lat' dir='ltr'><strong>similiter</strong></span> <span class='ocrx_word' id='word_1_81' title='bbox 677 1533 761 1624; x_wconf 80' lang='lat' dir='ltr'><strong>vulgi</strong></span> <span class='ocrx_word' id='word_1_82' title='bbox 784 1534 861 1608; x_wconf 86' lang='lat' dir='ltr'><strong>deos</strong></span> <span class='ocrx_word' id='word_1_83' title='bbox 883 1531 1041 1600; x_wconf 88' lang='lat' dir='ltr'><strong>elementa</strong></span> <span class='ocrx_word' id='word_1_84' title='bbox 1060 1555 1130 1600; x_wconf 90' lang='lat' dir='ltr'><strong>esse</strong></span> 
     </span>
    </p>
   </div>
   <div class='ocr_carea' id='block_1_3' title="bbox 85 1641 1243 1733">
    <p class='ocr_par' dir='ltr' id='par_1_3' title="bbox 85 1641 1243 1733">
     <span class='ocr_line' id='line_1_13' title="bbox 85 1641 1243 1733; baseline -0.003 -27"><span class='ocrx_word' id='word_1_85' title='bbox 85 1642 315 1720; x_wconf 86' lang='lat' dir='ltr'><strong>monstrando,</strong></span> <span class='ocrx_word' id='word_1_86' title='bbox 331 1641 499 1730; x_wconf 85' lang='lat' dir='ltr'><strong>publicum</strong></span> <span class='ocrx_word' id='word_1_87' title='bbox 515 1642 618 1732; x_wconf 84' lang='lat' dir='ltr'><strong>arguit</strong></span> <span class='ocrx_word' id='word_1_88' title='bbox 631 1643 768 1733; x_wconf 75' lang='lat' dir='ltr'><strong>graviter</strong></span> <span class='ocrx_word' id='word_1_89' title='bbox 779 1656 811 1708; x_wconf 89' lang='lat' dir='ltr'><strong>et</strong></span> <span class='ocrx_word' id='word_1_90' title='bbox 826 1642 964 1709; x_wconf 78' lang='lat' dir='ltr'><strong>revincit</strong></span> <span class='ocrx_word' id='word_1_91' title='bbox 977 1653 1129 1708; x_wconf 86' lang='lat' dir='ltr'><strong>errorem.</strong></span> <span class='ocrx_word' id='word_1_92' title='bbox 1239 1691 1243 1703; x_wconf 91' lang='lat'>.</span> 
     </span>
    </p>
   </div>
   <div class='ocr_carea' id='block_1_4' title="bbox 7 1749 1207 4045">
    <p class='ocr_par' dir='ltr' id='par_1_4' title="bbox 7 1749 1207 3913">
     <span class='ocr_line' id='line_1_14' title="bbox 85 1749 1130 1841; baseline 0.003 -26"><span class='ocrx_word' id='word_1_93' title='bbox 85 1749 208 1817; x_wconf 83' lang='lat' dir='ltr'><strong>Eadem</strong></span> <span class='ocrx_word' id='word_1_94' title='bbox 217 1751 289 1817; x_wconf 87' lang='lat' dir='ltr'><strong>lere</strong></span> <span class='ocrx_word' id='word_1_95' title='bbox 301 1751 586 1841; x_wconf 81' lang='lat' dir='ltr'><strong>Chrysippus,vim</strong></span> <span class='ocrx_word' id='word_1_96' title='bbox 601 1753 752 1828; x_wconf 80' lang='lat' dir='ltr'><strong>divinam,</strong></span> <span class='ocrx_word' id='word_1_97' title='bbox 769 1751 957 1819; x_wconf 86' lang='lat' dir='ltr'><strong>rationalem</strong></span> <span class='ocrx_word' id='word_1_98' title='bbox 970 1764 1130 1829; x_wconf 87' lang='lat' dir='ltr'><strong>naturam,</strong></span> 
     </span>
     <span class='ocr_line' id='line_1_15' title="bbox 87 1852 1180 1937; baseline 0.002 -11"><span class='ocrx_word' id='word_1_99' title='bbox 87 1872 120 1926; x_wconf 89' lang='lat' dir='ltr'><strong>et</strong></span> <span class='ocrx_word' id='word_1_100' title='bbox 134 1863 297 1928; x_wconf 90' lang='lat' dir='ltr'><strong>mundum</strong></span> <span class='ocrx_word' id='word_1_101' title='bbox 311 1861 455 1937; x_wconf 88' lang='lat' dir='ltr'><strong>interim,</strong></span> <span class='ocrx_word' id='word_1_102' title='bbox 471 1873 506 1926; x_wconf 89' lang='lat' dir='ltr'><strong>et</strong></span> <span class='ocrx_word' id='word_1_103' title='bbox 516 1861 642 1928; x_wconf 81' lang='lat' dir='ltr'><strong>fatalem</strong></span> <span class='ocrx_word' id='word_1_104' title='bbox 653 1863 876 1929; x_wconf 89' lang='lat' dir='ltr'><strong>necessitatem</strong></span> <span class='ocrx_word' id='word_1_105' title='bbox 887 1864 993 1930; x_wconf 85' lang='lat' dir='ltr'><strong>Deum</strong></span> <span class='ocrx_word' id='word_1_106' title='bbox 1009 1863 1110 1930; x_wconf 88' lang='lat' dir='ltr'><strong>credit</strong></span> <span class='ocrx_word' id='word_1_107' title='bbox 1119 1887 1128 1936; x_wconf 81' lang='lat' dir='ltr'><strong>t</strong></span> <span class='ocrx_word' id='word_1_108' title='bbox 1175 1852 1180 1861; x_wconf 48' lang='lat'><strong>¹</strong></span> 
     </span>
     <span class='ocr_line' id='line_1_16' title="bbox 93 1968 1132 2062; baseline 0.005 -28"><span class='ocrx_word' id='word_1_109' title='bbox 93 1968 322 2058; x_wconf 82' lang='lat' dir='ltr'><strong>Zenonemque</strong></span> <span class='ocrx_word' id='word_1_110' title='bbox 338 1970 605 2061; x_wconf 75' lang='lat' dir='ltr'><strong>interpretatione</strong></span> <span class='ocrx_word' id='word_1_111' title='bbox 627 1971 831 2062; x_wconf 66' lang='lat' dir='ltr'><strong>physiologiae</strong></span> <span class='ocrx_word' id='word_1_112' title='bbox 851 1973 884 2039; x_wconf 92' lang='lat' dir='ltr'><strong>in</strong></span> <span class='ocrx_word' id='word_1_113' title='bbox 905 1970 1047 2048; x_wconf 86' lang='lat' dir='ltr'><strong>Hesiodi,</strong></span> <span class='ocrx_word' id='word_1_114' title='bbox 1063 1973 1132 2039; x_wconf 88' lang='lat' dir='ltr'><strong>Ho··</strong></span> 
     </span>
     <span class='ocr_line' id='line_1_17' title="bbox 99 2079 1129 2171; baseline 0.002 -27"><span class='ocrx_word' id='word_1_115' title='bbox 99 2080 197 2154; x_wconf 82' lang='lat' dir='ltr'><strong>mesi,</strong></span> <span class='ocrx_word' id='word_1_116' title='bbox 222 2079 399 2169; x_wconf 76' lang='lat' dir='ltr'><strong>Orpheique</strong></span> <span class='ocrx_word' id='word_1_117' title='bbox 426 2083 623 2148; x_wconf 74' lang='lat' dir='ltr'><strong>carminibus</strong></span> <span class='ocrx_word' id='word_1_118' title='bbox 652 2083 806 2148; x_wconf 86' lang='lat' dir='ltr'><strong>imitatur.</strong></span> <span class='ocrx_word' id='word_1_119' title='bbox 831 2081 1009 2171; x_wconf 82' lang='lat' dir='ltr'><strong>Babylonio</strong></span> <span class='ocrx_word' id='word_1_120' title='bbox 1032 2083 1129 2148; x_wconf 91' lang='lat' dir='ltr'><strong>etiam</strong></span> 
     </span>
     <span class='ocr_line' id='line_1_18' title="bbox 99 2188 1130 2282; baseline 0.002 -28"><span class='ocrx_word' id='word_1_121' title='bbox 99 2188 237 2278; x_wconf 83' lang='lat' dir='ltr'><strong>Diogeni</strong></span> <span class='ocrx_word' id='word_1_122' title='bbox 260 2189 413 2278; x_wconf 69' lang='lat' dir='ltr'><strong>disciplina</strong></span> <span class='ocrx_word' id='word_1_123' title='bbox 437 2203 486 2257; x_wconf 87' lang='lat' dir='ltr'><strong>est</strong></span> <span class='ocrx_word' id='word_1_124' title='bbox 503 2191 682 2280; x_wconf 77' lang='lat' dir='ltr'><strong>exponendi</strong></span> <span class='ocrx_word' id='word_1_125' title='bbox 701 2204 735 2256; x_wconf 91' lang='lat' dir='ltr'><strong>et</strong></span> <span class='ocrx_word' id='word_1_126' title='bbox 753 2189 941 2268; x_wconf 88' lang='lat' dir='ltr'><strong>disserendi,</strong></span> <span class='ocrx_word' id='word_1_127' title='bbox 956 2193 1044 2258; x_wconf 79' lang='lat' dir='ltr'><strong>lovis</strong></span> <span class='ocrx_word' id='word_1_128' title='bbox 1059 2215 1130 2282; x_wconf 72' lang='lat' dir='ltr'><strong>pan</strong></span> 
     </span>
     <span class='ocr_line' id='line_1_19' title="bbox 96 2283 1207 2390; baseline 0.005 -26"><span class='ocrx_word' id='word_1_129' title='bbox 96 2311 183 2376; x_wconf 87' lang='lat' dir='ltr'><strong>tum,</strong></span> <span class='ocrx_word' id='word_1_130' title='bbox 199 2311 232 2366; x_wconf 87' lang='lat' dir='ltr'><strong>et</strong></span> <span class='ocrx_word' id='word_1_131' title='bbox 246 2311 347 2367; x_wconf 89' lang='lat' dir='ltr'><strong>ortum</strong></span> <span class='ocrx_word' id='word_1_132' title='bbox 357 2301 520 2378; x_wconf 77' lang='lat' dir='ltr'><strong>llinerrae,</strong></span> <span class='ocrx_word' id='word_1_133' title='bbox 537 2313 571 2368; x_wconf 90' lang='lat' dir='ltr'><strong>et</strong></span> <span class='ocrx_word' id='word_1_134' title='bbox 584 2302 648 2368; x_wconf 90' lang='lat' dir='ltr'><strong>hoc</strong></span> <span class='ocrx_word' id='word_1_135' title='bbox 663 2325 763 2390; x_wconf 78' lang='lat' dir='ltr'><strong>genus</strong></span> <span class='ocrx_word' id='word_1_136' title='bbox 776 2313 903 2379; x_wconf 73' lang='lat' dir='ltr'><strong>cetera,</strong></span> <span class='ocrx_word' id='word_1_137' title='bbox 918 2325 1027 2369; x_wconf 86' lang='lat' dir='ltr'><strong>rerum</strong></span> <span class='ocrx_word' id='word_1_138' title='bbox 1038 2324 1129 2369; x_wconf 86' lang='lat' dir='ltr'><strong>voca·</strong></span> <span class='ocrx_word' id='word_1_139' title='bbox 1200 2283 1207 2298; x_wconf 64' lang='grc'><strong>’</strong></span> 
     </span>
     <span class='ocr_line' id='line_1_20' title="bbox 90 2408 1131 2501; baseline 0.003 -25"><span class='ocrx_word' id='word_1_140' title='bbox 90 2408 167 2476; x_wconf 84' lang='lat' dir='ltr'><strong>lsuls</strong></span> <span class='ocrx_word' id='word_1_141' title='bbox 187 2433 268 2488; x_wconf 86' lang='lat' dir='ltr'><strong>esse,</strong></span> <span class='ocrx_word' id='word_1_142' title='bbox 280 2434 345 2478; x_wconf 93' lang='lat' dir='ltr'><strong>non</strong></span> <span class='ocrx_word' id='word_1_143' title='bbox 355 2413 502 2478; x_wconf 87' lang='lat' dir='ltr'><strong>deorum.</strong></span> <span class='ocrx_word' id='word_1_144' title='bbox 518 2411 600 2480; x_wconf 91' lang='lat' dir='ltr'><strong>Nam</strong></span> <span class='ocrx_word' id='word_1_145' title='bbox 612 2410 795 2478; x_wconf 84' lang='lat' dir='ltr'><strong>Socraticus</strong></span> <span class='ocrx_word' id='word_1_146' title='bbox 805 2411 988 2501; x_wconf 90' lang='lat' dir='ltr'><strong>Xenophon</strong></span> <span class='ocrx_word' id='word_1_147' title='bbox 997 2411 1131 2478; x_wconf 90' lang='lat' dir='ltr'><strong>lormam</strong></span> 
     </span>
     <span class='ocr_line' id='line_1_21' title="bbox 86 2520 1126 2612; baseline 0.001 -27"><span class='ocrx_word' id='word_1_148' title='bbox 86 2520 148 2586; x_wconf 87' lang='lat' dir='ltr'><strong>Dei</strong></span> <span class='ocrx_word' id='word_1_149' title='bbox 172 2521 238 2586; x_wconf 81' lang='lat' dir='ltr'><strong>reri</strong></span> <span class='ocrx_word' id='word_1_150' title='bbox 258 2534 355 2612; x_wconf 84' lang='lat' dir='ltr'><strong>negat</strong></span> <span class='ocrx_word' id='word_1_151' title='bbox 369 2522 470 2589; x_wconf 87' lang='lat' dir='ltr'><strong>rideri</strong></span> <span class='ocrx_word' id='word_1_152' title='bbox 492 2545 597 2612; x_wconf 86' lang='lat' dir='ltr'><strong>posse,</strong></span> <span class='ocrx_word' id='word_1_153' title='bbox 624 2534 658 2588; x_wconf 89' lang='lat' dir='ltr'><strong>et</strong></span> <span class='ocrx_word' id='word_1_154' title='bbox 673 2522 746 2590; x_wconf 89' lang='lat' dir='ltr'><strong>ideo</strong></span> <span class='ocrx_word' id='word_1_155' title='bbox 757 2523 864 2610; x_wconf 58' lang='lat' dir='ltr'><strong>·=quaeri</strong></span> <span class='ocrx_word' id='word_1_156' title='bbox 879 2545 943 2588; x_wconf 92' lang='lat' dir='ltr'><strong>non</strong></span> <span class='ocrx_word' id='word_1_157' title='bbox 959 2533 1126 2611; x_wconf 84' lang='lat' dir='ltr'><strong>oportere:</strong></span> 
     </span>
     <span class='ocr_line' id='line_1_22' title="bbox 7 2630 1128 2724; baseline 0 -28"><span class='ocrx_word' id='word_1_158' title='bbox 7 2708 13 2724; x_wconf 44' lang='lat'><strong>·</strong></span> <span class='ocrx_word' id='word_1_159' title='bbox 84 2631 195 2696; x_wconf 79' lang='lat' dir='ltr'><strong>Aristo</strong></span> <span class='ocrx_word' id='word_1_160' title='bbox 204 2630 319 2707; x_wconf 86' lang='lat' dir='ltr'><strong>Chius,</strong></span> <span class='ocrx_word' id='word_1_161' title='bbox 329 2631 559 2720; x_wconf 84' lang='lat' dir='ltr'><strong>comprehendi</strong></span> <span class='ocrx_word' id='word_1_162' title='bbox 569 2631 702 2698; x_wconf 86' lang='lat' dir='ltr'><strong>omnino</strong></span> <span class='ocrx_word' id='word_1_163' title='bbox 713 2653 778 2696; x_wconf 90' lang='lat' dir='ltr'><strong>non</strong></span> <span class='ocrx_word' id='word_1_164' title='bbox 790 2653 893 2720; x_wconf 89' lang='lat' dir='ltr'><strong>posse.</strong></span> <span class='ocrx_word' id='word_1_165' title='bbox 910 2630 1051 2718; x_wconf 89' lang='lat' dir='ltr'><strong>Uterque</strong></span> <span class='ocrx_word' id='word_1_166' title='bbox 1063 2653 1128 2696; x_wconf 90' lang='lat' dir='ltr'><strong>ma·</strong></span> 
     </span>
     <span class='ocr_line' id='line_1_23' title="bbox 84 2738 1128 2829; baseline 0.003 -24"><span class='ocrx_word' id='word_1_167' title='bbox 84 2738 238 2826; x_wconf 84' lang='lat' dir='ltr'><strong>jestatcm</strong></span> <span class='ocrx_word' id='word_1_168' title='bbox 252 2740 328 2816; x_wconf 88' lang='lat' dir='ltr'><strong>Dei,</strong></span> <span class='ocrx_word' id='word_1_169' title='bbox 346 2738 544 2829; x_wconf 81' lang='lat' dir='ltr'><strong>intelligendi</strong></span> <span class='ocrx_word' id='word_1_170' title='bbox 560 2739 779 2829; x_wconf 79' lang='lat' dir='ltr'><strong>desperatione</strong></span> <span class='ocrx_word' id='word_1_171' title='bbox 801 2753 978 2806; x_wconf 88' lang='lat' dir='ltr'><strong>senserunt.</strong></span> <span class='ocrx_word' id='word_1_172' title='bbox 1004 2739 1128 2808; x_wconf 92' lang='lat' dir='ltr'><strong>Platoni</strong></span> 
     </span>
     <span class='ocr_line' id='line_1_24' title="bbox 82 2851 1128 2939; baseline 0.002 -24"><span class='ocrx_word' id='word_1_173' title='bbox 82 2851 227 2939; x_wconf 85' lang='lat' dir='ltr'><strong>apertior</strong></span> <span class='ocrx_word' id='word_1_174' title='bbox 240 2851 282 2916; x_wconf 91' lang='lat' dir='ltr'><strong>de</strong></span> <span class='ocrx_word' id='word_1_175' title='bbox 296 2851 379 2928; x_wconf 89' lang='lat' dir='ltr'><strong>Deo,</strong></span> <span class='ocrx_word' id='word_1_176' title='bbox 396 2863 430 2916; x_wconf 90' lang='lat' dir='ltr'><strong>et</strong></span> <span class='ocrx_word' id='word_1_177' title='bbox 444 2853 539 2918; x_wconf 88' lang='lat' dir='ltr'><strong>rebus</strong></span> <span class='ocrx_word' id='word_1_178' title='bbox 555 2851 643 2939; x_wconf 89' lang='lat' dir='ltr'><strong>ipsis,</strong></span> <span class='ocrx_word' id='word_1_179' title='bbox 659 2863 693 2916; x_wconf 90' lang='lat' dir='ltr'><strong>et</strong></span> <span class='ocrx_word' id='word_1_180' title='bbox 707 2851 889 2920; x_wconf 87' lang='lat' dir='ltr'><strong>nominibus</strong></span> <span class='ocrx_word' id='word_1_181' title='bbox 904 2853 1006 2918; x_wconf 86' lang='lat' dir='ltr'><strong>oratio</strong></span> <span class='ocrx_word' id='word_1_182' title='bbox 1017 2865 1078 2930; x_wconf 89' lang='lat' dir='ltr'><strong>est,</strong></span> <span class='ocrx_word' id='word_1_183' title='bbox 1094 2865 1128 2919; x_wconf 90' lang='lat' dir='ltr'><strong>et</strong></span> 
     </span>
     <span class='ocr_line' id='line_1_25' title="bbox 84 2960 1127 3050; baseline 0.002 -24"><span class='ocrx_word' id='word_1_184' title='bbox 84 2983 160 3050; x_wconf 73' lang='lat' dir='ltr'><strong>que</strong></span> <span class='ocrx_word' id='word_1_185' title='bbox 178 2973 248 3028; x_wconf 87' lang='lat' dir='ltr'><strong>tota</strong></span> <span class='ocrx_word' id='word_1_186' title='bbox 271 2973 356 3028; x_wconf 86' lang='lat' dir='ltr'><strong>esset</strong></span> <span class='ocrx_word' id='word_1_187' title='bbox 375 2960 525 3036; x_wconf 87' lang='lat' dir='ltr'><strong>coelestis,</strong></span> <span class='ocrx_word' id='word_1_188' title='bbox 544 2961 604 3028; x_wconf 89' lang='lat' dir='ltr'><strong>nisi</strong></span> <span class='ocrx_word' id='word_1_189' title='bbox 623 2961 836 3050; x_wconf 77' lang='lat' dir='ltr'><strong>persuasionis</strong></span> <span class='ocrx_word' id='word_1_190' title='bbox 856 2961 957 3031; x_wconf 85' lang='lat' dir='ltr'><strong>civilis</strong></span> <span class='ocrx_word' id='word_1_191' title='bbox 975 2985 1127 3029; x_wconf 90' lang='lat' dir='ltr'><strong>nonnun-</strong></span> 
     </span>
     <span class='ocr_line' id='line_1_26' title="bbox 84 3069 1126 3161; baseline 0.001 -22"><span class='ocrx_word' id='word_1_192' title='bbox 84 3094 183 3160; x_wconf 76' lang='lat' dir='ltr'><strong>quam</strong></span> <span class='ocrx_word' id='word_1_193' title='bbox 211 3071 412 3140; x_wconf 85' lang='lat' dir='ltr'><strong>admixtione</strong></span> <span class='ocrx_word' id='word_1_194' title='bbox 434 3071 640 3138; x_wconf 86' lang='lat' dir='ltr'><strong>sordesceret.</strong></span> <span class='ocrx_word' id='word_1_195' title='bbox 669 3069 792 3138; x_wconf 88' lang='lat' dir='ltr'><strong>Platoni</strong></span> <span class='ocrx_word' id='word_1_196' title='bbox 818 3073 927 3161; x_wconf 91' lang='lat' dir='ltr'><strong>itaque</strong></span> <span class='ocrx_word' id='word_1_197' title='bbox 952 3073 984 3138; x_wconf 93' lang='lat' dir='ltr'><strong>in</strong></span> <span class='ocrx_word' id='word_1_198' title='bbox 1006 3072 1126 3140; x_wconf 85' lang='lat' dir='ltr'><strong>Timaeo</strong></span> 
     </span>
     <span class='ocr_line' id='line_1_27' title="bbox 85 3179 1128 3271; baseline 0.002 -24"><span class='ocrx_word' id='word_1_199' title='bbox 85 3180 172 3248; x_wconf 83' lang='lat' dir='ltr'><strong>Dens</strong></span> <span class='ocrx_word' id='word_1_200' title='bbox 183 3193 234 3248; x_wconf 84' lang='lat' dir='ltr'><strong>est</strong></span> <span class='ocrx_word' id='word_1_201' title='bbox 246 3182 318 3271; x_wconf 87' lang='lat' dir='ltr'><strong>ipso</strong></span> <span class='ocrx_word' id='word_1_202' title='bbox 330 3203 389 3248; x_wconf 88' lang='lat' dir='ltr'><strong>suo</strong></span> <span class='ocrx_word' id='word_1_203' title='bbox 399 3179 529 3245; x_wconf 89' lang='lat' dir='ltr'><strong>nomine</strong></span> <span class='ocrx_word' id='word_1_204' title='bbox 540 3179 653 3246; x_wconf 90' lang='lat' dir='ltr'><strong>mundi</strong></span> <span class='ocrx_word' id='word_1_205' title='bbox 664 3201 790 3267; x_wconf 87' lang='lat' dir='ltr'><strong>parens,</strong></span> <span class='ocrx_word' id='word_1_206' title='bbox 803 3179 914 3246; x_wconf 81' lang='lat' dir='ltr'><strong>artifex</strong></span> <span class='ocrx_word' id='word_1_207' title='bbox 925 3183 1052 3258; x_wconf 81' lang='lat' dir='ltr'><strong>anime,</strong></span> <span class='ocrx_word' id='word_1_208' title='bbox 1066 3205 1128 3249; x_wconf 88' lang='lat' dir='ltr'><strong>coe·</strong></span> 
     </span>
     <span class='ocr_line' id='line_1_28' title="bbox 81 3289 1126 3378; baseline 0.003 -20"><span class='ocrx_word' id='word_1_209' title='bbox 81 3289 213 3358; x_wconf 87' lang='lat' dir='ltr'><strong>lestium</strong></span> <span class='ocrx_word' id='word_1_210' title='bbox 229 3303 498 3378; x_wconf 87' lang='lat' dir='ltr'><strong>terrenorumque</strong></span> <span class='ocrx_word' id='word_1_211' title='bbox 513 3289 685 3356; x_wconf 82' lang='lat' dir='ltr'><strong>fabricator</strong></span> <span class='ocrx_word' id='word_1_212' title='bbox 702 3313 710 3354; x_wconf 90' lang='lat'><strong>:</strong></span> <span class='ocrx_word' id='word_1_213' title='bbox 729 3313 825 3378; x_wconf 87' lang='lat' dir='ltr'><strong>quem</strong></span> <span class='ocrx_word' id='word_1_214' title='bbox 841 3301 875 3356; x_wconf 86' lang='lat' dir='ltr'><strong>et</strong></span> <span class='ocrx_word' id='word_1_215' title='bbox 889 3291 1030 3358; x_wconf 83' lang='lat' dir='ltr'><strong>invenire</strong></span> <span class='ocrx_word' id='word_1_216' title='bbox 1046 3293 1126 3360; x_wconf 87' lang='lat' dir='ltr'><strong>dilli-</strong></span> 
     </span>
     <span class='ocr_line' id='line_1_29' title="bbox 84 3399 1122 3493; baseline 0.005 -25"><span class='ocrx_word' id='word_1_217' title='bbox 84 3401 161 3479; x_wconf 88' lang='lat' dir='ltr'><strong>cile,</strong></span> <span class='ocrx_word' id='word_1_218' title='bbox 183 3425 252 3493; x_wconf 82' lang='lat' dir='ltr'><strong>prae</strong></span> <span class='ocrx_word' id='word_1_219' title='bbox 267 3403 366 3469; x_wconf 84' lang='lat' dir='ltr'><strong>nimia</strong></span> <span class='ocrx_word' id='word_1_220' title='bbox 388 3413 422 3466; x_wconf 92' lang='lat' dir='ltr'><strong>et</strong></span> <span class='ocrx_word' id='word_1_221' title='bbox 444 3399 621 3468; x_wconf 88' lang='lat' dir='ltr'><strong>incredibili</strong></span> <span class='ocrx_word' id='word_1_222' title='bbox 636 3407 807 3490; x_wconf 79' lang='lat' dir='ltr'><strong>potestate,</strong></span> <span class='ocrx_word' id='word_1_223' title='bbox 824 3413 857 3465; x_wconf 89' lang='lat' dir='ltr'><strong>et</strong></span> <span class='ocrx_word' id='word_1_224' title='bbox 876 3422 952 3466; x_wconf 90' lang='lat' dir='ltr'><strong>cum</strong></span> <span class='ocrx_word' id='word_1_225' title='bbox 966 3403 1122 3473; x_wconf 85' lang='lat' dir='ltr'><strong>inveneris</strong></span> 
     </span>
     <span class='ocr_line' id='line_1_30' title="bbox 85 3507 1125 3603; baseline 0.005 -25"><span class='ocrx_word' id='word_1_226' title='bbox 85 3513 121 3578; x_wconf 85' lang='lat' dir='ltr'><strong>in</strong></span> <span class='ocrx_word' id='word_1_227' title='bbox 139 3511 309 3603; x_wconf 88' lang='lat' dir='ltr'><strong>publicum</strong></span> <span class='ocrx_word' id='word_1_228' title='bbox 337 3511 447 3578; x_wconf 87' lang='lat' dir='ltr'><strong>dicere</strong></span> <span class='ocrx_word' id='word_1_229' title='bbox 465 3507 660 3600; x_wconf 88' lang='lat' dir='ltr'><strong>impossihile</strong></span> <span class='ocrx_word' id='word_1_230' title='bbox 678 3508 839 3599; x_wconf 84' lang='lat' dir='ltr'><strong>praeiatur.</strong></span> <span class='ocrx_word' id='word_1_231' title='bbox 864 3510 982 3580; x_wconf 83' lang='lat' dir='ltr'><strong>Eadem</strong></span> <span class='ocrx_word' id='word_1_232' title='bbox 1003 3513 1070 3582; x_wconf 85' lang='lat' dir='ltr'><strong>lere</strong></span> <span class='ocrx_word' id='word_1_233' title='bbox 1091 3527 1125 3583; x_wconf 90' lang='lat' dir='ltr'><strong>et</strong></span> 
     </span>
     <span class='ocr_line' id='line_1_31' title="bbox 87 3619 1123 3713; baseline 0.008 -28"><span class='ocrx_word' id='word_1_234' title='bbox 87 3622 146 3689; x_wconf 88' lang='lat' dir='ltr'><strong>ista</strong></span> <span class='ocrx_word' id='word_1_235' title='bbox 159 3647 232 3713; x_wconf 73' lang='lat' dir='ltr'><strong>que</strong></span> <span class='ocrx_word' id='word_1_236' title='bbox 243 3635 355 3690; x_wconf 82' lang='lat' dir='ltr'><strong>nostre</strong></span> <span class='ocrx_word' id='word_1_237' title='bbox 371 3633 455 3690; x_wconf 90' lang='lat' dir='ltr'><strong>sunt.</strong></span> <span class='ocrx_word' id='word_1_238' title='bbox 479 3620 559 3688; x_wconf 87' lang='lat' dir='ltr'><strong>Nam</strong></span> <span class='ocrx_word' id='word_1_239' title='bbox 576 3633 608 3686; x_wconf 88' lang='lat' dir='ltr'><strong>et</strong></span> <span class='ocrx_word' id='word_1_240' title='bbox 623 3619 726 3686; x_wconf 89' lang='lat' dir='ltr'><strong>Deum</strong></span> <span class='ocrx_word' id='word_1_241' title='bbox 743 3620 900 3697; x_wconf 85' lang='lat' dir='ltr'><strong>novimus,</strong></span> <span class='ocrx_word' id='word_1_242' title='bbox 914 3636 947 3689; x_wconf 90' lang='lat' dir='ltr'><strong>et</strong></span> <span class='ocrx_word' id='word_1_243' title='bbox 957 3637 1123 3713; x_wconf 79' lang='lat' dir='ltr'><strong>parentem</strong></span> 
     </span>
     <span class='ocr_line' id='line_1_32' title="bbox 89 3714 1123 3828; baseline 0.007 -30"><span class='ocrx_word' id='word_1_244' title='bbox 89 3734 230 3802; x_wconf 83' lang='lat' dir='ltr'><strong>omnium</strong></span> <span class='ocrx_word' id='word_1_245' title='bbox 244 3735 401 3808; x_wconf 70' lang='lat' dir='ltr'><strong>dicimus:</strong></span> <span class='ocrx_word' id='word_1_246' title='bbox 416 3743 448 3802; x_wconf 89' lang='lat' dir='ltr'><strong>et</strong></span> <span class='ocrx_word' id='word_1_247' title='bbox 458 3753 621 3821; x_wconf 78' lang='lat' dir='ltr'><strong>nunquam</strong></span> <span class='ocrx_word' id='word_1_248' title='bbox 633 3714 763 3820; x_wconf 77' lang='lat' dir='ltr'><strong>pdblioe</strong></span> <span class='ocrx_word' id='word_1_249' title='bbox 777 3731 835 3798; x_wconf 90' lang='lat' dir='ltr'><strong>nisi</strong></span> <span class='ocrx_word' id='word_1_250' title='bbox 850 3733 1032 3827; x_wconf 81' lang='lat' dir='ltr'><strong>interrogati</strong></span> <span class='ocrx_word' id='word_1_251' title='bbox 1044 3761 1123 3828; x_wconf 85' lang='lat' dir='ltr'><strong>prae·</strong></span> 
     </span>
     <span class='ocr_line' id='line_1_33' title="bbox 92 3841 238 3913; baseline 0.027 -5"><span class='ocrx_word' id='word_1_252' title='bbox 92 3841 238 3913; x_wconf 78' lang='lat' dir='ltr'><strong>dicemus.</strong></span> 
     </span>
    </p>

    <p class='ocr_par' dir='ltr' id='par_1_5' title="bbox 138 3953 1123 4045">
     <span class='ocr_line' id='line_1_34' title="bbox 138 3953 1123 4045; baseline 0.001 -21"><span class='ocrx_word' id='word_1_253' title='bbox 138 3953 211 4024; x_wconf 74' lang='lat' dir='ltr'><strong>XX.</strong></span> <span class='ocrx_word' id='word_1_254' title='bbox 227 3953 373 4045; x_wconf 81' lang='lat' dir='ltr'><strong>Exposui</strong></span> <span class='ocrx_word' id='word_1_255' title='bbox 392 3954 557 4042; x_wconf 90' lang='lat' dir='ltr'><strong>opiniones</strong></span> <span class='ocrx_word' id='word_1_256' title='bbox 577 3955 720 4023; x_wconf 90' lang='lat' dir='ltr'><strong>omnium</strong></span> <span class='ocrx_word' id='word_1_257' title='bbox 741 3954 839 4022; x_wconf 88' lang='lat' dir='ltr'><strong>lerme</strong></span> <span class='ocrx_word' id='word_1_258' title='bbox 861 3954 1123 4045; x_wconf 87' lang='lat' dir='ltr'><strong>philosophorum</strong></span> 
     </span>
    </p>
   </div>
   <div class='ocr_carea' id='block_1_5' title="bbox 0 0 1313 4628">
    <p class='ocr_par' dir='ltr' id='par_1_6' title="bbox 0 0 1313 4628">
     <span class='ocr_line' id='line_1_35' title="bbox 0 0 1313 4628; baseline 0 0"><span class='ocrx_word' id='word_1_259' title='bbox 0 0 1313 4628; x_wconf 95' lang='lat' dir='ltr'><strong> </strong></span> 
     </span>
    </p>
   </div>
  </div>
 </body>
</html>
