2570 4614
344 319 544 371 retroccus,
568 321 629 364 ιιιι.
657 322 678 364 ι.
969 305 1030 374 285

7 479 69 528 ems
80 470 170 524 ‘ter-rs
184 455 329 545 genitum
343 455 378 520 in
397 468 543 526 sonetum
565 467 597 521 et
612 453 774 524 coelestem
795 456 960 526 hominem
975 483 1032 526 sno

2 571 130 636 adventu
148 567 416 644 transformasset,
432 567 571 635 divinam
589 567 675 634 illam
694 591 803 636 vocem
819 571 956 637 maxime
970 573 1033 638 im-

1 678 114 768 pleret:
130 677 323 744 «Faciamus
338 677 503 744 hominem
515 679 555 744 ad
565 679 736 768 imaginem
747 692 781 744 at
791 678 1033 748 similitudinem

24 803 166 856 nostram
175 789 199 853 ¹.
214 818 228 851 ι
242 790 348 878 Atque
359 789 419 855 fuit
429 790 559 879 quidem
571 787 717 855 Christus
728 790 789 856 boo
805 790 936 880 plenum
948 793 1034 881 quod

11 926 22 955 ιι
50 902 71 966 't
83 903 195 966 Deus:
210 899 264 966 alii
279 913 387 966 autem
401 899 545 966 homines
560 899 783 991 intelliguntur
796 895 972 969 secundum
986 929 1036 970 so

36 1044 50 1067 ιι
71 1011 261 1100 imaginem.
281 1009 345 1077 Nos
361 1023 482 1087 nutem,
495 1033 514 1076 o
526 1009 604 1077 boni
620 1009 722 1076 Patris
736 1009 806 1087 titii,
822 1008 943 1078 alumni
958 1014 1035 1080 boni

0 1132 40 1179 ·':>
54 1158 58 1178 ι
72 1122 176 1212 gogi,
200 1121 301 1186 Petris
323 1120 519 1187 voluntatem
539 1119 740 1210 impleamus,
762 1118 905 1188 Verbum
925 1122 1038 1187 audio-

0 1264 22 1287 'tt
38 1256 77 1308 s,
94 1243 133 1296 et
152 1254 228 1296 rere
247 1229 418 1300 salutarem
441 1231 615 1297 Serrototis
637 1232 738 1296 nostri
759 1231 855 1296 vitam
877 1233 1036 1320 exprime·

9 1342 232 1430 ·us:biojsm
243 1343 432 1408 meditantes
441 1340 602 1408 eoelestem
611 1343 683 1408 ritae
693 1341 931 1432 rationem,per
942 1365 1037 1432 quant
1087 1373 1091 1380 ·

9 1453 98 1518 d'ecti
120 1452 180 1525 dii,
201 1474 327 1541 semper
350 1451 550 1541 germinante
570 1449 677 1516 letitie
697 1462 732 1516 et
753 1451 940 1541 incorrupto
961 1453 1038 1520 boni

2 1561 101 1625 odoris
115 1571 284 1650 unguento
301 1559 505 1648 inungamur,
520 1559 651 1625 evidens
667 1559 915 1650 incorruptionis
930 1582 1037 1626 ettem·
1082 1601 1085 1608 ,

1 1669 66 1760 piar
79 1671 238 1738 babentes
253 1671 325 1735 vitss
344 1671 472 1736 Domini
493 1671 644 1747 sormam,
659 1683 693 1736 et
712 1671 770 1737 Dei
785 1672 915 1761 vestigio
931 1693 1039 1761 porse·

9 1820 12 1830 2
69 1812 72 1835 ι
83 1791 150 1845 tes:
166 1780 220 1846 cui
232 1778 290 1845 soli
303 1781 452 1846 convenit
463 1780 677 1856 considerate,
689 1792 785 1869 etque
796 1782 877 1846 adeo
889 1782 941 1846 cui
953 1801 1039 1846 ouras

9 1922 12 1925 ·
26 1901 59 1966 t,
74 1890 241 1978 quomodo
255 1903 442 1980 etquenam
462 1891 585 1956 ratione
600 1891 707 1956 lutura
730 1891 770 1957 sit
791 1892 853 1957 vita
870 1891 1039 1958 hominum

1 2000 119 2064 unior.
136 1999 318 2078 Quinetiam
332 1999 374 2065 ad
391 1999 454 2065 hoe
470 2010 505 2063 ut
520 1997 611 2066 facile
627 2001 771 2069 contenti
786 2002 901 2076 simus,
918 2014 951 2066 et
966 2023 1038 2090 quse

1 2120 83 2174 sunt
93 2131 318 2196 supervacanea
331 2108 540 2198 negligamus,
552 2095 751 2198 accinctique
768 2122 802 2175 at
818 2111 1036 2178 itinerantium

1 2240 98 2283 more
115 2217 260 2304 expediti,
276 2230 310 2284 et
329 2218 369 2283 ad
384 2220 483 2284 beatas
498 2218 568 2282 vites
585 2217 795 2283 aeternitatem
808 2219 909 2306 parati
928 2220 1038 2296 simus,

11 2359 58 2385 »u
79 2338 244 2416 praparat,
256 2349 518 2416 unumquemque
529 2338 674 2392 nostrum
684 2349 754 2392 esse
766 2328 870 2416 ipsum
882 2329 1040 2417 suiipsius

0 2467 14 2522 p
33 2459 122 2502 num
134 2437 252 2502 doeens
262 2460 271 2500 τ
283 2436 333 2502 llle
343 2435 476 2502 solliciti
484 2435 585 2510 enim,
597 2435 713 2524 inquit,
726 2437 799 2503 sitis
812 2438 852 2500 ds
862 2438 1008 2503 erastino
1017 2437 1042 2502 ²:

9 2548 112 2614 'sens
127 2560 278 2638 oportere
294 2569 369 2613 eum
385 2548 438 2636 qui
454 2547 582 2612 Christo
602 2565 721 2613 noman
742 2569 836 2612 suom
859 2530 959 2624 dedit,
985 2569 1042 2614 sua

22 2694 26 2711 ι
71 2690 81 2715 ι
98 2669 304 2732 contentum,
326 2656 386 2723 sibi
405 2679 464 2748 per
483 2680 516 2722 se
539 2656 743 2732 servientem,
760 2657 792 2722 in
813 2657 900 2732 diem
922 2659 1037 2726 virere.

0 2778 2 2823 t
35 2767 176 2834 neuim
197 2765 233 2831 in
247 2763 346 2838 bello,
362 2763 469 2830 sedin
485 2787 564 2853 poce
582 2765 788 2830 instituimur.
808 2766 856 2832 Ac
870 2765 955 2832 bello
974 2769 1042 2856 qui-
1095 2767 1098 2774 ⁴

8 2908 35 2931 ·ιι
50 2908 66 2933 ιι
87 2899 208 2967 magno
222 2887 376 2965 apparatu
384 2898 464 2964 opus
471 2887 532 2951 est,
542 2897 720 2964 magnoque
727 2887 760 2941 et
771 2875 900 2965 proloso
912 2891 1042 2967 sumptu

69 2999 97 3050 ·t
116 2985 242 3052 delicie
262 3009 271 3050 ε
295 3005 357 3074 pax
372 2997 480 3051 sutem
498 2996 530 3050 et
545 2983 686 3062 dilectio,
706 2983 865 3074 simplices
884 2998 916 3050 et
933 2986 1043 3052 faciles

26 3130 31 3151 ι
67 3128 81 3153 ι
105 3127 108 3135 ’
133 3119 227 3173 ,non
243 3095 340 3160 armis
362 3117 466 3183 neque
487 3092 615 3183 profuso
630 3106 783 3184 apparatu
805 3094 959 3184 indigent.
980 3095 1045 3169 Nuss

10 3207 195 3274 emotum
212 3208 263 3272 eis
281 3205 427 3274 Verbum
449 3217 508 3270 est.
531 3203 675 3272 Verbum
695 3217 801 3271 autem
816 3206 842 3271 is
866 3216 915 3271 est
931 3205 990 3271 vcni
1011 3217 1045 3298 et

5 3366 8 3373 ι
27 3318 249 3386 montisi
260 3329 293 3382 et
308 3315 446 3383 docendi
465 3315 661 3406 principatus
676 3315 801 3404 obtigit,
825 3337 843 3379 o
860 3337 924 3403 quo
941 3314 1045 3404 snrgu-

6 3429 137 3504 atem,
156 3425 406 3516 simplieitatem,
427 3449 445 3491 o
464 3425 608 3513 foetuque
631 3423 866 3499 alienationem,
891 3422 1043 3491 libertatis

11 3568 40 3595 ι..
59 3559 162 3614 mem,
183 3537 425 3626 bem'gnitatsm,
438 3547 474 3600 et
496 3533 619 3604 bonesti
636 3534 778 3599 studium
793 3533 973 3599 ediscimus.
992 3534 1042 3612 ld,

3 3680 14 3703 ι
43 3678 46 3703 ι
68 3669 142 3714 uno
149 3645 258 3713 Verbo
270 3667 347 3714 eum
354 3645 477 3713 virtutis
485 3644 557 3733 conj
563 3644 714 3714 unctione
727 3644 795 3708 Deo
804 3641 921 3709 similes
934 3644 1043 3711 reddi·-

3 3792 18 3817 Αι
39 3790 43 3815 ι
75 3809 85 3836 ,
99 3778 170 3824 non
182 3757 222 3824 sd
237 3757 415 3832 socordiam
427 3779 465 3822 ac
476 3755 701 3846 negligentiam
711 3766 838 3844 oportet
848 3756 1016 3822 traducere
1030 3776 1044 3820 τ·

16 3906 43 3927 ι.
69 3867 320 3944 elaborantes
335 3865 514 3956 defatigeris
529 3867 615 3934 :eris
625 3867 711 3932 anim
726 3861 827 3956 qualis
841 3889 906 3936 uon
922 3888 1043 3955 speras,

32 3999 131 4054 ’θεὼ
145 4002 203 4063 1,ιὸ
220 4028 250 4040 —-
282 3999 373 4050 ttatth.
384 4015 418 4062 vr,
429 3999 469 4058 34.
483 3997 486 4008 ’
