2570 4614
276 277 339 348 238
592 285 763 330 caauunris
786 280 996 326 sssxsnusnu

277 432 353 490 sunt
375 411 556 506 cognitione
569 397 717 498 prediti,
740 403 791 471 alii
816 383 924 470 sutem
946 398 1108 474 animales,
1132 401 1162 464 in
1178 401 1253 471 sons

277 532 408 600 Verbo:
426 523 482 590 sed
500 541 609 587 omncs
627 517 681 606 qui
705 514 977 604 concupiscentips
1000 507 1136 584 carnales
1149 510 1253 600 deposta

278 653 366 714 runt,
382 645 456 702 sunt
471 627 606 720 aequales
622 639 655 692 et
670 621 824 715 spiritales
840 623 925 712 apud
939 621 1122 688 Dominum.
1138 621 1175 686 Et
1186 643 1253 686 sunu

280 751 353 822 alibi
368 746 478 815 scribit
494 766 502 807 ε
522 737 673 806 «Etenim
688 757 752 800 uno
767 733 880 822 spiritu
892 755 1001 798 omues
1014 754 1072 798 uos
1084 734 1116 799 iu
1126 753 1253 798 uuuncu

279 893 293 927 s
307 885 367 952 pus
381 853 532 946 baptizati
551 871 675 924 sumus,
695 846 760 912 sine
773 843 890 917 ludaei,
907 844 970 910 sive
993 844 1108 921 Graeci,
1127 845 1183 910 sine
1197 841 1253 914 ont

280 973 373 1038 »sive
392 965 508 1034 liberi:
527 971 560 1026 et
574 981 686 1026 omnes
699 979 740 1022 ex
757 978 822 1020 uno
839 953 957 1045 poculo
973 955 1110 1022 bibimus
1126 953 1147 1018 ¹.
1163 951 1253 1038 sliequ

278 1067 548 1151 vero'absurdum
568 1069 664 1136 luerit
684 1064 811 1133 illorum
829 1074 956 1153 quoque
974 1065 1115 1154 ipsorum
1133 1065 1253 1130 serbisut

281 1195 336 1285 qui
356 1187 526 1258 meliorum
547 1177 814 1252 recordationem,
837 1173 1088 1265 persolutionem
1107 1197 1169 1240 esse
1186 1173 1253 1240 deu

279 1299 424 1394 spineo.
443 1288 693 1359 Percolatiouem
709 1297 815 1352 autem
837 1283 961 1360 dic'unt,
977 1284 1138 1373 pejorum,
1155 1305 1210 1371 qua
1219 1303 1253 1348 ne

279 1413 396 1480 liorum
419 1399 640 1470 recordatione
666 1395 717 1471 lit,
745 1394 986 1484 separationem.
1018 1393 1101 1460 Eum
1121 1391 1253 1480 itapueqni

279 1519 411 1603 meliora
425 1508 584 1580 revocavit
597 1508 630 1572 iu
642 1504 843 1579 memoriam,
859 1501 1036 1570 necessario
1050 1499 1183 1590 sequitur
1192 1499 1253 1590 puni·

279 1633 379 1703 tentia
397 1637 528 1719 prepter
547 1617 715 1686 deteriora.
740 1616 849 1706 Ipsum
864 1635 941 1704 ergo
955 1613 1111 1704 Spiritum
1125 1609 1253 1700 penitenti

280 1745 455 1812 adductrun
473 1731 646 1800 recurrisse
669 1727 818 1796 latentur.
844 1725 965 1792 Eodem
986 1723 1083 1790 modo
1102 1746 1156 1788 nos
1174 1740 1252 1810 qusque

280 1865 463 1924 nostrorum
471 1854 678 1936 peccatorum
692 1837 771 1904 moti
782 1833 980 1926 paenitentia,
993 1831 1116 1902 delictis
1125 1830 1251 1898 muniar

279 1979 341 2040 tes,
358 1959 514 2050 baptismo
527 1947 694 2044 percolati,
709 1948 751 2014 ad
765 1957 916 2012 aeternam
933 1967 1062 2034 quoque
1077 1942 1174 2012 lucem
1185 1962 1250 2007 nur·

280 2074 392 2146 rimus,
409 2065 465 2132 lilii
480 2064 522 2130 sd
535 2074 670 2152 patrem.
694 2085 707 2118 ι
725 2055 876 2127 Emltans
898 2056 1007 2145 itaque
1022 2057 1057 2122 in
1069 2055 1178 2144 Spiritu
1187 2051 1249 2122 icus.

281 2213 295 2248 a
311 2179 473 2249 Confiteor
492 2170 690 2248 tibi,'Pater,
706 2166 830 2252 inquit,
850 2165 935 2234 Deus
954 2163 1026 2233 coeli
1045 2178 1078 2231 et
1096 2177 1187 2238 terra,
1201 2155 1250 2250 psl

282 2291 296 2363 's
311 2283 503 2359 abscondisti
517 2281 619 2348 haece
636 2275 830 2366 sapientibus
846 2287 880 2342 et
894 2273 1151 2364 intelligentibus,
1163 2285 1188 2339 ct
1198 2289 1250 2335 ren

282 2434 295 2469 s
308 2401 379 2470 lasti
393 2423 430 2465 eo
444 2389 582 2486 parvulis
590 2387 613 2456 ².
633 2417 646 2450 ι
662 2385 800 2454 inientes
815 2409 873 2454 nos
889 2409 928 2454 ac
942 2386 1101 2474 purvulos
1118 2383 1250 2470 Pelagus

281 2526 315 2580 et
328 2508 478 2598 magister
500 2495 673 2589 appellans,
689 2493 744 2582 qui
765 2491 957 2582 sapientibus
978 2494 1033 2581 qui
1050 2504 1122 2560 sunt
1136 2483 1249 2558 innuit

282 2642 389 2690 sumus
400 2614 536 2703 aptiores
550 2601 754 2680 adsalutem,
766 2601 820 2690 qui
831 2599 987 2688 sapientes
1002 2601 1118 2691 seipsos
1128 2596 1251 2672 aristion

281 2743 329 2797 tes
346 2721 492 2812 superbia
507 2714 607 2782 inllati
623 2723 715 2783 sunts
730 2707 885 2776 exclamat
899 2707 1109 2786 exultans„et
1125 2701 1250 2776 muauduu

280 2843 315 2907 in
330 2835 462 2904 modum
475 2827 580 2901 laetus,
592 2837 744 2913 tauquam
755 2843 818 2887 uua
830 2843 907 2887 cum
922 2818 1095 2886 inlantibus
1107 2814 1248 2886 balbutiens:

291 2947 425 3020 allecte,
442 2965 462 3006 o
476 2939 581 3013 Pater,
594 2935 666 3024 quia
680 2933 725 2999 sic
741 2929 932 3021 complacuit
948 2941 1021 2996 ante
1036 2928 1097 2996 tc⁸.
1112 2926 1251 3013 ‚tropus

282 3081 353 3152 quae
375 3057 529 3121 absconsa
549 3056 624 3112 suut
644 3069 663 3110 a
682 3040 875 3130 sapientibus
896 3052 929 3106 et
952 3036 1183 3127 intelligentibus
1195 3028 1251 3115 buin

282 3169 369 3261 quod
394 3185 481 3230 nunc
502 3168 550 3225 est
580 3150 699 3226 saeculi,
727 3147 862 3216 revelata
890 3135 1252 3214 sonnebeccensis

280 3304 357 3374 ergo
366 3275 426 3345 Dei
443 3291 551 3338 sumus
563 3264 666 3356 pueri,
680 3261 734 3350 qui
745 3273 884 3327 veterem
895 3259 1026 3349 quidem
1039 3257 1185 3324 homiuem
1195 3249 1252 3334 dept

282 3393 416 3462 suimus,
432 3395 465 3450 et
480 3379 546 3447 vitii
562 3375 704 3441 tunicam
722 3371 879 3446 exuimus,
902 3369 961 3436 Dei
982 3380 1088 3434 autem
1103 3355 1252 3447 inconuptlt¹

282 3525 357 3570 nem
374 3494 548 3565 induimus,
565 3498 601 3552 ut
616 3505 716 3550 novus
727 3481 802 3548 facti
816 3478 952 3570 populus
968 3491 1105 3562 sauctus,
1119 3463 1252 3565 regenenl.

283 3605 485 3699 impollutum
499 3596 663 3668 bominem
678 3591 905 3661 custodiamus.
922 3590 963 3656 Et
974 3589 1077 3658 iulans
1090 3587 1252 3678 quidenna

283 3740 378 3810 quam
388 3714 447 3782 Dei
459 3706 596 3802 puellus,
614 3729 631 3770 a
646 3701 854 3769 fornicatione
868 3712 901 3766 et
915 3699 1116 3790 improbitate
1128 3706 1169 3762 est
1177 3704 1252 3775 erpw-

282 3842 383 3922 gatus.
394 3816 641 3890 Manifestissime
653 3815 760 3901 itaque
772 3813 883 3878 beatus
894 3809 1009 3878 Paulus
1020 3811 1127 3878 uorab
1135 3806 1251 3888 baeqw

313 3955 417 4008 ¹1Cor.
432 3939 884 4012 xn,1e.-²tuc.x,21.-⁸1ttd.
