2614 4628
210 209 268 272 150
507 233 692 282 ,casnedus
717 232 928 277 atuxttttttttttt
947 217 952 228 ¹

203 352 446 442 dispiciendum,
459 353 496 418 Si
509 355 605 443 igitur
614 354 774 421 daemones
786 355 848 421 sint
859 352 941 444 gule
954 353 1052 420 dediti
1064 366 1098 420 et
1109 355 1245 444 impuri,

204 463 327 530 ostendi
343 461 436 532 famle
458 477 592 553 possunt
606 488 664 552 per
684 462 822 554 singulas
837 476 956 530 vestras
972 464 1068 530 urbes
1083 463 1248 552 indigene

201 571 376 648 demones,
393 574 509 662 quihus
521 573 618 640 divini
631 575 767 640 honores
782 572 1015 663 persolvuntur.
1030 573 1129 663 Apud
1140 572 1244 661 Cyth-

204 681 287 758 nios,
302 681 508 748 Menedemus
526 707 534 747 ε
554 683 640 773 apud
653 681 783 760 Tenios,
804 681 1025 773 Gallistagoras
1044 707 1053 748 :
1071 681 1163 772 apud
1180 681 1243 748 De-
1292 715 1295 719 =

204 791 276 868 lios,
302 792 435 859 Anius:
466 795 551 883 apud
575 795 729 871 Lacones,
757 795 960 862 Astrabacus.
995 792 1121 860 Colitur
1148 791 1244 860 etiam

205 903 330 971 Phaleri
341 905 473 995 quidam
484 905 578 972 heros
594 906 626 971 in
638 906 736 996 puppi
751 905 859 972 navis:
876 917 909 972 et
920 903 1032 992 Pythia
1048 903 1144 993 jussit
1156 923 1243 969 sacra

205 1013 312 1080 lacere
325 1013 551 1084 Plataeensibns
569 1015 773 1090 Androcrati,
792 1025 825 1082 et
840 1013 1037 1090 Demaeneti,
1055 1025 1089 1078 et
1101 1010 1244 1100 Cyclas,

207 1135 240 1189 et
260 1121 413 1201 leucari,
432 1124 557 1191 Medico
573 1122 658 1191 bello
676 1124 829 1191 fervente.
848 1121 936 1191 Alios
951 1122 1050 1188 etiam
1066 1120 1246 1211 permultos

211 1234 371 1302 daemones
386 1235 537 1325 reperiet,
554 1237 580 1301 si
597 1235 666 1325 quis
681 1234 814 1325 paulum
829 1234 985 1323 dispicere
1001 1230 1106 1298 valeat
1124 1257 1133 1298 :

287 1353 348 1424 Ter
360 1367 438 1424 enim
456 1367 551 1426 decies
564 1367 644 1425 mille
660 1378 727 1426 suut
740 1367 770 1424 in
784 1378 863 1424 terra
876 1365 984 1423 multos
999 1375 1137 1442 pascente

289 1468 443 1526 namanes
454 1465 649 1539 immortales,
661 1467 796 1525 custodes
809 1463 975 1524 mortalium
985 1461 1148 1520 hominum.

213 1587 353 1666 Quinam
368 1602 442 1655 sunt
453 1591 486 1656 hi
505 1591 666 1665 custodes,
682 1589 829 1667 oBoeoti,
840 1613 881 1655 ne
896 1588 1001 1678 pigeat
1013 1585 1132 1675 eloqui.
1146 1583 1245 1651 Mani·
1295 1569 1297 1628 Ᾰ

172 1667 187 1698 ⁴
212 1695 329 1762 festum
344 1697 462 1762 etenim
480 1709 539 1774 est,
555 1698 614 1763 hos
636 1721 704 1763 esse
726 1721 805 1787 quos
824 1697 921 1764 modo
942 1696 1129 1770 memoravi,
1141 1695 1247 1783 et,qui

215 1817 289 1871 sunt
308 1805 357 1872 his
380 1806 614 1883 honoratiores,
627 1797 758 1896 magnos
775 1807 947 1882 dromones,
964 1803 1162 1894 Apollinem,
1175 1804 1246 1870 llis·
1295 1825 1297 1830 ’

214 1937 302 1988 nam,
326 1913 493 1993 Latonam,
518 1915 683 1992 Cererem,
703 1915 939 2004 Proserpinam,
960 1913 1144 1989 Plutonem,
1171 1913 1246 1980 ller-
1295 1929 1297 2008 f

215 2021 335 2100 culam,
347 2024 452 2113 ipsum
463 2025 588 2092 lovem.
600 2023 647 2092 Ne
665 2047 740 2090 vero
752 2024 964 2113 aufugiamus,
977 2047 1036 2090 nos
1049 2023 1246 2097 custodiunt,

216 2157 236 2198 o
261 2133 386 2199 Ascraee
411 2159 419 2198 :
444 2147 499 2200 aut
525 2135 607 2200 sorte
633 2157 674 2201 ne
703 2156 885 2224 peccemus,
898 2133 952 2224 qui
979 2131 1100 2200 scilicet
1122 2144 1248 2224 peecata

216 2265 281 2311 non
299 2256 374 2310 sunt
396 2245 527 2334 experti.
545 2244 607 2311 llic
618 2267 785 2334 usurpare
802 2243 877 2310 licet
900 2243 989 2332 quod
1002 2244 1166 2332 proverbii
1183 2242 1249 2310 loco

217 2355 281 2421 dici
300 2352 398 2420 solet:

296 2491 384 2546 Pater
393 2487 613 2548 inemendabilis
626 2487 760 2547 emendat
769 2487 868 2546 lilium.

222 2618 318 2698 Quod
341 2619 367 2684 si
390 2641 450 2685 nos
479 2617 680 2693 custodiant,
704 2618 951 2708 haudquaquam
976 2618 1010 2683 id
1032 2615 1252 2684 benevolentia

222 2728 309 2795 ducti
321 2728 453 2804 faciunt,
470 2729 526 2794 sed
542 2725 743 2796 adulatorum
760 2730 873 2804 instar,
886 2727 1007 2796 interea
1022 2727 1101 2796 dum
1116 2739 1252 2794 vestrum

221 2851 337 2930 urgent
348 2839 492 2916 exitium,
506 2839 594 2906 firmo
607 2840 751 2914 inescati,
760 2839 831 2906 vitae
844 2839 1076 2906 adhaerescunt.
1091 2838 1155 2928 lpsi
1172 2849 1253 2904 cene

225 2951 385 3018 daemones
400 2947 572 3038 ingluviem
588 2950 727 3016 latentur
743 2971 849 3025 suam,
861 2949 939 3015 dum
954 2947 1086 3014 dicante

226 3145 231 3152 .
254 3087 432 3161 libaminis,
446 3086 630 3166 amorisque,
645 3088 722 3146 hunc
736 3087 813 3145 euim
824 3087 965 3146 honorem
977 3103 1031 3143 nos
1042 3083 1138 3143 sortiti
1150 3101 1253 3142 sumus.

227 3220 334 3299 Quam
353 3231 460 3286 autem
478 3241 589 3285 vocem
604 3221 749 3292 ederent,
766 3219 790 3283 si
811 3239 923 3286 vocem
944 3214 1129 3302 acciperent
1144 3209 1257 3300 AEgyp·

225 3329 345 3394 tiorum
356 3329 413 3407 dii,
426 3327 569 3396 mustelae
584 3340 617 3394 et
625 3309 716 3404 seles,
729 3341 761 3393 et
772 3328 805 3393 id
817 3349 916 3416 geum
932 3320 1092 3399 animalia,
1104 3321 1166 3387 nisi
1177 3321 1255 3387 hanc

226 3439 386 3528 poeticam
407 3440 446 3505 ab
462 3439 602 3506 Homero
621 3436 869 3528 prolatamque
891 3437 1037 3502 nidorem
1057 3444 1090 3499 et
1110 3431 1257 3521 coquina

228 3547 308 3613 mam
326 3548 385 3613 sibi
407 3547 598 3636 gratissimas
613 3567 681 3613 esse
705 3545 939 3635 profiteantur?
955 3542 1046 3611 Tales
1065 3544 1174 3632 itaque
1190 3551 1258 3608 sunt

229 3657 324 3723 vestri
347 3657 519 3733 demones,
535 3670 568 3723 et
584 3656 648 3733 dei,
664 3668 697 3722 et
720 3658 744 3722 si
759 3657 813 3745 qui
828 3654 976 3730 semidei,
999 3666 1153 3741 tanquam
1170 3649 1258 3721 aemi·

230 3767 321 3834 esini
335 3779 510 3834 vocantur:
526 3791 629 3856 neque
650 3769 735 3834 enim
756 3779 804 3834 est
822 3767 911 3832 vobis
928 3764 1096 3832 nominum
1114 3761 1259 3853 penuria,

231 3880 346 3966 quibus
359 3878 399 3944 ad
413 3879 524 3967 impias
538 3879 724 3972 hujusmodi
739 3877 984 3968 compositiones
999 3875 1146 3943 utamini.
