2614 4628
362 287 564 334 coaourarro
589 287 628 331 an
652 286 782 332 carras.
1032 269 1087 332 151

78 355 144 458 illl.
166 390 271 458 Nunc
287 403 393 458 autem
409 392 623 481 superioribus
637 391 717 458 illud
732 391 975 480 adjungamus¹‚
993 416 1089 479 quam

50 499 215 566 immanes
247 501 290 566 dii
323 501 417 566 vestri
444 502 603 567 demones
632 484 940 590 luerint‚qi1amque
963 500 1089 589 capitali

45 609 221 676 hominum
232 611 312 676 odio
323 610 538 700 flagraverint,
551 611 606 699 qui
621 634 734 680 eorum
748 635 813 678 uon
828 611 975 677 vecordia
987 611 1091 678 solum

45 719 238 808 insaniaque
251 719 502 798 delectarentur,
513 721 569 788 sed
582 720 678 786 etiam
690 719 877 787 carnificina¹
888 721 1091 808 caedibusque

43 829 247 896 hrrerentur.
269 830 400 920 Quippe
415 832 512 897 modo
526 831 613 897 euim
626 842 763 898 armatas
778 831 811 896 in
828 830 929 897 stadio
943 842 976 896 et
986 830 1092 898 ambi-

44 938 136 1004 tiosas
152 940 420 1015 commissiones,
435 939 531 1006 modo
546 939 686 1006 infinitas
707 937 782 1005 belli
799 939 1019 1008 contentiones
1034 938 1092 1006 ho·
1161 925 1167 944 ’
1199 1000 1204 1011 ,

45 1049 130 1116 noris
154 1073 262 1116 causa
278 1049 452 1140 gloriaeque
470 1062 648 1141 susceptas,
663 1048 833 1139 voluptatis
849 1050 910 1116 sibi
924 1049 1090 1117 materiem
1200 1098 1203 1106 ι

46 1161 276 1236 accersebat,
294 1172 330 1225 ut
344 1160 391 1226 sie
404 1143 525 1226 affatim
542 1159 684 1226 humano
699 1183 815 1226 cruore
828 1159 934 1226 satiari
949 1172 1087 1249 possent.

46 1269 119 1336 lam
133 1293 214 1336 cero
231 1294 293 1358 per
310 1271 407 1336 urbes
418 1270 536 1359 passim
553 1294 591 1336 ac
604 1268 741 1360 populos
754 1282 907 1359 tanquam
921 1270 1091 1338 teterrimae

48 1392 150 1468 pestes
176 1382 332 1470 grassati,
359 1379 505 1447 crudoles
526 1381 673 1471 dirasque
698 1379 865 1464 libationes
887 1383 1088 1470 expetebant.

51 1488 131 1554 Sane
149 1489 376 1568 Aristomenes
395 1488 448 1555 ille
468 1489 642 1556 Messenius
661 1491 828 1560 lthometae
841 1492 913 1558 Jovi
931 1478 1091 1557 trecentos

52 1596 221 1687 jugularit,
240 1611 329 1664 ratus
344 1599 470 1690 egregie
488 1622 556 1666 sese
575 1612 624 1665 tot
638 1613 767 1689 tamque
784 1599 876 1667 lectis
893 1601 1092 1668 hecatombis

54 1705 171 1783 litasse.
195 1731 373 1798 quorumc
395 1732 530 1774 numero
544 1707 771 1798 Theopompus
794 1722 876 1786 erat,
892 1709 1093 1778 Lacedaemo-

56 1817 183 1884 uiorrtm
197 1842 266 1893 rex,
286 1816 417 1882 illustris
434 1816 543 1905 utique
556 1816 737 1906 nobilisque
751 1819 891 1884 victima.
907 1817 1004 1884 Tauri
1018 1841 1091 1885 vero

62 1926 185 2014 populi,
204 1927 256 2015 qui
270 1928 358 1994 circa
384 1927 555 1994 Tauricam
572 1926 807 1997 Chersonesum
828 1926 986 2004 habitant,
1001 1941 1092 2019 quot·

67 2047 147 2123 quot
159 2037 242 2124 apud
254 2061 285 2103 se
293 2038 477 2126 peregrinos
492 2061 545 2114 eo,
560 2050 631 2104 tum
641 2061 763 2114 errore,
776 2050 846 2104 tum
855 2038 885 2102 vi
896 2038 1091 2130 tempcitatis

70 2140 218 2230 appulsos
232 2144 462 2234 interciperent,
478 2168 497 2210 e
514 2145 645 2235 vestigio
659 2143 804 2211 Tauricae
821 2146 932 2213 Dianae
950 2147 1092 2216 immola-

70 2255 170 2322 bant:
191 2257 301 2346 quibus
320 2255 484 2324 sacrificiis
509 2258 629 2346 tragica
655 2258 768 2347 saepius
789 2259 947 2347 Euripidis
970 2259 1093 2328 theatra

62 2381 280 2454 personarunt.
292 2369 411 2436 Scribit
421 2369 520 2436 etiam
534 2368 696 2435 Monimus
712 2368 745 2434 in
760 2391 819 2460 suo
833 2367 981 2437 derebus
996 2370 1094 2436 admi·

61 2475 210 2544 rabilibus
225 2481 472 2557 commentario,
483 2477 591 2556 Pelle,
602 2479 721 2568 oppido
733 2475 916 2555 Thessaliae,
929 2477 1093 2546 homiuem

58 2585 218 2657 achivum
232 2589 329 2656 Peleo
351 2602 385 2656 et
400 2589 531 2656 Chironi
551 2588 685 2655 mactari
699 2588 913 2654 consuevisse.
932 2587 960 2654 A
975 2587 1094 2674 Lyctiis

58 2719 143 2774 vero,
160 2699 279 2768 Creta
298 2699 410 2769 iusulae
436 2696 581 2789 populis‚·
598 2699 671 2765 lovi
691 2697 837 2766 homines
863 2696 1000 2789 jugulari
1023 2697 1094 2765 soli·

54 2819 114 2884 tos,
131 2823 251 2877 auctor
270 2823 320 2878 est
335 2802 522 2887 aaudiat,
544 2809 577 2875 in
600 2831 639 2875 eo
662 2831 758 2898 quem
779 2808 914 2875 Raditur
933 2806 1093 2898 inscripsit
1193 2875 1194 2880 ,

55 2941 163 3006 opere·
189 2919 339 3010 Itemque
361 2920 489 2992 Baccho
512 2917 648 2986 similem
676 2945 693 2985 a
714 2919 832 2986 Lesbiis
853 2918 995 2998 oblatam
1020 2941 1091 2984 esse

55 3025 220 3094 victimam
231 3053 272 3094 ex
285 3029 402 3097 Dosida
420 3028 652 3119 cognoscimus.
672 3027 878 3096 Phocaeenses
895 3051 1038 3119 quoque
1049 3051 1091 3094 ue

53 3140 210 3226 preteriri
228 3166 247 3206 a
267 3141 361 3207 nobis
381 3139 561 3218 rideantur,
584 3139 749 3206 hominem
771 3141 932 3228 integrum
946 3138 1091 3206 Taurica

53 3246 377 3326 llianaecremabaut,
394 3261 430 3316 ut
440 3249 528 3316 tostis
542 3262 590 3318 est
604 3249 773 3338 Pythoclea
789 3239 873 3316 libro
887 3249 928 3314 ‹lo
944 3247 1091 3314 Concor-

55 3357 102 3424 tia
116 3359 228 3426 tertio.
239 3359 333 3428 Adde
348 3359 445 3426 ethis
461 3360 679 3428 Erechtheum
694 3359 853 3436 Atticum,
866 3370 899 3423 et
908 3357 1089 3432 Romanum

56 3464 270 3558 llarium,qui
286 3492 360 3536 suas
371 3471 466 3536 ambo
474 3467 554 3537 tiliae
566 3469 772 3538 immolarunt
786 3493 794 3534 ι
806 3468 1016 3559 Persephone
1026 3471 1093 3559 qui-

57 3575 352 3656 demErechtheus,
361 3591 397 3645 ut
411 3582 496 3670 apud
509 3579 717 3648 Demaratum
733 3580 837 3669 primo
851 3579 971 3649 Rerum
985 3581 1092 3672 Tragi-

57 3707 164 3786 carum
192 3685 278 3756 libro
311 3685 444 3778 legimus
452 3714 462 3764 ς
488 3691 680 3758 Avorruncis
706 3702 812 3757 autem
838 3691 966 3770 Marius,
993 3705 1028 3760 ut
1052 3716 1092 3758 ex

58 3810 166 3884 quarto
188 3799 348 3868 Dorothei
383 3801 501 3877 lterum
535 3801 717 3870 Italicarum
745 3801 825 3870 libro
855 3814 990 3872 constat.
1018 3802 1090 3868 Per-

89 3927 172 3982 wide
181 3931 216 3984 D.
228 3930 345 3992 Guilloo,
354 3947 379 4000 p.
391 3930 438 3997 578
449 3941 539 3996 etseq.
