2546 4614
398 345 437 388 ur
464 343 683 404 aurrcnarsro.
997 324 1059 410 597

30 475 96 539 tus,
112 475 145 529 et
165 461 215 528 lac
237 458 476 528 Antichristus:
496 479 552 524 rex
569 457 727 536 Christus,
747 479 786 526 ao
808 481 864 525 rex
886 459 1065 528 Antichris-

29 587 83 640 tus
92 572 114 636 ¹.
132 570 299 640 Exhibitus
314 580 362 635 est
374 566 518 634 Salvator
532 580 569 634 ut
579 567 716 658 agnus¹;
730 569 798 658 ipse
809 592 935 658 quoque
948 570 1066 659 pariter

30 696 68 748 ut
82 705 180 772 agnus
194 679 373 770 apparebit,
389 701 464 746 curn
483 677 614 744 interius
630 678 670 744 sit
692 675 796 766 lupus.
812 675 907 744 Venit
922 675 1066 744 Salvator

29 794 65 858 in
81 791 323 860 circumcisione
338 791 372 857 in
388 789 558 865 mundum,
575 789 681 855 veniet
694 799 727 855 et
741 785 793 852 ille
808 786 961 854 similiter.
981 787 1067 854 Misit

29 901 186 970 Dominus
202 899 370 991 Apostolos
386 900 420 966 ia
431 923 542 968 omnes
556 912 683 990 gentett
698 899 804 966 mittet
815 911 847 965 et
857 899 924 987 ipse
934 897 1067 989 perinde

29 1009 324 1100 pseudoapostolos.
344 1010 554 1100 congregavit
574 1009 718 1077 Salvator
739 1031 813 1077 oves
833 1033 903 1098 quae
919 1009 1066 1099 disperse
1198 1003 1202 1012 ’

29 1121 159 1196 eraut⁸3
178 1121 246 1210 ipse
268 1142 395 1208 quoque
416 1119 536 1208 pariter
549 1117 706 1208 populum
719 1119 924 1208 congregabit
938 1118 992 1206 qui
1009 1119 1068 1185 dis-

28 1251 143 1318 persus
157 1239 215 1294 est.
234 1226 330 1292 Dedit
348 1225 504 1294 Dominus
519 1223 667 1294 fidelibus
686 1226 750 1290 suis
764 1222 980 1315 signaculum
1001 1225 1068 1313 ipse
1130 1227 1133 1234 “

31 1358 163 1424 quoque
178 1333 322 1400 similiter
336 1333 434 1400 dabit.
452 1333 608 1422 Apparuit
621 1332 767 1400 Salvator
780 1332 919 1400 bominis
934 1333 1064 1408 habitur

4 1493 7 1504 .
30 1446 101 1535 ipse
115 1466 243 1533 quoquo
262 1444 296 1510 in
315 1443 451 1512 bominis
466 1441 578 1509 habitu
594 1443 708 1510 veniet.
735 1443 892 1510 Excitavit
911 1440 1066 1518 Salvator,

31 1577 72 1622 ac
94 1567 235 1622 sancum
251 1576 380 1622 caraem
401 1577 491 1622 suam
514 1566 550 1619 ut
571 1553 726 1643 templum
745 1551 859 1628 secit⁴3
876 1552 944 1641 ipso
958 1552 1068 1618 itidem

30 1661 188 1754 templum
209 1661 366 1752 lapidibus
383 1673 604 1729 constructum
615 1660 821 1749 ierosolymis
839 1661 999 1727 excitabit.
1021 1661 1069 1728 ilc

29 1772 163 1862 quidem
177 1774 247 1860 ejus
262 1772 434 1839 seducendi
445 1770 579 1838 artificia
594 1772 800 1858 sequentibus
814 1768 1065 1846 declarabimus3

30 1901 122 1946 nunc
136 1877 177 1943 ad
191 1879 373 1965 subjectum
388 1889 612 1966 argumentum
626 1888 798 1942 vertamur.

77 1987 148 2054 vll.
167 1986 252 2053 Dicit
267 1986 372 2074 itaque
387 1989 499 2053 beatus
513 1986 614 2054 Jacob
629 1986 662 2052 in
680 1987 970 2064 benedictionibus,
986 2011 1070 2077 prae-

30 2095 185 2162 nuntians
201 2116 272 2183 quaa
286 2093 327 2160 ad
341 2094 516 2164 Dominum
531 2116 569 2161 ac
591 2092 787 2160 Salvatorem
809 2108 953 2166 nostrum
976 2119 1069 2186 speo-

30 2217 116 2280 tant,
139 2204 183 2268 ita
205 2202 339 2292 loquens
363 2227 371 2266 :
391 2228 404 2264 ι
424 2202 522 2278 Juda,
545 2200 676 2267 laudent
697 2215 729 2268 te
746 2203 858 2271 iratres
878 2205 934 2269 tui.
957 2203 1068 2270 Manus

30 2327 127 2380 »ture
150 2314 182 2380 in
204 2313 299 2380 dorso
319 2313 546 2380 inimicorum:
565 2312 746 2379 adorabunt
765 2325 797 2380 tc
818 2312 874 2380 lilii
894 2316 992 2403 patris
1008 2317 1065 2382 tui.

30 2453 45 2488 s
62 2422 195 2490 Catulus
206 2423 319 2499 leonis,
335 2423 417 2490 luda
434 2448 442 2488 ι
462 2446 501 2488 ax
515 2423 671 2514 germine,
686 2422 800 2500 filimi,
816 2423 995 2490 ascendisti.
1012 2425 1074 2492 Re-

30 2562 45 2595 »
63 2533 220 2598 cumbena
241 2531 384 2598 dormisti
408 2544 444 2598 ut
458 2529 521 2608 leo,
537 2544 570 2599 et
586 2544 622 2596 ut
636 2530 759 2598 catulus
777 2528 897 2600 leonis:
918 2533 989 2621 quis
1006 2557 1073 2600 sus·

30 2670 45 2703 s
62 2641 175 2707 citabit
189 2641 286 2708 eum?
301 2641 373 2709 Non
388 2641 515 2710 deliciet
529 2642 678 2738 princeps
693 2665 732 2708 ex
747 2641 830 2726 luda
845 2653 877 2708 et
892 2642 957 2708 dux
970 2666 1009 2709 ex
1025 2643 1073 2708 io-

30 2747 207 2816 smoribus
229 2752 313 2836 ejus,
336 2751 439 2818 donec
460 2751 565 2818 veniat
586 2751 637 2817 oui
660 2751 834 2839 repositum
854 2763 902 2818 est
922 2775 930 2815 ε
950 2762 983 2818 et
1005 2753 1072 2840 ipse

31 2887 46 2920 a
62 2857 125 2922 erit
140 2859 317 2947 expectatio
331 2856 495 2926 Gentium.
512 2857 652 2948 Alligans
665 2859 707 2925 ad
721 2860 817 2925 vitem
832 2860 954 2926 asinam
966 2883 1070 2938 suam,

32 2992 45 3030 ι
62 2977 96 3032 ct
111 2965 153 3030 ad
170 2963 306 3034 helicem
321 2965 444 3055 pullum
460 2967 555 3034 asinae
569 2989 645 3033 suae.
664 2968 795 3035 lavabit
815 2970 848 3034 ia
864 2969 938 3036 vino
958 2968 1072 3035 stolam

31 3096 167 3148 usuam,
190 3086 222 3140 ct
240 3073 274 3138 ia
298 3075 451 3163 sangarius
473 3097 541 3141 uvas
562 3072 694 3164 pallium
712 3098 816 3144 suum.
842 3076 964 3144 Hilares
986 3076 1072 3144 oculi

31 3213 46 3246 a
62 3184 135 3272 ejus
151 3204 169 3246 a
186 3183 272 3259 vino,
288 3195 321 3248 et
336 3181 447 3250 dentes
461 3185 530 3272 ejus
545 3183 628 3252 lacte
643 3186 841 3252 candidiores
852 3186 873 3250 ⁶.
892 3216 906 3250 ι

79 3290 168 3358 Vlll.
182 3293 259 3360 llaeo
275 3315 349 3360 oum
364 3290 508 3382 pluribus
524 3316 562 3360 ac
577 3295 712 3361 circuitu
727 3294 834 3383 eloqui
849 3299 1004 3375 noverim,
1020 3299 1071 3387 ip-

30 3423 108 3469 sum
123 3399 220 3466 modo
235 3413 358 3468 textum
372 3425 532 3492 apponere
547 3401 650 3469 libuit.
671 3404 753 3484 Quia
766 3417 875 3472 tamen
886 3407 953 3495 ipsa
965 3407 1069 3476 divina

30 3511 134 3576 verbs
155 3510 290 3577 suadent
309 3508 410 3600 loqui,
432 3536 474 3580 ne
495 3513 529 3578 id
544 3513 673 3600 quidem
693 3515 847 3582 omittam.
870 3515 966 3583 Plane
987 3519 1072 3584 euim

33 3619 143 3686 divina
158 3631 232 3686 sunt
250 3632 283 3688 et
293 3618 443 3698 illustria,
460 3645 498 3690 ac
512 3645 588 3690 sane
602 3625 708 3690 animo
724 3625 905 3708 conducere
924 3641 1068 3716 possunt.

34 3723 189 3794 Catulum
208 3724 308 3794 leonis
325 3729 446 3796 vocavit
466 3727 638 3819 Propheta,
654 3731 707 3819 qui
731 3753 771 3796 ex
793 3731 876 3798 luda
898 3745 931 3799 at
951 3732 1071 3802 Davide

71 3889 169 4015 ¹Josan.
183 3907 256 3952 xvru,
266 3893 306 3958 37.
318 3893 369 3933 —2
381 3893 422 3944 ld.
434 3913 452 3954 ι,
467 3911 505 3959 ²9.
518 3855 568 3936 ζ*
581 3895 622 3946 ld.
634 3911 668 3958 xi,
679 3897 718 3946 ⁵2.
731 3925 762 3936 -
772 3895 782 3930 ⁴
792 3897 833 3946 ld.
847 3917 876 3959 u,
889 3915 925 3964 up.
940 3927 970 3938 -
980 3901 990 3934 ⁵
1000 3899 1068 3951 Gan.

36 3983 107 4028 xcix,
138 4001 144 4016 .
