2522 4608
395 257 594 311 muscosus,
618 259 679 302 nin.
706 259 740 302 u.
1024 245 1086 310 525

42 381 191 448 llexuum
207 382 293 448 vocis
308 375 455 456 artificio,
472 380 513 447 ad
527 380 755 448 effeminatum
770 380 938 450 mollitiem
952 396 986 450 et
999 407 1086 452 seur

41 489 200 558 rilitatem
212 491 384 558 deducunt.
399 489 519 558 Graves
530 501 650 567 eutem,
666 503 698 557 et
713 491 840 581 pudicae
853 494 1087 563 modulationes

40 599 212 666 ebrietatis
226 600 390 690 protervire
401 599 550 666 nuntium
566 601 744 668 remittunt.
764 601 976 671 Gbromutioae
991 607 1088 696 igitur

42 707 237 786 barmouiae‚
255 709 431 800 impudenti
451 710 483 776 in
501 711 574 777 vino
593 713 774 802 proterriae,
790 713 987 805 floribusque
1002 718 1088 783 redi·

43 819 130 883 mites
148 831 183 886 et
200 821 393 887 meretriceae
406 821 550 898 musicae.
567 833 642 888 sunt
657 821 882 912 relinquendae.

463 1092 616 1162 CAPUT
638 1092 677 1160 V.

509 1285 556 1342 De
567 1286 635 1341 risu

89 1491 317 1562 Ridiculurum
332 1505 454 1568 sutem,
473 1491 522 1558 vel
543 1489 748 1557 ridendorum
761 1492 868 1581 potius
884 1491 1089 1560 affectionum

48 1603 259 1681 imitatores¹,
276 1603 421 1693 exigendi
443 1614 518 1668 suut
536 1627 554 1666 n
574 1611 681 1667 nostru
704 1601 877 1692 republica.
897 1605 980 1670 Cum
1001 1607 1089 1672 enisu

48 1719 142 1785 rerba
154 1715 294 1780 omnies
311 1725 418 1779 mente
435 1723 468 1778 et
487 1713 630 1778 moribus
641 1725 803 1788 emanent,
820 1713 888 1779 fieri
905 1737 970 1780 non
985 1727 1089 1805 potest

50 1839 84 1892 ut
94 1827 193 1892 verbs
214 1821 319 1912 alique
337 1823 524 1889 emittuntur
541 1819 688 1898 ridicule,
703 1845 775 1910 quse
792 1846 857 1889 non
876 1823 1052 1912 procedent
1071 1849 1090 1892 e

53 1937 194 2002 moribus
208 1931 364 2000 ridiculis.
384 1929 468 1998 lllud
484 1932 593 1996 enims
613 1929 708 1998 «Nou
727 1943 775 1997 est
792 1934 888 1999 'arbor
904 1935 1002 2011 bona,
1019 1959 1090 2024 quse

58 2045 156 2113 »lucit
170 2046 289 2112 lrnctus
305 2040 423 2116 mslos;
438 2065 543 2130 neque
563 2042 660 2107 arbor
671 2039 766 2115 mele,
786 2065 856 2130 quse
873 2043 948 2111 feeit
966 2046 1089 2114 fructus

59 2185 73 2218 s
86 2158 183 2223 bonos
191 2155 214 2231 ²,
226 2185 240 2218 s
252 2155 308 2221 bic
319 2175 448 2242 quoque
463 2149 690 2241 applicandum
705 2164 763 2216 est.
782 2151 896 2219 Sermo
906 2156 992 2221 enim
1007 2155 1090 2224 fruc·

59 2277 107 2332 tus
126 2277 174 2330 est
191 2263 318 2329 mentis.
337 2260 373 2327 si
397 2283 473 2351 ergo
494 2259 549 2348 qui
572 2260 671 2325 risum
692 2270 821 2328 movent
843 2274 917 2327 sunt
939 2266 1091 2330 extermi-

57 2375 148 2442 nsndi
158 2399 176 2441 n
187 2383 297 2440 nostra
309 2368 486 2460 republica,
502 2367 597 2457 longe
610 2367 691 2434 absit
711 2379 746 2432 ut
763 2370 854 2435 nobis
869 2371 1090 2458 permittamus

53 2487 148 2552 risum
165 2505 307 2550 movere.
327 2477 511 2548 Absurdum
522 2478 609 2543 enim
621 2487 682 2554 est,
699 2500 836 2566 quorum
850 2479 1011 2548 auditores
1022 2505 1091 2549 esse

51 2595 251 2686 prohibitum
272 2604 334 2667 est,
356 2613 427 2656 esse
447 2611 559 2656 eorum
579 2588 765 2655 imitatores.
791 2587 893 2656 Multo
913 2604 1021 2658 autem
1042 2607 1091 2660 est

51 2703 234 2778 absurdius,
246 2701 374 2768 studere
388 2709 424 2765 ut
440 2699 506 2787 ipse
522 2698 562 2764 sis
578 2695 744 2773 ridiculus,
757 2698 821 2766 boc
835 2712 884 2767 est
899 2703 1024 2791 probris
1039 2705 1090 2770 in-

53 2813 225 2881 cessendus
248 2823 280 2876 et
300 2808 491 2876 irridendus.
511 2807 544 2874 Si
560 2809 646 2874 enim
662 2829 791 2874 nemoe
811 2811 904 2876 nobis
922 2812 1090 2880 ridiculum

54 2924 190 3015 ligur-m
203 2923 376 3011 suscipere,
389 2919 662 3010 quemadmodum
673 2921 705 2986 in
717 2923 841 3011 pompis
854 2922 997 2990 videmus
1008 2948 1092 2993 non-

57 3033 171 3110 nullos,
189 3032 386 3107 sustinuerit,
403 3030 564 3119 quomodo
580 3030 743 3096 internum
757 3031 921 3100 bominem
935 3035 1036 3124 magis
1052 3035 1090 3099 ri·
1209 3055 1217 3074 ·

56 3143 196 3213 diculum
207 3145 362 3210 sustinere
373 3140 509 3231 figurem
520 3141 680 3229 jurepussi
691 3139 856 3218 fuerimus,
866 3143 962 3231 idque
971 3142 1092 3232 palum?

53 3255 167 3336 Quare
178 3276 243 3319 non
258 3251 412 3318 debemus
426 3261 540 3339 sponte
555 3247 721 3316 ridiculum
733 3271 894 3316 assumere
909 3275 1086 3340 personum.

53 3369 96 3432 llt
110 3364 273 3453 quomodo
287 3362 319 3428 in
336 3361 441 3429 verbis
456 3382 524 3425 esse
543 3369 575 3424 et
596 3359 692 3425 videri
710 3341 835 3426 ridiculi
854 3385 984 3449 opernm
1000 3364 1091 3432 dubi-

55 3495 144 3548 mus,
155 3471 187 3536 id
202 3471 287 3559 quod
299 3482 347 3536 est
358 3470 502 3535 omnium
513 3491 584 3558 quse
596 3479 669 3533 sunt
682 3469 713 3534 in
726 3469 854 3534 homine
867 3470 959 3560 lunge
971 3475 1091 3560 pretio-

55 3581 230 3656 sissimum,
243 3603 358 3669 nempe
370 3601 563 3654 sermonem,
575 3579 713 3645 ludibrio
725 3579 900 3647 habentes?
910 3581 1092 3651 Ridiculum

55 3705 105 3759 est
119 3713 196 3781 ergo
212 3690 282 3756 baec
301 3712 464 3765 exercere,
488 3689 745 3778 qnandoquidem
766 3713 827 3758 nec
847 3692 1031 3782 hujusmodi
1047 3695 1091 3760 ri-

90 3845 100 3878 Ι
113 3843 179 3891 Vide
190 3843 219 3891 l).
231 3842 343 3902 Gnidon,
353 3859 380 3906 p.
390 3841 439 3900 426
452 3849 478 3889 et
487 3841 544 3906 4²7·

90 3917 207 3968 ²ntaru.
220 3935 264 3980 ru,
277 3919 315 3968 18.
330 3919 390 3967 buc.
405 3932 439 3994 vn,
452 3915 492 3974 db.
