2574 4628
192 283 268 348 ⁸186
458 305 461 308 ·
516 302 688 346 cistrensis
716 300 922 344 aomanorum

207 453 219 484 ι
235 421 384 495 rentiam,
397 443 467 507 quae
477 397 526 484 est
544 419 576 484 in
596 419 670 508 ipsis
682 441 721 487 ex
739 419 949 486 obduratione
961 419 1067 486 cordis
1079 419 1240 508 ipsorum.

204 561 218 595 s
235 531 313 611 Qui,
330 551 405 596 cum
420 527 642 604 dedolueront‚
658 528 843 618 semetipsos
863 527 1054 594 dediderunt
1068 521 1243 617 protervius

195 673 218 716 ,ι
230 642 272 708 ad
285 639 479 730 operandam
495 663 624 706 omnem
639 639 854 728 impuritatem
868 652 901 705 et
915 637 1109 705 avaritiam¹.
1124 667 1138 700 s
1154 639 1244 703 Curn

205 764 313 818 autem
330 749 489 840 ejusmodi
508 751 596 816 testis
614 747 782 816 bominum
800 749 989 825 amentiam,
1010 748 1160 815 invocato
1180 748 1244 814 Dei

204 861 346 936 nomine,
360 859 513 949 arguerit,
530 882 608 926 num
623 859 700 948 quid
719 858 806 927 aliud
826 871 923 927 restat
938 856 1123 933 incredulis,
1140 880 1243 946 quam

202 972 361 1062 judicium
375 981 407 1037 et
422 971 668 1037 condemnatio?
684 967 750 1038 Nec
766 973 841 1038 vero'
855 993 966 1038 curam
977 992 1089 1038 eorum
1105 968 1243 1058 deponit

204 1083 378 1158 Dominus,
401 1081 458 1147 sed
480 1081 575 1147 instat
598 1081 673 1171 ipsis
696 1081 819 1148 assidue
842 1081 1020 1158 hortando,
1044 1077 1243 1171 perterrefa-

205 1195 332 1268 ciendo,
344 1191 549 1282 impellendo,
560 1192 740 1268 excitando,
753 1191 954 1259 admonendo
970 1215 978 1257 :
995 1205 1028 1258 et
1038 1192 1097 1258 bos
1107 1188 1241 1279 quidem

205 1307 259 1394 qui
270 1305 431 1370 erroribus
439 1303 567 1368 luerunt
580 1301 738 1391 impliciti,
746 1303 1007 1394 expergefactose
1019 1303 1132 1368 mediis
1145 1315 1239 1368 tene-

206 1416 270 1482 bris
287 1415 411 1481 excitat.
424 1441 438 1474 a
449 1415 687 1504 Expergiscere‚
704 1414 819 1502 inquit,
836 1414 891 1504 qui
908 1413 1040 1489 dormis,
1054 1424 1087 1479 et
1106 1435 1203 1501 surge
1220 1435 1237 1475 a

204 1555 217 1588 s
233 1525 385 1600 mortuis,
401 1535 434 1590 ot
454 1521 618 1590 illucescet
642 1523 700 1590 tibi
716 1523 861 1590 Christus
876 1523 1067 1600 Dominus²,
1091 1521 1177 1588 ‚ille
1192 1521 1237 1586 sol

205 1634 457 1710 resurrectionis,
470 1661 482 1693 ι
495 1634 550 1722 qui
562 1645 636 1700 ante
647 1633 830 1704 Luciferum
845 1633 968 1724 genitus
983 1633 1063 1710 est⁸,
1081 1663 1094 1699 s
1108 1633 1236 1721 suisque

205 1746 300 1813 radiis
316 1745 411 1810 vitam
432 1745 578 1834 praebuit.
599 1744 644 1812 Ne
666 1746 737 1832 quis
757 1746 865 1833 itaque
887 1757 1014 1834 spernat
1037 1743 1185 1812 Verbum
1200 1767 1236 1810 ao

204 1855 293 1923 nihili
312 1855 418 1932 faeiat,
435 1879 477 1920 ne
493 1855 575 1922 sorte
586 1856 791 1944 semetipsum
805 1856 989 1944 impendens
1004 1855 1234 1944 contempsisse

204 1966 392 2056 reperiatur.
411 1965 496 2030 Dicit
510 1965 597 2030 enim
612 1963 728 2032 alicubi
744 1965 928 2055 Scriptura:
943 1963 1071 2032 ‹flodis
1081 1962 1109 2030 si
1123 1987 1234 2032 vocem

202 2076 299 2164 sajus
325 2065 504 2151 audieritis,
526 2074 625 2142 nolite
649 2077 807 2142 obdurare
830 2077 927 2142 corda
950 2073 1066 2152 ve'stra,
1093 2076 1181 2142 sicut
1205 2077 1235 2143 in

202 2186 470 2252 »exacerbatione
491 2186 524 2252 in
545 2171 595 2252 die
613 2186 796 2252 tentationis
813 2187 846 2252 in
863 2186 1001 2263 deserto,
1024 2186 1079 2254 ubi
1098 2197 1237 2252 tentare

202 2326 216 2359 s
230 2309 306 2364 runt
319 2319 370 2362 me
381 2309 490 2387 patres¹
499 2297 593 2363 vestri
605 2298 638 2363 in
648 2295 866 2388 probationst.
882 2296 1059 2377 »Quaenam
1069 2311 1180 2362 autem
1190 2309 1237 2364 est

203 2407 255 2476 illa
269 2410 447 2499 probatio?
464 2407 497 2474 si
513 2407 603 2496 cupis
619 2408 755 2485 discere,
771 2418 899 2475 sanctus
912 2409 970 2474 tibi
984 2407 1120 2498 Spiritus
1132 2409 1236 2498 expli-

202 2520 289 2586 cabit
302 2543 310 2584 ε
324 2547 337 2580 r
349 2521 389 2586 Et
404 2519 562 2591 viderunt,
580 2517 696 2606 inquit,
712 2541 807 2606 opera
822 2541 892 2584 mea
908 2519 1115 2608 quadraginta
1130 2519 1233 2584 annis.

204 2659 218 2692 ι
234 2631 341 2710 Quare
360 2627 500 2694 infensus
520 2627 563 2692 sui
578 2628 774 2717 generationi
788 2627 877 2704 bule,
889 2640 921 2694 et
936 2628 1013 2705 dixi,
1030 2629 1169 2720 Semper
1185 2653 1236 2696 er-

202 2769 215 2802 »
231 2750 302 2805 rant
316 2737 430 2812 cordes
451 2739 510 2828 ipsi
525 2761 601 2802 vero
616 2762 681 2804 non
696 2750 915 2828 cognoverunt
928 2740 993 2805 vias
1009 2762 1106 2805 meas.
1124 2739 1235 2828 ltaque

203 2829 330 2937 »juravi
348 2848 442 2915 inira
459 2872 542 2926 mea,
559 2849 584 2914 si
600 2849 778 2916 introibunt
793 2849 826 2916 in
843 2849 986 2938 requiem
1005 2851 1142 2916 meam⁵.
1161 2853 1234 2918 »En

203 2961 307 3027 minas
318 2961 326 3024 l
339 2982 380 3028 cn
388 2959 641 3027 exhortationem
653 2962 712 3046 len
723 2982 851 3050 poenam
863 2963 871 3026 l
883 2961 949 3026 Cur
960 2961 1236 3050 igituretiamnum

205 3073 322 3138 iratum
342 3071 435 3136 nobis
450 3069 553 3137 Deum
574 3094 613 3138 ex
627 3069 778 3137 clementi
794 3083 827 3137 et
845 3071 991 3139 benefico
1007 3072 1166 3139 facimus?
1180 3097 1237 3139 cur

203 3205 268 3248 uon
284 3204 375 3247 aures
389 3193 512 3246 nostras
525 3179 635 3248 Verbo
656 3180 877 3270 patefacimus,
893 3182 1061 3271 Deumque
1075 3183 1236 3272 hospitem

200 3291 288 3379 puris
303 3303 336 3355 et
356 3291 551 3357 intaminatis
567 3291 734 3357 animabus
753 3293 950 3381 excipimus?
965 3293 1043 3382 Ejus
1057 3293 1145 3359 enim
1161 3318 1236 3383 pro·

202 3401 308 3466 missio
320 3402 482 3467 immense
494 3425 568 3467 sane
579 3401 688 3490 gratie
699 3425 737 3468 ac
749 3401 896 3470 beneficii
906 3401 979 3469 loco
990 3403 1064 3479 erit,
1074 3429 1088 3464 s
1100 3404 1126 3469 si
1138 3403 1234 3469 hodie

200 3533 339 3576 »vocem
360 3512 429 3599 ejus
455 3511 675 3578 audierimus:
695 3541 709 3574 s
728 3523 879 3580 caeterum
901 3512 980 3579 illud
1002 3513 1098 3580 bodie
1119 3514 1154 3579 in
1171 3515 1236 3580 dies

202 3633 348 3709 augetur,
364 3622 518 3710 quamdiu
539 3621 636 3689 hodie
658 3625 853 3692 nominatur.
872 3625 978 3713 Usque
992 3625 1080 3691 enim
1092 3625 1135 3692 ad
1158 3649 1235 3692 con-

201 3732 446 3806 summationem
457 3757 567 3800 rerum
578 3732 725 3804 ultimam
736 3747 769 3803 et
779 3735 955 3805 ltodimms
964 3735 1043 3810 dies,
1053 3746 1085 3802 et
1093 3735 1235 3804 discendi

187 3950 191 3957 .
233 3874 344 3939 ¹Eplres.
355 3893 389 3938 rr,
405 3895 444 3943 ιγ,
461 3879 498 3941 18,
512 3898 548 3946 ¹9·
561 3909 591 3920 -
605 3881 687 3934 ²1ttd.
702 3901 725 3945 r,
741 3884 778 3944 sd.
792 3863 822 3926 ..¹
834 3883 844 3920 ³
857 3884 921 3938 l'tal.
933 3903 986 3946 ort,
995 3885 1020 3945 sl·
1034 3913 1064 3924 —
1077 3885 1088 3920 ⁴
1099 3884 1168 3936 Pnl.
1181 3898 1233 3941 xt'·

209 3965 233 4012 ζ,
246 3949 272 4010 8,
283 3968 306 4015 9.
319 3950 365 3992 „t
377 3951 440 4002 ltin.
450 3971 475 4020 9,
492 3971 528 4016 ro,
542 3973 579 4006 tl.
