2570 4614
164 319 167 326 ’
254 302 317 368 «286
569 316 742 398 oannnurrs
766 317 975 369 inmurmurat

250 467 356 533 neque
367 463 442 510 vero
455 441 614 532 conjicere
628 443 780 533 potueris.
798 440 1080 522 Quemadmodum
1093 457 1202 514 autern
1212 449 1276 538 phi·

250 553 456 644 losophorum
477 552 607 642 quidem
621 564 669 619 eat
683 551 744 620 alia
760 552 886 619 vivendi
900 555 995 634 ratio,
1012 555 1071 623 alia
1086 581 1162 624 vero
1179 571 1274 626 orato

248 687 334 740 rum,
358 661 418 729 alia
440 673 549 730 autem
568 659 763 729 luctatorum
782 683 792 726 a
815 661 858 726 itu
877 674 927 728 est
947 687 1100 753 generosa
1117 667 1273 758 dispositio

248 770 403 838 voluntati
425 770 598 839 honestatis
618 769 766 837 studiosae
787 771 991 850 conveniens,
1014 799 1085 864 qum
1107 777 1273 844 aeeeditox

249 882 367 950 Christi
383 881 564 972 paedagogia
577 903 586 946 a
600 892 636 946 et
652 903 723 969 quaa
739 878 847 946 haori
867 879 990 949 imbuta
1009 897 1097 961 sunt,
1122 886 1273 954 honestata

247 1003 411 1083 proeataut,
427 993 570 1058 inoeaaua
588 1003 621 1058 et
634 991 815 1069 accubitus,
829 991 961 1058 nutritio
978 1005 1012 1059 et
1032 1018 1180 1076 romnus,
1195 999 1273 1065 carli·

247 1116 362 1192 tuaque
376 1115 410 1168 et
424 1103 540 1179 rietus,
557 1099 725 1192 etreliqua
741 1098 917 1192 disolplina.
939 1103 1010 1170 Non
1026 1118 1074 1172 eut
1086 1107 1178 1174 enim
1193 1107 1272 1176 nimia

247 1214 370 1282 intensa
390 1235 430 1279 ao
445 1209 615 1278 vehemens
628 1210 786 1299 ejusmodi
800 1210 898 1280 Verbi
917 1213 1082 1290 edueatio.
1100 1216 1160 1282 aed
1175 1215 1271 1284 moda-

246 1335 327 1397 ruta‚
342 1333 375 1390 et
389 1344 463 1410 quaa
475 1322 614 1412 justene
628 1333 717 1388 recto
733 1332 844 1388 tenore
859 1322 1021 1388 oonsistut.
1040 1323 1114 1390 llae
1127 1325 1223 1392 etium
1234 1347 1271 1392 ra

245 1432 331 1498 tione
342 1429 492 1497 serrator
500 1428 643 1498 Verbum
654 1451 711 1496 eeu
726 1427 818 1496 Ratio
831 1429 934 1496 dietus
946 1443 1008 1506 est,
1020 1430 1074 1520 qui
1092 1431 1166 1500 haee
1185 1433 1269 1500 laeui·

245 1542 339 1610 nibus
359 1537 523 1608 rationalia
544 1539 788 1616 medicamenta,
805 1539 921 1628 quibua
942 1537 1108 1607 salventur
1136 1565 1176 1610 ae
1195 1544 1265 1610 laouo

243 1675 338 1720 sensu
358 1651 557 1725 imbuantur,
578 1648 710 1724 invenit,
732 1648 1004 1738 opportunitatem
1021 1651 1159 1740 quidem
1173 1653 1266 1720 otu·

244 1785 334 1839 vans,
349 1761 462 1832 vitium
482 1771 591 1826 autem
610 1781 759 1849 arguens,
780 1771 813 1824 et
828 1757 1035 1826 affectionum
1056 1762 1161 1828 aniani
1175 1785 1266 1829 eam

244 1894 418 1962 exponere,
434 1881 467 1936 et
481 1892 500 1934 a
516 1869 638 1936 ratione
656 1867 833 1936 alienarum
852 1868 1064 1958 cupiditatum
1081 1871 1203 1940 radioea
1217 1895 1266 1938 ex-

243 1979 388 2058 cindere,
408 2003 425 2046 a
443 1980 559 2068 quibua
578 1978 709 2068 quidem
734 1979 894 2047 abstinere
913 1990 1059 2070 oporteat
1077 1984 1264 2073 praecipient,

242 2089 348 2158 omnia
366 2101 474 2156 autem
491 2086 601 2154 salutis
619 2089 759 2156 antidota
778 2089 1005 2179 aegrotantilauu
1022 2089 1194 2159 exhibens«
1211 2093 1267 2159 lloa

241 2199 386 2266 eetenim
397 2199 572 2264 maximum
582 2208 615 2264 et
626 2198 763 2265 maxime
780 2199 903 2288 regium
920 2199 980 2266 Dei
991 2223 1087 2290 opus,
1106 2201 1265 2269 humanam

240 2331 366 2378 servare
379 2321 538 2376 naturam.
557 2308 600 2376 At
614 2306 740 2375 medico
754 2307 898 2397 quidem,
914 2310 969 2398 qui
983 2309 1062 2378 nihil
1077 2312 1221 2402 quotlpd
1231 2335 1267 2379 aa

241 2417 341 2488 lutam
361 2417 456 2486 faciut
478 2415 629 2494 consulit,
651 2419 760 2508 aegroti
786 2430 975 2486 anooeneent
1000 2441 1009 2484 ε
1032 2421 1143 2488 divino
1175 2435 1265 2490 auten

241 2529 416 2620 Paedagogo
430 2528 593 2618 quomodo
604 2552 670 2595 uon
684 2529 835 2596 maximas
852 2553 909 2597 uos
924 2528 1043 2596 habere
1059 2535 1184 2623 gratias
1200 2535 1265 2600 uu

240 2641 361 2716 bimur,
372 2638 428 2727 qul
439 2637 571 2704 minime
580 2647 697 2714 taceat,
708 2661 770 2705 neo
780 2637 877 2704 animi
889 2637 1106 2727 penetralibus
1117 2644 1266 2709 contineat

244 2749 360 2825 minas,
377 2747 569 2836 quaeserunt
590 2747 633 2814 ad
646 2748 797 2824 anitiuma
815 2748 872 2816 uad
893 2771 945 2814 eas
960 2763 1087 2840 arguat,
1103 2763 1136 2818 et
1153 2749 1266 2843 quaead

241 2880 294 2926 eae
311 2857 448 2924 tendunt
462 2857 672 2947 appetitiones
691 2858 852 2932 excludat.
868 2870 900 2925 et
922 2881 993 2948 qum
1012 2860 1195 2929 adrentum
1209 2861 1267 2935 rita

238 2969 395 3036 rationem
412 2967 572 3056 pertinent
586 2967 742 3036 edoceat?
763 2967 885 3058 Magnae
899 2993 975 3058 ergo
990 2967 1034 3036 illi
1057 2983 1133 3038 eunt
1148 2972 1267 3062 agenda

237 3077 354 3170 gratiae.
369 3075 503 3144 Ratione
516 3077 603 3143 enim
617 3077 785 3167 praeditum
799 3076 928 3156 animal,
944 3077 1112 3148 hominem
1127 3083 1266 3172 inquam.

237 3187 398 3276 aliquidne
417 3184 505 3253 aliud
526 3185 660 3253 dicimus
678 3199 827 3277 oportere
849 3209 945 3275 quam
970 3189 1004 3254 id
1023 3191 1111 3279 quod
1125 3205 1177 3260 est
1197 3191 1268 3258 diri-

237 3320 329 3374 num,
346 3293 578 3385 oontemplaril
593 3294 691 3361 Porro
715 3307 823 3363 autem
846 3295 1022 3364 humanam
1037 3322 1168 3390 quoque
1181 3313 1269 3368 nato-

236 3429 306 3472 rana
318 3405 391 3474 dieo
404 3429 459 3473 eoa
472 3416 620 3494 oportere
633 3404 847 3481 considerare,
863 3406 953 3472 etita
968 3408 1075 3474 vivere
1090 3421 1125 3475 ut
1139 3411 1268 3498 jubotat

235 3515 335 3582 dictat
345 3515 472 3589 veritas.
484 3525 517 3579 et
538 3513 642 3602 ipsum
657 3513 867 3603 Paedagogum
882 3525 916 3580 et
932 3515 1002 3603 ejus
1017 3528 1161 3608 precepta
1177 3513 1267 3607 plari

236 3649 324 3690 mona
338 3625 542 3700 admirantes,
554 3636 589 3690 ut
605 3646 676 3712 quae
687 3624 770 3691 inter
781 3647 815 3696 ae
831 3638 1010 3716 oongruant
1022 3639 1056 3694 et
1067 3629 1265 3696 conveniant

235 3732 295 3800 Cui
314 3733 541 3834 convenienter
564 3732 693 3822 imagini
714 3744 842 3823 oportet
866 3755 924 3800 noe
945 3757 1090 3825 quoque,
1109 3759 1167 3804 nos
1187 3737 1266 3827 ipuoa

233 3842 407 3934 Paedngogo
421 3843 670 3922 conformantes,
687 3844 734 3910 ita
746 3843 865 3922 rivere,
882 3857 918 3912 ut
933 3845 1025 3914 lactis
1044 3849 1144 3915 oratio
1159 3869 1268 3916 revera

235 3953 412 4020 conveniat.
