2522 4608
255 276 318 353 540
572 295 745 338 cucurreris
772 293 983 338 aasxssururu

252 413 361 485 behte,
377 423 409 476 et
424 399 581 478 efficiente
597 435 706 486 canos,
723 411 885 499 quomodo
901 425 1060 502 unguenta
1080 412 1227 484 adhaesur-

252 521 403 595 verimus,
412 533 542 610 propter
550 545 621 610 quae
631 521 762 587 canities
770 520 820 597 fit,
829 523 884 609 qui
897 545 994 588 canos
1003 523 1147 612 fugimus?
1155 524 1226 604 Quen

251 629 424 696 admodum
447 643 554 696 autem
577 632 632 719 qui
657 630 788 695 naribus
808 642 883 696 sunt
904 631 1068 720 sagacibus
1083 633 1227 708 canadam

249 737 347 804 odore
362 737 550 828 investigant
566 761 574 803 :
593 739 650 814 ita,
667 761 706 803 ex
721 737 815 803 nimia
829 739 954 805 curiosa
970 753 1179 830 unguentorum
1190 741 1227 808 ira·

250 851 390 938 grautia,
420 851 474 938 qui
498 861 712 938 temperantes
739 859 814 915 suut
844 863 1001 918 venantur
1027 853 1225 941 intemperata.

249 959 347 1024 Porro
362 971 470 1025 autem
485 958 555 1025 talis
570 982 698 1050 quoque
715 981 789 1025 usus
805 983 1000 1030 coronarum
1019 963 1059 1028 ad
1080 964 1227 1029 camaudu-

248 1082 371 1134 namet
387 1070 419 1135 in
436 1071 510 1138 vino
525 1071 718 1159 proterviam
733 1084 934 1160 comparatus
950 1073 1080 1138 effluxit.
1096 1071 1159 1138 «lte
1169 1083 1225 1161 aput

248 1205 261 1240 a
278 1179 356 1244 mihi
371 1203 490 1247 corona
504 1181 651 1246 cinxeris.
669 1179 735 1246 Ver
750 1191 809 1258 ost,
826 1182 859 1248 in
874 1183 1008 1249 roscidis
1025 1183 1116 1272 pratis
1128 1195 1154 1247 et
1165 1181 1225 1248 noll

246 1290 337 1354 »bus
357 1289 512 1380 variisque
538 1291 790 1380 germinantibus
809 1291 944 1358 floribus
973 1291 1086 1382 degere
1108 1292 1224 1382 pulchrm

248 1429 261 1460 ι
277 1413 337 1477 est,
354 1429 367 1462 s
382 1403 486 1468 nativa
501 1413 534 1466 et
548 1402 670 1468 sincera
692 1403 798 1468 odoris
818 1403 973 1469 suavitate
986 1426 1082 1493 apum
1099 1405 1151 1468 ritu
1161 1403 1224 1468 aaa·

152 1543 155 1550 ·
245 1521 303 1576 tes.
322 1513 370 1577 Ex
382 1535 469 1600 puro
489 1523 596 1578 autem
613 1529 715 1600 prato
729 1529 917 1580 contemtum
936 1536 1093 1578 coronam
1108 1533 1224 1602 proorrs

246 1631 355 1686 mento
365 1619 450 1686 domi
467 1619 672 1702 circumferre
688 1644 753 1687 non
764 1632 812 1688 est
823 1621 1004 1686 sobriorum
1019 1620 1173 1686 hominum.
1183 1618 1222 1685 du

245 1729 331 1796 enim
347 1753 490 1796 rosarum
507 1731 628 1808 baccis,
641 1731 690 1797 vel
701 1729 804 1808 violis,
818 1729 866 1796 vel
882 1729 966 1806 liliis,
980 1730 1031 1797 rel
1043 1730 1105 1797 aliis
1117 1727 1222 1820 eiusnodi

243 1838 376 1908 floribus
396 1839 611 1908 lascivientem
631 1865 769 1918 comam,
789 1855 878 1932 prata
893 1841 1027 1908 floribus
1044 1841 1219 1916 nudantes

242 1973 317 2038 gere
331 1951 490 2020 convenit.
509 1949 685 2040 Refrigerat
704 1951 791 2018 enim
807 1949 958 2041 capillum
978 1952 1219 2040 circumpositam

164 2122 166 2130 .
240 2084 331 2135 rona,
348 2072 417 2126 tum
431 2073 563 2150 propter
573 2060 811 2137 humiditatem,
827 2072 898 2126 tum
917 2073 1049 2151 propter
1062 2060 1219 2150 frigiditatem

240 2171 286 2238 Ea
301 2171 341 2237 de
357 2193 452 2238 cansa
474 2169 604 2246 medici,
623 2194 698 2238 cum
719 2171 889 2238 cerebrum
909 2193 978 2236 esse
998 2170 1139 2260 frigidum
1154 2169 1221 2234 obser·

240 2293 328 2357 vent,
344 2294 472 2370 pectora
485 2303 554 2346 esse
568 2280 713 2370 ungenda
726 2279 895 2356 definiunt,
908 2293 942 2346 ct
956 2303 1115 2368 supremas
1125 2278 1221 2364 maipa

239 2407 299 2471 tes,
317 2407 353 2458 ut
375 2393 491 2460 sensim
507 2393 662 2459 transiens
678 2390 779 2459 calida
796 2389 965 2467 exhalatio,
983 2393 1052 2480 ejus
1074 2390 1222 2481 frigiditaten

239 2505 338 2592 possit
352 2501 522 2569 salubriter
536 2503 653 2570 fovere.
668 2503 775 2593 Longe
789 2525 865 2592 ergo
881 2503 983 2578 abest,
1001 2516 1035 2568 ut
1050 2503 1075 2568 is
1086 2503 1122 2568 sit
1136 2499 1222 2566 fahe

238 2612 480 2701 refrigerandus.
498 2612 632 2679 Accedit
646 2614 708 2689 his,
721 2611 807 2702 quod
819 2611 935 2677 florum
951 2634 1079 2701 quoqne
1093 2606 1222 2676 delectatio

237 2745 312 2788 nem
331 2723 514 2812 perdunt'ii
535 2723 590 2812 qui
610 2735 685 2789 sunt
704 2723 857 2788 coronati.
885 2722 1012 2810 Quippe
1032 2743 1092 2788 nec
1111 2721 1169 2808 ejus
1184 2715 1223 2779 viu

237 2823 399 2908 fruuntur,
411 2831 466 2921 qui
478 2831 598 2898 hahent
614 2854 766 2898 coronam
778 2852 872 2920 supra
885 2829 995 2897 oculos
1008 2832 1178 2898 revincturus
1191 2819 1223 2889 al

236 2965 340 3031 neque
356 2943 462 3008 odoris
477 2943 643 3019 suavitate,
656 2965 731 3010 cum
741 2963 835 3030 supra
851 2941 1053 3030 respiratoria
1064 2942 1224 3014 instruunt

234 3054 297 3118 sint
307 3051 412 3118 flores.
425 3051 508 3117 Cum
518 3053 604 3117 enim
616 3052 696 3117 odor
704 3050 881 3117 secundum
891 3062 1040 3117 naturam
1048 3070 1159 3117 sursum
1167 3043 1240 3146 subt

233 3175 321 3228 tatur
330 3160 544 3228 et'exhaletur
555 3184 649 3250 snpra
663 3173 771 3250 eaput,
785 3161 949 3250 respiratio
961 3159 1048 3226 nulla
1060 3156 1225 3234 delectation
1238 3147 1240 3202 l

142 3272 143 3275 ’
233 3272 361 3348 fruitur,
374 3294 450 3339 cum
465 3272 601 3338 suavitas
612 3271 718 3338 odoris
733 3271 919 3359 abripiatur.
937 3269 1030 3337 Sicut
1042 3293 1113 3359 ergo
1126 3261 1227 3357 pulchri·

231 3381 323 3459 tudo,
341 3381 383 3448 ita
399 3382 494 3450 etiam
509 3379 568 3448 llos
583 3377 732 3456 delectat,
749 3379 827 3446 dum
841 3378 966 3444 videtur
981 3401 990 3442 :
1010 3391 1043 3444 et
1058 3387 1167 3467 oportet
1177 3391 1223 3442 aas.

231 3513 428 3579 eorumquae
451 3487 586 3579 pulchra
608 3500 682 3554 sunt
696 3500 825 3576 aspectu
841 3486 996 3562 fruentes,
1012 3485 1106 3558 laude,
1118 3495 1146 3550 et
1156 3475 1226 3570 glarh

231 3598 358 3666 allicere
370 3597 537 3689 Opificem.
553 3597 633 3664 Usus
643 3610 752 3664 autem
764 3619 875 3663 eorum
885 3589 1225 3672 manuducerentur:

229 3709 425 3797 praeteriens,
442 3707 626 3798 poeniteutia
648 3731 706 3775 nos
728 3707 835 3776 allicit.
854 3706 969 3773 Statim
984 3720 1089 3773 autem
1107 3702 1240 3794 probaturi

226 3841 339 3884 eorum
360 3820 433 3885 vitae
453 3820 591 3886 brevitas
608 3820 728 3885 :ambo
755 3819 841 3884 enim
862 3816 1071 3893 flaccescunt,
1094 3827 1124 3881 et
1142 3810 1221 3877 ssas

225 3929 441 4020 pulchritudo.
462 3929 633 4006 Ceterum,
651 3953 705 3997 eos
721 3928 849 4018 quidem
868 3929 921 4018 qui
937 3953 975 3996 ea
990 3935 1174 3996 contractant
1186 3914 1220 3982 ille
