2614 4628
462 291 626 338 oornvtus.
1041 299 1083 366 99

37 410 404 484 remmeonfitentesad
415 414 611 502 negandam,
620 409 767 480 videlicet
777 435 818 479 nc
830 415 983 504 perirent3
997 439 1083 482 exer-

40 539 136 595 centes
147 526 180 590 in
191 523 245 590 his
261 545 459 613 perversam
475 523 694 612 quaestionem,
710 545 775 589 non
790 547 860 613 qne
874 549 984 594 verum
995 551 1085 595 crue-

41 651 97 714 ret,
107 633 161 702 scd
170 655 244 724 quse
255 633 477 700 mendacium
490 645 626 723 cogeret.
641 633 682 697 m
696 633 723 699 si
733 635 803 724 quis
816 635 985 714 infirmior,
999 638 1084 706 maio

45 769 162 838 pressas
175 757 205 810 ct
218 745 358 821 victus,
380 743 589 811 christianum
608 767 642 809 sc
661 753 819 834 negasset,
841 745 1023 814 invehamus
1039 749 1082 825 ei,

52 857 142 948 quasi.
156 857 277 946 ejerato
298 855 452 930 nomine,
467 855 536 942 jam
553 855 660 920 omnia
682 855 763 921 sacta
781 879 836 921 sua
849 855 902 922 ilia
918 859 1086 948 negatione

54 979 192 1059 purgaret.
218 965 459 1055 Agnoscitisne
480 964 591 1029 eadem
615 987 673 1030 nos
694 965 825 1032 sensisse
844 980 877 1032 et
896 969 995 1056 egisse
1016 994 1086 1058 quae
1152 1024 1164 1036 .

55 1077 160 1146 sentitis
168 1086 201 1142 ct
211 1075 357 1164 geritis?
373 1075 473 1150 Cum,
485 1074 510 1140 si
521 1075 614 1151 ratio,
626 1097 691 1140 non
703 1075 860 1165 instigatio
871 1078 1023 1146 demonis
1034 1082 1088 1169 ju.

57 1188 172 1261 dicarat¹
185 1185 330 1274 urgendi
348 1185 464 1273 magis,
477 1207 541 1250 non
557 1195 592 1250 nt
608 1184 820 1251 diffiterentur
836 1211 869 1252 se
885 1187 1083 1268 christianos,

56 1298 106 1364 sed
117 1311 148 1362 nt
163 1295 202 1362 de
216 1295 372 1370 incestis,
386 1295 517 1384 stupris,
531 1295 570 1359 dc
584 1294 721 1384 impiatis
737 1297 847 1374 sacris,
860 1298 900 1362 de
916 1299 1087 1368 infantibus

55 1403 212 1474 immoletis
228 1407 427 1472 faterentur.
446 1405 503 1470 His
515 1405 601 1470 enim
614 1418 647 1470 et
662 1405 846 1494 hujusmodi
862 1407 976 1475 fabulis
991 1410 1087 1477 iidem

54 1519 202 1584 daemom
216 1515 260 1582 ad
274 1514 493 1582 execrationis
508 1514 672 1582 horrorem
687 1516 908 1606 imperitorum
924 1543 1015 1587 aures
1030 1522 1091 1588 ad-

53 1651 155 1694 sersus
168 1650 227 1692 nos
242 1623 446 1692 referserunt
465 1647 472 1689 :
491 1648 551 1692 nec
569 1637 677 1692 tamen
696 1626 827 1704 mirum,
850 1651 926 1695 oum
945 1631 1089 1698 omnium

56 1737 145 1812 nm,
161 1761 233 1828 quas
246 1759 379 1827 semper
395 1737 543 1825 insparsis
557 1737 729 1802 mendaciis
743 1736 852 1814 alitur,
869 1751 994 1806 ostensa
1012 1743 1093 1808 veri-

59 1861 119 1915 tate
128 1849 339 1916 consumitur.
354 1845 412 1914 Sic
422 1857 472 1913 est
483 1847 644 1936 negotium
655 1847 848 1914 daemonnm.
859 1849 909 1915 Ab
921 1850 996 1939 ipsis
1007 1853 1092 1918 enim

65 1983 170 2024 mmor
183 1957 273 2025 iabus
286 1971 321 2026 et
335 1959 467 2034 seritur,
480 1969 513 2024 ct
526 1955 660 2046 fovetur.
675 1958 753 2024 Inde
767 1972 817 2025 est
832 1960 919 2049 quod
934 1962 1044 2028 audire
1059 1975 1091 2029 te

72 2070 148 2136 diois
162 2081 254 2159 caput
265 2071 341 2136 asini
350 2087 427 2134 rem
443 2068 535 2135 nobis
549 2089 617 2134 esse
634 2068 782 2137 divinam.
802 2070 963 2149 Quistam
978 2072 1092 2140 stultus

74 2191 111 2242 ut
123 2179 185 2244 hoc
198 2177 298 2245 colati
308 2181 372 2266 qais
383 2176 511 2244 stultior
527 2188 564 2243 ut
576 2177 640 2244 hoc
653 2177 714 2244 coli
725 2179 857 2245 credat?
868 2179 928 2245 nisi
939 2185 1026 2270 quod
1038 2209 1092 2252 vos

70 2301 102 2354 et
112 2299 193 2354 totos
203 2289 303 2356 asinos
313 2289 343 2354 in
353 2286 489 2355 stabulis
504 2310 581 2354 cum
592 2299 695 2353 vestra
708 2286 758 2354 vel
770 2289 879 2376 Epona
891 2293 1094 2370 consecratis,

66 2412 97 2464 ct
110 2398 237 2465 eosdem
246 2399 348 2464 asinos
362 2421 440 2466 cum
451 2397 535 2464 Iside
550 2397 697 2486 religiose
712 2397 890 2464 decoratis:
906 2399 984 2466 item
999 2404 1097 2468 houm

64 2510 175 2600 capita,
187 2523 221 2576 et
231 2510 335 2599 capita
346 2531 530 2584 vervecum,
542 2520 576 2574 et
587 2507 758 2574 immolatis
770 2520 803 2573 et
814 2507 934 2575 colitis:
951 2511 989 2575 de
1001 2533 1097 2601 capro

61 2622 154 2686 etiam
168 2632 201 2686 ct
217 2621 348 2687 homine
368 2620 484 2685 mixtos
500 2618 589 2696 deos,
606 2631 639 2685 et
660 2617 790 2685 leonum
806 2631 840 2685 et
860 2643 975 2687 canum
992 2620 1097 2688 vuitus

61 2731 134 2797 deos
145 2731 312 2797 dedicatis.
325 2730 438 2796 Nonne
448 2737 481 2794 et
493 2728 588 2818 Apim
598 2731 714 2796 bovem
726 2751 802 2794 cum
814 2728 968 2819 AEgyptiis
980 2732 1096 2800 adora-

62 2841 98 2908 tis
113 2853 145 2907 et
158 2839 314 2930 pascitis?
326 2862 388 2906 nec
401 2862 515 2904 eorum
530 2861 618 2904 sacra
636 2839 790 2904 damnatis
805 2840 948 2906 instituta
964 2865 1096 2932 serpen-

63 2953 157 3028 tibus,
170 2949 355 3026 crocodilis,
368 2947 482 3015 bellois
493 2948 629 3024 caetcris,
643 2961 675 3012 et
686 2949 795 3014 avibus
807 2962 839 3015 et
850 2951 1006 3039 piscibusc
1022 2976 1098 3042 quo-

63 3087 133 3128 mm
146 3061 288 3151 aliquem
301 3061 401 3126 deum
416 3061 441 3126 si
457 3061 526 3148 quis
541 3059 707 3134 occiderit,
720 3061 817 3126 etiam
832 3063 936 3150 capite
953 3065 1095 3150 punitur.
1115 3059 1118 3064 ’

64 3173 162 3240 iidem
177 3171 321 3261 AEgyptii
336 3193 413 3238 oum
426 3168 583 3259 plerisque
599 3170 764 3237 vobiscum
776 3193 841 3238 non
856 3173 956 3260 magis
969 3173 1096 3248 Isidem,

63 3307 157 3374 qnm
168 3306 322 3372 ceparum
334 3280 524 3348 acrimonias
535 3290 698 3352 metuunt:
713 3303 774 3348 nec
786 3282 972 3370 Serapidem
985 3286 1096 3373 magis,

64 3419 158 3484 qmm
171 3393 321 3482 strepitus
336 3415 394 3481 par
409 3389 557 3481 pudendo
574 3391 715 3480 corporis
729 3415 894 3482 expressos
903 3395 1097 3474 ¹contremis-

65 3519 148 3573 onnt.
167 3505 273 3570 Etiam
288 3502 356 3579 illc,
371 3503 426 3592 qui
442 3501 482 3568 de
492 3502 630 3568 adoratis
645 3503 820 3572 sacerdotis
830 3500 971 3570 virilibus
988 3506 1096 3572 advor-

68 3641 133 3684 sam
151 3639 211 3684 nos
231 3613 407 3690 fabulatur,
428 3624 530 3680 tentat
552 3614 584 3679 in
605 3637 663 3680 nos
685 3613 831 3680 consecro
852 3637 922 3701 que
938 3639 994 3684 sua
1009 3628 1094 3682 sunt.

70 3727 126 3792 ista
139 3727 225 3820 enim
239 3725 448 3816 impudicitias
460 3748 573 3792 eorum
588 3723 718 3790 forsitan
731 3745 818 3790 sacra
835 3725 909 3800 sint,
922 3723 1007 3816 apud
1019 3749 1098 3814 quos

70 3858 156 3903 sexus
170 3838 273 3906 omnis
289 3837 444 3903 memhris
458 3835 607 3902 omnihus
623 3845 755 3922 prostat,
772 3835 855 3924 apud
871 3859 950 3923 quos
962 3847 1028 3902 tota
1044 3837 1101 3902 im-

72 3949 212 4034 pudicitia
232 3963 371 4017 vocatur
392 3947 574 4016 urbanitas:
590 3945 646 4035 qui
668 3933 844 4014 scortorum
859 3946 996 4014 licentias
1019 3948 1099 4013 inri-

887 4083 917 4143 7.
