2574 4628
244 259 303 350 196
546 273 719 324 conuensis
745 273 956 321 stnxsnnnrnr

162 449 169 464 t
240 402 358 494 »nient
375 421 444 476 ree,
464 420 540 468 eum
554 398 671 466 ‘statuis
687 395 893 466 crediderint.
913 393 1117 466 »Accedent
1136 391 1239 478 inquam

242 516 323 604 (nee
337 511 423 579 enim
439 511 582 578 desinam
597 531 712 576 vocare
722 511 750 600 )‚
772 503 848 575 viles
867 505 912 572 illi
929 527 967 572 nc
982 495 1236 580 sordidisrtifices.

240 625 365 692 Horum
379 643 454 688 sene
470 643 569 710 nemo
585 621 688 688 vivam
707 637 849 707 unquam
862 630 895 683 et
910 616 1082 706 spirantem
1102 613 1239 702 imaginem

239 733 378 811 effinxit,
395 741 455 798 ⁴eut
469 755 510 798 ex
527 744 611 797 terro
627 741 771 798 teneram
790 752 919 798 semem
938 724 1100 794 emollivit.
1113 723 1239 804 Quisme

241 837 360 906 dullnm
375 837 559 928 liquefecit?
573 839 643 928 quis
658 863 729 906 osse
743 837 928 906 induravit?
944 837 1015 928 quis
1029 853 1138 900 nervos
1152 833 1239 896 disten

241 948 312 1017 dist
332 949 403 1038 quis
421 971 517 1015 venes
532 946 678 1014 inflavit?
700 949 770 1037 quis
795 949 829 1014 in
854 971 907 1014 ees
931 938 1239 1036 sunguineminlirditi

241 1060 311 1149 quis
332 1071 442 1126 cutem
462 1059 702 1127 circumduxit?
716 1061 787 1150 quis
803 1081 917 1126 eorum
935 1078 1077 1147 unquam
1091 1053 1181 1122 oeulis
1193 1077 1206 1118 s
1217 1074 1239 1116 se

240 1170 384 1238 lormntis
395 1172 498 1238 visum
514 1180 564 1238 est
576 1169 739 1262 largitus?
756 1173 827 1261 quis
846 1171 985 1238 animem
1003 1163 1179 1258 inspiravit?
1190 1163 1238 1251 quis

241 1282 357 1350 imbuit
373 1281 516 1370 justitie?
529 1283 602 1370 quis
613 1280 773 1372 pollicitus
792 1291 840 1349 est
857 1274 1148 1348 immortalitatem?
1161 1265 1236 1346 Solos,

242 1392 297 1483 qui
307 1391 376 1458 haec
390 1391 535 1458 universe
545 1391 703 1467 condidit,
716 1389 929 1458 nobilissimus
939 1385 1052 1456 artilex
1062 1383 1237 1476 psterhujne

241 1502 328 1572 modi
343 1524 402 1568 nos
416 1501 587 1569 animatam
602 1501 784 1592 imaginem.
798 1499 976 1578 hominem,
991 1495 1145 1564 formavit.
1161 1491 1237 1580 Olyn-

240 1613 313 1704 pius
324 1621 431 1679 eutem
443 1623 558 1689 vester,
570 1611 715 1701 imaginis
725 1611 823 1700 hujus
838 1611 955 1700 imago,
968 1607 1145 1697 longissime
1155 1604 1236 1672 disne

241 1721 915 1814 permanentem,stupidumestdttieernm
925 1713 1233 1786 mannumertilioiun.

242 1832 299 1899 Est
313 1833 400 1900 enim
418 1833 522 1922 imago
536 1832 609 1907 Dei,
626 1833 696 1921 ojus
711 1831 870 1907 Verbum
889 1832 1004 1898 mentis
1020 1851 1134 1918 nempe
1146 1847 1235 1916 geme

243 1967 304 2012 nus
329 1943 426 2024 iilius,
448 1944 591 2010 divinum
610 1942 766 2020 Verbum,
784 1939 865 2010 lueis
885 1941 1060 2029 archetype
1088 1934 1146 2003 lux.
1168 1931 1233 2000 Verbi

243 2065 353 2123 eutem
373 2054 478 2144 imago
502 2065 551 2120 est
568 2053 677 2120 homo.
704 2053 761 2120 Est
778 2053 866 2119 enim
884 2053 917 2117 in
938 2049 1071 2116 homine
1084 2069 1152 2114 vere
1164 2061 1235 2113 mens,

243 2163 297 2254 qui
312 2163 357 2236 ud
373 2167 555 2257 insaginem
569 2180 600 2231 et
615 2160 891 2248 similitudinem¹
908 2162 966 2228 Dei
982 2171 1146 2250 propterea
1163 2157 1236 2244 sactu

242 2297 311 2342 esse
332 2274 468 2351 diciturs
487 2273 593 2341 cordis
616 2295 731 2363 nempe
754 2283 849 2362 etque
870 2272 966 2338 enimi
982 2271 1031 2339 sui
1054 2291 1144 2336 sensu
1163 2262 1237 2331 dirim

243 2384 350 2454 Verbo
378 2407 441 2452 seu·
456 2383 583 2454 Retioni
602 2383 805 2461 assimilatus,
824 2363 927 2474 eoque
949 2383 1109 2474 particeps
1129 2375 1233 2448 rationis.

243 2493 453 2586 depectehilis
476 2505 584 2588 entem
604 2493 701 2583 hujus
724 2517 761 2561 ee
785 2495 951 2584 terrigenae
973 2493 1112 2560 hominis
1133 2503 1235 2556 terrem

242 2603 408 2693 imagines,
430 2613 551 2668 statues
565 2600 686 2668 seilicet
705 2600 880 2669 humanam
895 2602 1108 2691 exprimentes
1127 2599 1234 2687 figuram.

247 2711 369 2779 caduce
390 2723 423 2778 et
445 2709 565 2801 fragilis
587 2709 768 2789 simulacre,
785 2735 887 2800 enque
909 2713 1076 2780 severitate
1090 2706 1235 2778 alienissime

245 2844 326 2900 esse,
342 2822 544 2890 menifestum
556 2833 615 2888 est.
635 2822 726 2890 Unde
741 2847 807 2890 non
822 2823 1018 2913 potuit·mihi
1035 2826 1097 2891 vita
1111 2819 1236 2889 hominen

247 2953 313 2998 non
329 2930 429 2999 videri
450 2929 544 3022 plens
565 2929 694 3010 luroris,
715 2957 785 3022 quse
808 2945 898 3002 tento
918 2935 951 3000 in
972 2935 1104 3000 materia
1118 2929 1236 2998 studioso

245 3038 359 3109 erdere
370 3053 493 3108 verseta
504 3052 562 3107 est.
577 3039 666 3108 Vana
677 3062 774 3130 porro
785 3041 894 3132 opinio
902 3043 988 3110 hene
999 3039 1236 3110 consuetudinem

246 3175 317 3240 quse
343 3152 484 3218 servituti
509 3175 579 3227 vos,
605 3151 753 3241 curisque
774 3151 940 3222 inutilibus
962 3177 1002 3221 ec
1024 3153 1136 3221 rationi
1158 3163 1237 3239 porum

199 3249 201 3256 Α
246 3262 468 3329 consentaneis
487 3263 639 3351 subjecit,
661 3262 716 3331 elit
736 3276 830 3352 atque
848 3274 1013 3330 sustentat.
1039 3263 1163 3332 Rituum
1180 3257 1238 3324 enin

245 3369 438 3461 impiorum,
464 3370 642 3461 harumque
670 3370 829 3439 fallacium
856 3371 1070 3440 imitationum
1101 3367 1237 3462 ignoratio.

246 3479 424 3546 execranda
453 3478 622 3548 simulacre
651 3481 847 3558 fabricandi,
874 3505 1000 3570 unoque
1031 3481 1239 3548 tristissimum

247 3585 386 3654 cladium
411 3565 505 3655 caiisa
534 3589 674 3657 humano
698 3592 806 3681 generi
832 3587 956 3666 extitit,
980 3591 1079 3660 varias
1100 3592 1239 3656 daemossuffl

244 3696 366 3770 ‚formas
382 3713 579 3780 commento,
601 3714 634 3766 ot
662 3701 699 3768 iis
723 3703 776 3791 qni
802 3703 902 3791 ipsam
923 3714 1111 3792 sequnntur,
1129 3693 1239 3764 omnibus

246 3805 405 3872 diuturnos
440 3809 551 3876 mortis
586 3821 695 3877 notam
728 3810 897 3900 impressit.
928 3809 1151 3879 Rationalilem
1174 3801 1240 3893 igilur

278 3933 446 3994 medeas.
1065 3928 1068 3934 “
