2738 4628
531 299 692 344 ocravms.
1084 277 1123 361 75

88 417 278 486 moniis
299 429 406 504 etque
420 417 500 484 fanis
517 429 642 484 tantum
653 415 825 482 sanctitatis
841 415 982 482 tribuere
997 437 1127 482 eonsue-

87 530 138 602 ait,
153 539 313 614 quantum
326 529 504 594 astruxerit
519 526 691 593 vetustatis.

124 637 192 704 llll.
211 637 276 706 llec
294 651 415 706 tamen
426 652 562 714 temere,
575 639 675 704 ausim
686 639 772 705 enirn
787 634 913 706 interim
925 648 957 702 et
967 637 1036 724 ipse
1046 661 1125 706 con-

18 815 24 826 ,
90 748 197 813 cedere
208 762 236 814 ct
251 750 300 815 sic
318 749 444 816 melias
460 772 579 824 errare,
591 750 727 837 majores
741 748 840 814 nostri
854 759 908 812 aut
919 747 1123 814 observandis

92 859 213 946 augariis
229 871 287 923 sut
309 860 402 926 extis
418 859 634 934 consulendis,
655 870 711 924 aut
724 856 923 924 instituendis
944 857 1052 933 sacris,
1069 867 1123 922 aut

93 966 215 1054 delubris
238 969 440 1038 dedicandis
459 991 589 1058 operam
610 980 812 1035 navaverunt.
835 967 949 1056 Specta
974 966 1013 1032 de
1032 953 1122 1032 libris

91 1081 255 1155 nenaorias,
273 1082 350 1167 jam
363 1105 422 1147 eos
437 1081 653 1169 deprehendes
665 1079 802 1146 initiasse
820 1079 899 1144 ritas
911 1079 1054 1144 omnium
1069 1101 1122 1144 re-

91 1184 239 1276 ligionum,
256 1189 311 1256 rel
335 1203 377 1256 ut
402 1201 659 1258 remuneraretur
681 1189 784 1255 divina
799 1188 1007 1278 indulgentia,
1021 1186 1069 1254 vel
1085 1201 1121 1254 ut

89 1310 270 1366 averteretur
289 1301 472 1367 imminens
492 1302 551 1376 ira,
576 1312 631 1366 aut
649 1312 685 1364 ut
702 1301 769 1388 jam
791 1312 917 1365 tumens
941 1311 974 1364 et
992 1299 1120 1364 saeiiens

84 1401 263 1492 placaretur.
279 1407 392 1474 Testis
410 1421 516 1474 mater
526 1409 621 1486 ldaea,
633 1433 703 1497 quae
715 1409 852 1475 adventu
863 1431 921 1474 sao
929 1415 964 1473 'et
975 1409 1120 1498 probavit

84 1526 229 1582 matronas
241 1519 444 1595 castitatem,
457 1529 490 1584 et
501 1520 613 1586 urbem
624 1530 713 1584 metu
724 1517 829 1586 hostili
842 1518 996 1584 liberavit.
1009 1518 1118 1585 Testes

84 1629 273 1711 turrestrium
288 1629 433 1695 fratrum
447 1630 480 1694 iu
492 1627 576 1705 lacu,
592 1629 674 1696 sicut
685 1630 903 1704 detonderunt,
919 1639 1029 1697 statuae
1044 1625 1119 1694 con·

86 1749 221 1815 moratae,
236 1739 292 1827 qui
305 1738 448 1814 anhelis,
461 1740 680 1828 spumantibus
695 1740 783 1826 equis
799 1751 894 1828 atque
910 1737 1117 1814 fumantibus,

89 1847 125 1912 de
138 1847 233 1914 Perse
246 1849 419 1915 victoriam
435 1850 547 1916 eadem
566 1849 691 1938 dieque
710 1850 863 1926 fecerant,
879 1850 1113 1916 nuntiaverunt.

88 1955 190 2021 ‘lestis
201 1955 350 2024 ludomm
367 1959 483 2024 offensi
498 1958 584 2024 Jovis
595 1960 636 2024 de
650 1963 761 2026 somno
776 1958 891 2048 plebeii
906 1959 1042 2026 hominis
1057 1960 1118 2025 ite-

97 2065 176 2130 ratio
189 2087 197 2128 :
208 2079 238 2130 et
249 2067 419 2134 Deciorum
432 2068 558 2134 devotio
569 2081 635 2154 rata
647 2049 735 2134 testis
746 2081 803 2134 est.
817 2067 918 2134 Testis
929 2079 961 2132 et
973 2069 1113 2146 Curtius,

100 2173 153 2260 qui
166 2176 276 2260 equitis
288 2177 336 2240 sui
349 2175 395 2242 rel
411 2175 497 2241 mole
514 2175 562 2243 vel
576 2177 698 2243 honore
709 2176 1011 2265 hiatum'profundae
1022 2199 1115 2242 vora-

94 2283 173 2370 ginis
187 2287 365 2373 coaequarit.
385 2286 601 2374 Frequentius
618 2283 713 2358 etiam
731 2309 826 2374 quam
837 2286 1030 2362 volebamus,
1043 2288 1116 2352 deo·

90 2415 159 2459 ram
180 2397 380 2483 presentiam
401 2405 585 2482 contempta
605 2395 742 2483 auspicia
762 2404 936 2459 contestata
955 2406 1037 2460 sunt.
1063 2395 1117 2461 Sic

87 2499 163 2565 Attis
181 2523 302 2568 nomen
324 2502 508 2568 infaustum.
527 2500 725 2568 Sic'Claudii
741 2513 774 2565 et
789 2497 876 2566 lanii
896 2524 959 2568 non
974 2499 1117 2590 praelium

86 2607 117 2674 in
138 2608 266 2688 Ptenos,
283 2610 343 2676 sed
359 2608 456 2675 ferale
477 2609 676 2699 naufragium
695 2621 751 2674 ast.
774 2609 814 2674 Et
831 2621 865 2675 ut
880 2608 1115 2698 Thrasymenus
1229 2668 1235 2680 ,

83 2717 303 2787 Romanorum
318 2720 470 2810 sauguine
493 2731 525 2784 et
540 2720 643 2808 major
661 2731 755 2795 esset,
777 2729 810 2784 et
834 2718 973 2796 decolor,
997 2723 1113 2810 sprevit

83 2833 207 2919 auguria
223 2831 423 2904 Flaminius,
446 2843 479 2896 et
502 2843 538 2895 ut
557 2829 688 2896 Parthos
704 2829 798 2919 'signa
820 2844 1010 2920 repetamus,
1028 2832 1112 2898 dira-

83 2963 152 3004 rum
175 2943 427 3030 imprecationes
454 2941 583 3006 Crassus
603 2952 636 3006 et
656 2941 783 3017 meruit,
806 2953 837 3006 et
859 2942 962 3008 irrisit.
991 2942 1112 3008 Omitto

82 3061 181 3116 vetera
191 3069 271 3140 quae
283 3050 383 3116 multa
395 3060 480 3126 sunt,
497 3062 530 3114 et
541 3050 580 3115 de
595 3050 728 3116 deorum
740 3049 908 3126 natalibus,
923 3051 1026 3126 donis,
1039 3073 1113 3116 mu-

81 3162 208 3228 nffl'bus
229 3186 239 3224 τ
260 3160 386 3250 negligo
412 3160 550 3226 carmina
574 3167 739 3250 poetarum
757 3183 764 3224 :
785 3160 936 3249 praedicta
957 3160 1052 3225 etiam
1073 3159 1112 3226 de

81 3272 216 3338 oraculis
230 3272 297 3337 fata
311 3269 467 3347 transilio,
483 3267 524 3336 ne
538 3273 630 3338 nobis
644 3271 812 3360 antiquitas
824 3270 959 3336 nimium
970 3268 1110 3337 fabulosa

80 3381 232 3447 rideatur.
251 3380 391 3447 lntende
406 3377 531 3469 templis
545 3402 585 3447 ac
606 3377 744 3447 delubris
760 3380 895 3444 deorum
916 3378 1029 3467 quibus
1044 3379 1110 3446 Ro-

81 3513 167 3557 mana
184 3492 300 3558 civitas
314 3502 348 3556 et
364 3490 540 3578 protegitur
554 3503 586 3555 et
604 3500 752 3564 ornatur;
774 3490 873 3579 magis
891 3500 963 3554 sunt
979 3501 1109 3579 augusta

81 3603 262 3668 numinibus
285 3598 412 3675 incolis,
439 3600 656 3687 presentibus,
685 3597 861 3686 inquilinis,
885 3620 978 3685 quam
1004 3598 1108 3664 cultus

81 3711 251 3802 insignibus
265 3725 299 3776 et
314 3709 502 3776 muneribus
516 3709 674 3799 opulenta.
694 3708 773 3776 lude
788 3707 866 3772 adeo
876 3706 960 3796 pleni
969 3709 1009 3773 'et
1020 3707 1109 3773 mixti

82 3820 137 3888 deo
147 3834 234 3887 rates
252 3821 362 3886 futura
373 3831 588 3909 praecerpunt,
599 3819 676 3884 dant
688 3815 842 3888 cautelam
853 3815 1013 3906 periculis,
1026 3839 1109 3880 mor-

83 3931 128 3998 bis
137 3930 308 4009 medelam,
322 3951 415 4020 spem
426 3929 561 4003 afflictis,
574 3950 667 4017 opem
678 3927 810 4003 miseris,
826 3926 971 3994 solatium
984 3922 1108 3994 calami-
