2614 4628
215 301 255 364 80
565 314 595 358 n.
623 315 747 360 urnarrr
772 314 891 360 rancis

214 433 362 526 putandi,
387 394 472 522 quod
497 430 701 522 plerumque,
733 453 791 522 pro
819 431 1040 499 disserentium
1061 431 1182 501 viribus
1211 449 1244 502 et
1305 419 1306 422 Ἴ

213 546 399 636 eloquentiae
423 555 590 633 potestate,
613 544 709 608 etiam
733 544 908 632 perspicuas
935 544 1073 609 veritatis
1098 547 1241 612 conditio

213 668 364 724 mutetur.
388 653 426 718 ld
445 653 588 719 accidere
610 665 779 740 pernotum
802 665 850 718 est
872 651 1053 721 auditorum
1076 655 1240 731 facilitate,

214 768 267 855 qui
283 766 360 830 dum
381 764 549 828 verborum
570 761 726 828 lenocinio
747 785 765 826 a
789 785 897 828 rerum
921 764 1147 830 intentionibus
1164 789 1241 832 aro-

213 887 340 951 cantur,
362 875 429 939 sine
452 857 576 938 delect'u
598 873 812 936 assentiuntur
834 872 926 937 dictis
948 874 1119 940 omnibus:
1140 899 1239 942 neca

212 987 305 1052 rectis
321 982 394 1050 falas
411 994 594 1057 secernunt,
610 982 786 1047 nescientes
797 981 898 1046 inesse
912 993 944 1045 et
956 982 988 1047 in
1001 983 1178 1049 incredibili
1189 1009 1241 1052 re-

211 1120 297 1172 rum,
310 1107 342 1160 et
354 1095 386 1159 in
395 1091 555 1158 verisimili
567 1091 778 1157 mendacium.
794 1090 904 1180 ltaque
915 1115 979 1179 quo
991 1095 1103 1182 saepius
1114 1117 1241 1161 assere-

210 1206 383 1272 rationibus
395 1202 588 1279 credunt,co
599 1201 794 1291 frequentius
806 1224 823 1265 a
834 1202 1037 1290 peritioribus
1048 1216 1234 1294 arguuntur.

210 1317 264 1383 Sie
283 1315 406 1383 assidue
422 1313 599 1378 temeritate
615 1312 739 1401 decepti
761 1309 887 1399 culpam
906 1313 1019 1402 judicis
1044 1313 1238 1380 transierunt

209 1427 249 1492 ad
265 1427 377 1492 incerti
393 1422 567 1513 querelam,
582 1435 618 1487 ut
634 1421 789 1489 damnatis
805 1423 952 1489 omnibus
967 1423 1078 1490 malint
1090 1426 1235 1490 universa

208 1535 411 1627 suspendore,
429 1557 523 1623 quam
539 1533 578 1598 de
594 1532 756 1601 fallacibus
770 1536 923 1626 judicare.
942 1536 1042 1624 Igitur
1056 1535 1148 1601 nobis
1164 1559 1236 1624 pro·

207 1646 379 1714 ridendum
393 1657 453 1721 est,
465 1667 506 1710 ne
521 1644 594 1711 odio
609 1644 781 1711 identidem
794 1669 977 1712 sermonum
994 1645 1137 1711 omnium
1149 1644 1236 1711 labo-

206 1779 328 1828 remus;
347 1758 390 1821 ita
406 1756 484 1820 utin
496 1755 728 1822 execrationem
740 1769 772 1820 et
786 1757 895 1822 odium
913 1756 1079 1822 hominum
1091 1754 1235 1846 plerique
1252 1799 1256 1807 ·

206 1867 410 1956 simpliciores
422 1865 603 1931 efferantur.
620 1865 698 1933 Nam
711 1867 837 1934 incaute
849 1866 970 1934 creduli
982 1867 1234 1934 circumveniun-

205 1975 257 2043 tur
272 1979 311 2043 ab
327 1975 376 2041 his
397 1999 476 2065 quos
496 1977 598 2041 bonos
621 1989 835 2066 putaverunt:
855 2001 929 2044 mox
947 2001 1055 2044 erroro
1076 1977 1234 2046 consimili

203 2091 268 2178 jam
291 2087 443 2176 suspectis
467 2087 626 2160 omnibus,
645 2099 678 2150 ut
697 2087 858 2176 improbos
879 2099 1026 2154 metuunt
1039 2088 1135 2154 etiam
1150 2109 1232 2177 quos

203 2200 338 2288 optimos
350 2197 465 2262 sentire
476 2207 659 2287 potuerunt.
672 2198 735 2263 Nos
746 2199 878 2288 proinde
889 2196 1026 2274 solliciti,
1035 2199 1120 2287 quod
1132 2200 1233 2265 utrin-

202 2333 264 2399 que
279 2307 366 2374 omni
381 2308 507 2396 negotio
523 2307 706 2384 disseratur,
719 2319 751 2372 et
763 2333 802 2374 ex
819 2306 917 2373 altera
933 2321 1023 2397 parte
1041 2308 1231 2399 plerumque

201 2419 334 2486 obscura
346 2417 384 2482 sit
394 2404 519 2490 veritas,
530 2440 569 2482 ex
579 2415 678 2481 altero
690 2415 787 2482 latere
798 2419 876 2482 mira
889 2418 1055 2494 subtilitas,
1069 2442 1138 2506 quae
1150 2443 1233 2487 non-

200 2517 363 2616 nunquam
376 2529 519 2591 ubertate
531 2526 657 2591 dicendi
669 2526 766 2591 fidem
778 2507 929 2594 conle‘ssae
943 2530 1136 2617 probationis
1157 2531 1231 2596 imi·

200 2650 302 2710 tetur;
321 2635 498 2725 diligenter,
515 2649 668 2723 quantum
682 2649 797 2724 potest,
815 2637 934 2728 singula
951 2639 1178 2727 ponderemus,
1191 2653 1232 2706 ut

199 2746 334 2836 argutias
357 2745 484 2834 quidem
503 2744 643 2823 laudare,
660 2770 696 2812 ea
716 2770 873 2835 veroquae
895 2761 979 2815 recta
1000 2760 1073 2815 sunt
1094 2748 1229 2839 eligere,

197 2860 344 2947 probare,
362 2857 520 2944 suscipere
534 2857 702 2945 possimus.

240 2966 311 3034 XV.
333 2965 467 3032 Decedis
482 2966 602 3055 (inquit
621 2967 785 3059 Caecilius)
808 2967 912 3036 officio
926 2971 1041 3058 judicis
1056 2969 1193 3060 religiosi
1214 2995 1223 3036 ε

196 3101 270 3144 nam
284 3078 492 3167 perinjurium
507 3091 567 3153 est,
579 3078 660 3143 vires
671 3091 703 3143 to
717 3079 849 3145 actionis
864 3103 941 3146 meae
953 3082 1143 3170 intergressu
1155 3105 1230 3170 gra·

196 3189 327 3254 vissimae
344 3187 561 3277 disputationis
585 3187 767 3277 infringere,
788 3212 862 3255 cum
878 3191 1026 3257 Octavius
1049 3191 1170 3280 integra
1189 3203 1229 3256 et

196 3295 313 3363 illibata
328 3297 443 3364 habeat
459 3297 593 3387 singula,
608 3299 634 3362 si
649 3310 753 3386 potest
773 3299 918 3366 refutare.
942 3301 991 3376 ld,
1008 3301 1093 3388 quod
1112 3285 1229 3368 crimi-

74 3495 76 3500 .
193 3403 292 3482 naris,
307 3407 449 3495 inquam,
465 3408 498 3472 in
514 3429 697 3484 commune,
714 3409 773 3473 nisi
785 3409 887 3486 lallor,
904 3410 1128 3498 compendium
1144 3434 1228 3500 pro-

195 3515 265 3593 tuli,
281 3529 317 3581 ut
331 3517 475 3583 examine
495 3516 680 3605 scrupuloso
695 3529 836 3585 nostram
857 3521 1044 3586 sententiam
1068 3543 1133 3586 non
1152 3518 1227 3586 elo·

194 3627 330 3716 quentiae
353 3638 489 3702 tumore,
512 3626 567 3692 sed
587 3651 694 3693 rerum
710 3630 849 3717 ipsarum
874 3630 1029 3697 soliditate
1051 3628 1220 3696 libremus.

193 3737 260 3804 Nec
281 3717 454 3811 rivocanda,
476 3738 562 3825 quod
586 3740 739 3827 quereris,
757 3741 874 3808 diutius
894 3743 1040 3818 intentio,
1060 3765 1134 3808 cum
1152 3753 1225 3807 toto

193 3845 316 3912 silentio
332 3845 424 3915 liceat
437 3850 674 3937 responsionem
688 3850 828 3920 ianuarii
844 3854 954 3932 nostri,
967 3855 1031 3942 jam
1043 3853 1221 3943 gestientis,

193 3957 310 4023 audire.
586 3955 590 3966 ’
1082 4005 1096 4034 0
