2448 4610
336 195 407 276 -456
655 211 827 257 cununnrts
852 206 1058 253 ιιιιιιιιιιιιιιιιι
1100 233 1102 240 ,

341 358 404 422 qua
416 355 476 423 ego
486 343 517 398 te
531 331 702 409 deducam,
715 331 897 399 amesmihi
907 333 1051 420 prebens
1064 351 1080 392 a

341 475 354 507 s
371 445 413 510 bo
425 442 481 508 tihi
493 442 657 509 thesauros
672 439 983 518 aroauos,oeoultos,
993 451 1028 503 et
1040 438 1086 527 qui

342 551 474 618 »dorda
489 553 702 642 agentibus‚a
714 552 805 618 nohis
817 564 922 618 nutem
935 560 1083 639 possunt:

343 663 481 728 thesauri
489 686 554 730 non
565 673 699 753 possunt
707 661 844 729 defluere
854 683 863 726 :
873 683 952 750 quos
961 657 1064 725 admir

342 799 356 834 s
373 770 582 860 profunditas,
600 772 722 858 inquit,
738 771 917 837 divitiarum
937 781 970 834 et
985 767 1107 856 sapieu'

343 869 450 946 autem
465 879 557 946 multi
572 881 613 946 ah
624 903 690 946 uuo
703 880 770 946 Deo
784 879 1050 970 suppeditantur:
1065 878 1093 944 ti

342 1012 428 1080 gem,
445 988 488 1055 illi
503 1013 578 1056 vero
592 1013 651 1080 per
666 991 838 1080 Prophetas
855 987 1062 1055 revelantur:

345 1121 402 1176 no,
415 1096 494 1164 alius
509 1121 584 1165 vero
602 1098 821 1188 heptachordo
836 1096 973 1186 Spiritus
994 1095 1085 1162 eone'
1105 1096 1110 1108 '

345 1218 410 1274 tem
426 1229 507 1272 unus
525 1207 694 1282 Dominus,
712 1218 760 1272 est
776 1207 862 1273 idem
883 1229 941 1295 per
962 1206 1024 1273 hos
1048 1229 1067 1270 o

344 1317 404 1383 flio
427 1329 475 1382 est
497 1339 584 1406 ergo,
604 1318 692 1405 quod
708 1317 814 1382 omnia
836 1317 1026 1383 summatim
1048 1339 1085 1384 eo

346 1439 493 1515 septum,
514 1439 548 1492 et
568 1426 609 1492 ad
632 1427 728 1494 vitam
749 1424 835 1493 utilis
853 1426 1056 1494 admonitio:
1076 1451 1088 1488 ι

344 1537 463 1604 »vultis
479 1549 515 1602 ut
527 1537 618 1603 'vohis
634 1536 752 1604 faciant
766 1536 925 1613 homines,
944 1560 1001 1603 vos
1018 1560 1065 1625 qu

345 1645 480 1712 Possunt
500 1645 597 1712 etiam
617 1644 741 1712 duobus
766 1647 872 1713 omnia
895 1659 1059 1735 praeoepta
1080 1669 1112 1714 eo

348 1757 426 1824 dioit
436 1755 614 1823 Dominus:
633 1754 773 1845 :Diliges
788 1755 892 1823 Deum
907 1766 1001 1820 tuum
1020 1755 1056 1820 in
1070 1767 1127 1820 toto

349 1865 412 1930 »in
433 1875 500 1930 tota
517 1864 621 1929 anima
640 1875 707 1939 tua,
725 1876 757 1928 et
775 1864 808 1928 in
834 1873 898 1928 tota
917 1863 1038 1929 virtute
1058 1874 1121 1935 tua:

348 2003 361 2038 s
377 1988 470 2040 tuum
482 1975 564 2040 siout
575 1973 712 2062 teipsum
720 1973 742 2038 ⁴.
758 2002 771 2037 s
786 1972 959 2040 Deindeex
969 1971 1022 2039 his
1036 1973 1138 2040 infert·

349 2086 518 2174 »pandent
533 2095 599 2148 toto
617 2083 683 2150 Lex
703 2096 734 2150 et
753 2083 928 2173 Prophetae.
950 2082 1058 2150 »Jam
1072 2105 1135 2150 vero

348 2194 482 2284 rogavit,
500 2193 612 2273 «Quid
627 2193 741 2260 faciam
754 2205 791 2259 ut
811 2195 882 2258 vitae
901 2205 1033 2260 eternas
1048 2195 1095 2261 ha

349 2332 363 2367 s
379 2303 493 2369 deam?
505 2303 595 2370 Nosti
604 2287 752 2369 mandata
762 2302 816 2366 ‘ii
831 2301 1004 2391 respondit.
1021 2303 1087 2383 Qui
1098 2327 1130 2370 eu

349 2413 424 2479 1100
437 2415 505 2501 fao,
519 2415 644 2499 inquit,
660 2429 690 2478 ot
699 2412 811 2479 suiuus
825 2415 900 2478 erit.
915 2410 1137 2480 Verumtamen

348 2522 477 2589 tinctius
492 2521 678 2588 adducenda
694 2521 858 2612 Poedagogi
873 2521 1054 2610 benignitas
1068 2546 1121 2612 per
1140 2555 1141 2558 ¹

347 2631 427 2697 turia
441 2643 611 2720 prmoapta,
628 2641 664 2696 ut
678 2655 718 2696 ex
731 2632 857 2721 copiosa
872 2631 973 2698 salute
993 2644 1028 2697 et
1043 2632 1175 2720 Soriptud

347 2740 475 2806 natione
484 2762 522 2804 ea
533 2740 709 2829 promptius
720 2740 927 2808 inveniamus.
939 2741 996 2806 m:
1008 2742 1111 2818 nobis,
1122 2737 1175 2828 quip

348 2849 440 2914 datus
462 2863 522 2923 est,
545 2847 734 2938 Deeaiogus,
756 2850 891 2941 simplici
911 2864 943 2916 et
968 2854 1064 2918 unius
1079 2846 1175 2941 genuit

350 2956 542 3048 significans,
570 2955 740 3024 salutarem
760 2960 898 3048 peecatis
916 2951 1175 3049 appellationunt'

1173 2583 1175 2634 ι

355 3067 453 3138 «Non
462 3065 681 3134 mechaberis.
695 3065 784 3134 Idola
794 3091 858 3134 non
870 3068 1026 3134 adorabis.
1040 3069 1139 3137 Pueris
1147 3075 1175 3130 stt

348 3178 502 3244 sintenes.
530 3176 600 3244 Nou
619 3176 783 3244 furaberis.
810 3178 879 3245 Non
903 3178 988 3247 dices
1010 3177 1120 3245 falsum
1141 3186 1175 3240 tet

351 3315 365 3352 s
378 3287 505 3354 Honore
526 3297 649 3375 patrem
668 3297 762 3353 tuum
777 3299 810 3356 et
825 3299 960 3357 matrem
975 3301 1065 3356 tuam
1076 3287 1098 3364 ⁸,
1114 3295 1175 3350 »att

350 3409 598 3485 consequuntur.
616 3397 692 3464 Haee
715 3410 789 3464 sunt
805 3423 825 3464 a
838 3399 929 3464 nohis
944 3399 1107 3474 servanda,
1121 3407 1175 3480 etp

352 3505 412 3572 alia
432 3507 465 3573 in
486 3505 624 3574 iaetione
643 3507 710 3595 ipsa
731 3505 907 3576 Bibliorum
928 3503 1057 3599 praeoipi
1078 3501 1175 3573 ridehiu

353 3613 451 3682 Porro
471 3627 577 3684 autem
598 3618 740 3708 praeeipit
761 3617 856 3688 etiam
874 3641 932 3708 per
957 3619 1081 3687 Esaiam
1097 3640 1104 3682 ε
1119 3610 1175 3679 ὼ

384 3755 1175 3820 trienna-monn,13.-2tuc.v1,51.-⁴untt‚n

351 3835 412 3884 Luc.
425 3847 449 3894 x,
458 3848 499 3900 ²7·
508 3833 556 3875 --ι
568 3833 608 3885 ld.
622 3849 691 3895 ιιιιι,
706 3833 797 3894 18,ao;
811 3850 836 3894 x,
849 3835 886 3895 25,
901 3833 939 3895 26,
950 3850 989 3898 η,
1004 3835 1041 3884 28.
1050 3827 1170 3880 -OExod-
