2532 4608
380 235 595 286 Δοτοοιιιτοο
618 237 680 280 mr.
708 235 761 279 vu.
1042 211 1108 296 ,3277

172 359 294 424 flsbent
304 359 518 430 suavissimas,
532 367 563 416 et
573 353 648 416 nibil
660 354 698 414 od
710 372 767 415 nos
776 351 854 416 redit
866 368 905 414 ex
918 353 973 414 uie
1098 387 1101 402 ι

169 466 372 540 Praeterquam
384 469 457 520 seta
470 468 501 518 et
512 455 610 517 lutum
621 467 652 516 et
664 455 789 516 clamor.

68 599 161 667 Unde
172 601 268 667 etism
281 597 409 666 dicebat
425 595 579 684 AEsopua,
596 594 756 662 «maxime
771 590 913 660 ciamare
929 613 1021 666 sues,
1038 591 1110 678 quia

66 707 217 798 »quando
232 705 404 774 trabuntur
419 701 601 792 intelligunt
615 720 650 768 se
675 702 715 768 ud
736 697 815 767 nibil
834 697 1004 764 aliudesse
1021 696 1112 764 utiles

64 815 232 904 »quemad
244 812 472 881 sacrificium.»
489 809 651 893 Quocirca
666 806 835 876 Cleanthes
842 829 971 895 quoque
986 806 1117 873 dicebat·

64 947 118 994 eor
128 947 185 1010 pro
198 923 261 989 sele
276 923 386 988 bebere
396 919 549 995 ociorem,
562 942 601 983 ue
615 923 943 1004 cerues‘putreseer'eut.
961 913 1022 982 Alii
1034 917 1111 1006 ergo

63 1053 108 1098 eo
121 1042 305 1106 vescuntur,
331 1028 438 1118 utqui
458 1028 498 1094 sit
511 1025 655 1094 inutilis:
677 1024 728 1094 elii
746 1048 842 1102 vero,
861 1024 969 1111 utqui
987 1023 1111 1090 sructns'

62 1139 226 1230 perimat:
243 1149 277 1204 et
288 1135 341 1205 elii
352 1157 392 1203 eo
409 1146 672 1210 convescuntur,
686 1134 773 1222 qnod
787 1133 828 1198 sit
840 1129 954 1200 animal
969 1130 1110 1219 proclive

64 1248 112 1314 nd
126 1246 259 1314 coitum.
274 1246 319 1312 Ea
330 1244 452 1312 ratione
463 1265 569 1331 neque
583 1241 711 1310 hircum
722 1240 773 1308 lex
787 1237 964 1316 sacrificat,
981 1247 1112 1328 praeter'·=

67 1377 167 1443 quam
188 1365 317 1443 propter
337 1350 435 1420 soient
455 1350 614 1420 melorum
634 1347 885 1440 ablegationem,
912 1348 1113 1436 qsrandoqui-

68 1462 143 1529 dem
156 1460 296 1549 voluptas
308 1471 356 1526 est
374 1455 501 1526 melitite
515 1456 712 1548 metropolis.
729 1457 803 1524 Jam
822 1479 898 1524 vero
914 1455 1111 1524 hiremarum

66 1589 192 1657 quoque
208 1567 351 1636 carnium
367 1587 460 1634 mum
475 1567 590 1633 dicunt
608 1565 754 1634 conferre
774 1565 817 1631 ad
833 1565 985 1632 morbum
1008 1565 1112 1632 comi-

33 1751 35 1754 ·
66 1674 175 1742 tialem
192 1697 201 1742 t
216 1675 328 1744 dicunt
339 1685 446 1742 autem
455 1685 489 1740 et
502 1675 678 1742 maximum
688 1684 897 1764 augmentum
908 1671 977 1738 fieri
988 1695 1028 1739 ex
1040 1696 1112 1740 car-

67 1782 164 1850 nibus
174 1783 327 1874 porcinis.
339 1781 503 1872 Quocirca
512 1781 552 1848 iis
562 1781 692 1870 quidem
703 1783 758 1870 qui
770 1805 886 1871 corpus
897 1793 1048 1848 exercent
1059 1795 1108 1848 est

66 1887 169 1966 mita,
178 1889 330 1954 fisautms
339 1889 392 1975 qui
403 1889 505 1977 ipsam
513 1900 673 1955 conentur
682 1911 799 1984 augere
806 1889 947 1956 animum
959 1939 969 1966 ,
980 1901 1109 1978 propter

64 2018 220 2086 eamquc
230 2018 270 2061 ex
280 2019 338 2062 esu
348 1996 494 2062 earnium
504 1983 706 2086 incesseretur
715 1995 956 2074 hebetudinem,
969 2020 1036 2064 non
1047 1998 1112 2063 uti*

61 2127 141 2194 que.
156 2103 304 2170 Fortasse
317 2114 423 2170 autem
435 2103 605 2170 Gnosticus
616 2104 774 2193 quispiam
785 2104 1018 2172 emrcitetionis
1029 2128 1112 2193 quo—

59 2235 129 2301 que
139 2212 241 2302 gratis
250 2211 471 2280 abstinueritis
483 2210 650 2288 carnibus,
662 2223 695 2278 et
707 2235 749 2278 ne
760 2235 835 2279 caro
847 2213 940 2278 nimis
950 2211 1109 2291 luxuriet,

59 2332 100 2388 et
113 2319 214 2388 nimio
228 2319 349 2410 impetu
364 2319 485 2386 feratur
501 2318 625 2386 adram
642 2343 823 2388 veneream.
843 2319 985 2388 «Vinum
1000 2322 1085 2388 enim
1100 2373 1109 2399 ,

61 2429 186 2516 »iuquit
201 2413 424 2518 Androcydes,
439 2431 473 2494 et
488 2429 591 2496 carnis
606 2429 889 2520 ingurgitationes,
905 2432 1110 2519 corpus'qui-

57 2536 161 2604 »dem
180 2540 348 2604 robustum
367 2535 533 2613 efficiunt,
550 2537 689 2605 animam
713 2561 788 2604 vero
804 2536 1003 2604 debiliorem.
1021 2567 1035 2600 r
1054 2539 1110 2604 Est

56 2667 139 2735 ergo
157 2645 292 2734 impium
306 2657 339 2712 et
356 2669 375 2711 a
397 2643 551 2734 reiigione
571 2643 710 2713 alienum
730 2645 794 2713 hec
810 2647 1044 2714 munimentum
1068 2647 1110 2714 ad

58 2752 237 2844 perfectum
256 2749 508 2842 intelligentiam.
532 2753 692 2834 Quocirca
713 2752 854 2844 AEgyptii
875 2778 1003 2844 quoque
1018 2756 1052 2821 in
1070 2753 1109 2822 iis

61 2883 138 2949 quae
151 2881 263 2926 eorum
277 2861 341 2927 ritu
354 2859 436 2928 flunt
450 2860 746 2950 purificationibus,
763 2885 829 2930 non
844 2864 1034 2952 permittunt
1049 2863 1109 2931 Sa-

57 2967 248 3036 cerdotibus
262 2969 347 3034 vesci
365 2970 538 3037 carnibus:
555 2983 588 3038 et
599 2968 797 3039 avicularum
808 2970 961 3038 carnibus
973 2983 1108 3038 utuntur

57 3088 219 3164 tanquam
234 3072 398 3142 levissimis
413 3077 539 3166 :pisces
553 3091 660 3146 autem
677 3102 743 3146 non
761 3091 913 3169 tangunt,
929 3101 1005 3146 eum
1016 3103 1108 3170 prop-

58 3193 114 3248 ter
131 3177 207 3246 alias
219 3179 374 3268 quasdam
391 3177 533 3258 fabulas,
550 3193 621 3250 tum
635 3184 772 3252 menime
790 3181 877 3270 quod
892 3182 1049 3271 ejusmodi
1064 3185 1108 3251 ci-

58 3290 124 3356 bus
138 3310 268 3356 carnem
285 3285 398 3356 reddat
415 3286 594 3356 flaccidum.
611 3289 684 3356 Jam
700 3313 776 3356 vero
788 3291 959 3358 animantia
976 3292 1104 3379 quidem

59 3395 226 3464 terrestris
236 3407 271 3462 et
281 3391 440 3473 rotuem,
453 3395 605 3466 eumdem
616 3421 712 3486 quem
724 3410 839 3464 nostrae
851 3399 981 3476 animc,
998 3407 1104 3470 nerem

61 3500 249 3593 inspirantin
260 3552 270 3580 ,
281 3503 479 3580 nutrirmtur,
499 3515 535 3568 ut
548 3527 619 3592 qun
630 3517 798 3595 cognatum
813 3505 876 3573 uiri
889 3505 1026 3576 babeant
1037 3509 1103 3578 ani·

58 3633 162 3684 mam.
176 3611 281 3678 Pisces
293 3623 450 3680 suumne
460 3611 548 3680 hune
559 3612 688 3700 quidem
700 3613 973 3704 dicsmtrespirare
982 3624 1101 3693 abram,

59 3718 223 3786 sedilium
237 3719 293 3808 qui
308 3743 383 3788 cum
394 3743 476 3809 aqua
487 3720 546 3786 suit
561 3733 818 3812 contemperatus
831 3723 937 3790 statim
952 3725 1100 3815 inprime

58 3828 176 3899 mundi
188 3841 259 3895 ortu
272 3879 281 3906 ,
294 3828 561 3900 sicutetiamcum
574 3828 702 3919 reliquis
712 3828 894 3910 elementis,
907 3833 1100 3922 quodetiam
