2478 4594
139 245 204 324 adl,
457 265 630 314 cumanis
657 265 870 320 mmmm

134 401 230 466 cant,
247 389 334 480 quod
349 389 405 478 qui
419 391 495 458 sarit
511 391 661 480 injuriam
676 403 709 458 et
725 403 840 480 peccat
851 440 861 466 ,
873 387 1037 480 delinquit
1046 411 1108 479 per
1120 389 1175 458 dn·

98 537 101 544 ·
131 522 268 567 monum
288 501 533 568 obsessionem:
559 501 607 567 sio
627 501 714 568 enim
736 499 817 566 nulii
840 513 926 568 esset
946 498 1054 588 crdpae
1072 499 1177 568 affinis.

8 645 13 653 ·
134 607 218 674 Cum
233 619 339 674 sutem
355 609 387 674 in
401 607 564 698 peccando
577 607 690 674 eadem
705 606 801 697 eligat
811 631 884 695 qoae
896 608 1066 674 daemones
1079 657 1088 684 ,
1102 609 1173 673 etsit

131 715 311 792 instabilis,
329 726 362 780 et
384 714 481 792 levis,
503 729 535 782 et
551 717 654 782 varius
676 716 709 782 in
732 715 967 804 cupiditatibus
989 727 1028 780 nt
1043 717 1174 792 emon.

130 821 169 891 fit
182 823 282 892 homo
297 824 521 891 daemoniacus.
540 824 614 890 Jam
629 825 685 913 qui
706 835 756 890 est
776 834 888 890 natura
909 823 1050 912 quidem
1064 822 1174 898 malas,

131 953 207 1000 cum
221 943 352 1022 propter
363 932 475 998 vitium
486 932 589 998 sactus
601 932 641 998 sit
655 944 818 1021 peccator,
836 931 989 998 redditus
1000 943 1052 996 est
1066 931 1174 1020 impro-

131 1042 208 1116 bus,
225 1040 258 1106 id
275 1039 398 1106 habens
417 1040 505 1128 qood
527 1051 640 1129 sponte
659 1039 756 1129 clegit
777 1063 786 1106 :
813 1039 853 1104 ad
878 1051 1061 1128 peccatum
1080 1051 1172 1106 arden

56 1175 59 1182 ·
129 1169 206 1216 oum
217 1147 258 1214 sit
269 1171 407 1238 pronus,
425 1148 457 1214 in
476 1148 654 1214 actionibus
669 1148 766 1214 etiam
780 1156 921 1236 peccat:
940 1159 1063 1212 contra
1078 1159 1171 1214 auten

129 1255 292 1324 virbonus
304 1279 337 1322 se
354 1268 441 1322 recte
455 1255 546 1346 gerit.

174 1363 351 1445 Quocirca¹
369 1363 539 1430 Gnosticus
551 1362 787 1430 circumscribit
798 1362 1022 1452 cupiditates,
1036 1376 1068 1429 et
1078 1365 1165 1452 quoad

128 1472 375 1560 possessionem,
399 1482 431 1537 et
453 1469 559 1559 quoad
587 1494 701 1548 usum,
728 1493 790 1537 nec
813 1469 956 1537 transilit
989 1472 1165 1538 neoessitan's

128 1579 310 1646 terminum.
329 1579 388 1645 Hic
402 1601 479 1668 ergo
495 1579 600 1644 vivere
617 1580 829 1646 necessarium
852 1579 1050 1646 existimans
1063 1581 1096 1646 sd
1106 1605 1158 1646 ao-

124 1687 263 1778 gendam
287 1687 451 1754 scientiam
475 1699 508 1752 et
529 1686 705 1776 parandam
723 1688 944 1776 cognitionem
957 1737 970 1764 ,
992 1712 1054 1754 non
1069 1688 1149 1776 psum

123 1795 249 1872 vivere,
266 1794 323 1860 sed
339 1797 420 1861 hene
436 1795 541 1861 rivere
556 1794 651 1860 faciet
666 1793 808 1884 plurimi.
823 1795 940 1884 Neque
957 1795 1062 1870 filios,
1074 1819 1153 1882 neque

124 1925 234 1968 rursus
255 1902 513 1978 matrimonium,
534 1913 588 1968 aut
608 1914 754 1991 parentes
774 1901 950 1993 praeferens
979 1903 1159 1969 charitatiin

122 2009 228 2078 Deum
238 2059 248 2086 ,
260 2021 295 2076 ct
308 2010 338 2076 ci
350 2032 420 2098 qoae
435 2023 482 2080 ost
494 2011 527 2078 in
542 2010 605 2076 vita
619 2010 758 2100 justitie.
773 2009 857 2076 Uxor
870 2023 991 2076 autem
1002 2011 1032 2076 ei
1044 2011 1078 2076 fit
1088 2034 1160 2076 soror

123 2130 196 2207 post
210 2115 386 2184 liberorum
400 2120 638 2208 suceptionem,
653 2118 767 2184 eodem
779 2115 854 2184 ioco
870 2117 1021 2184 habetur
1030 2143 1069 2186 ac
1082 2121 1106 2184 si
1119 2143 1158 2184 os-

122 2238 170 2291 set
185 2225 300 2292 eodem
318 2238 408 2315 patre
424 2239 515 2302 nato,
533 2238 612 2293 tnnc
628 2224 732 2292 solum
751 2225 809 2291 riri
830 2225 1032 2302 recordans,
1050 2227 1159 2316 qnando

121 2332 205 2400 {ilios
222 2335 396 2422 aspexerit,
419 2346 455 2398 ut
474 2356 544 2422 qne
562 2334 604 2400 sit
619 2356 728 2402 revera
743 2333 851 2398 futura
868 2355 968 2400 soror
983 2346 1058 2423 post
1071 2335 1159 2401 carnis

122 2441 374 2532 depositionem,
390 2465 460 2531 quae
481 2441 591 2510 dividit
607 2453 641 2507 et
656 2440 821 2530 distinguit
838 2441 1065 2530 cognitionem
1081 2443 1156 2531 spiri

121 2549 277 2627 tuelium,
288 2551 481 2640 proprietate
494 2571 639 2616 sexuum.
662 2549 742 2638 ipsae
757 2543 842 2614 enim
858 2571 918 2638 per
936 2573 974 2614 se
992 2575 1084 2639 pares
1095 2561 1149 2614 ant
1235 2595 1237 2620 ,

122 2659 255 2726 animm
271 2659 384 2724 animae
399 2671 541 2733 nentrae,
555 2679 615 2724 nec
630 2655 799 2734 masculae,
814 2679 875 2724 nec
890 2657 1058 2735 soeminae,
1068 2680 1147 2746 pon-
1236 2663 1237 2728 1

123 2765 295 2854 doquidern
307 2789 411 2854 neque
428 2789 541 2832 uxores
553 2766 697 2862 ducunt,
712 2789 774 2832 nec
789 2767 930 2832 nubunt.

166 2873 244 2940 Orat
257 2896 334 2962 ergo
349 2871 360 2906 ²
377 2873 547 2942 Gnosticus
567 2873 663 2954 etiam
684 2874 877 2963 cogitatione
892 2876 988 2940 omni
1012 2875 1091 2942 hors
1109 2898 1155 2965 per

122 2979 309 3049 charitatem
327 2982 395 3050 Deo
410 2983 622 3070 conjunctus,
645 2994 678 3047 et
696 2979 857 3050 familiaris
872 2979 1025 3048 effectus.
1046 2985 1086 3050 Et
1100 2985 1154 3073 pi-

121 3111 210 3154 mnm
226 3089 356 3178 quidem
376 3102 463 3178 petet
485 3090 704 3156 remissionem
719 3101 928 3180 peccatorum
942 3141 952 3166 ,
967 3103 1081 3180 postea
1099 3115 1153 3158 noo

120 3195 255 3287 amplius
270 3220 404 3286 peccare
419 3221 428 3263 t
445 3197 564 3264 deinde
576 3221 668 3288 posse
684 3199 938 3275 benefacere,et
954 3222 1085 3266 omnem
1096 3224 1157 3288 que

117 3305 201 3371 facta
213 3317 261 3372 est
274 3329 332 3394 per
342 3306 517 3372 Dominum
532 3306 726 3374 creationem
738 3318 770 3372 et
782 3306 1059 3396 dispensationem
1070 3307 1154 3374 intei-

117 3409 231 3501 ligere,
252 3425 287 3478 ut
307 3413 422 3480 mondo
444 3413 550 3480 cordo
570 3414 703 3480 effectus
724 3437 782 3504 per
805 3413 1004 3502 agnitionem
1027 3440 1096 3505 quae
1114 3429 1155 3482 est

116 3541 175 3610 per
185 3519 302 3588 Filium
312 3522 384 3600 Dei,
397 3523 474 3614 socie
488 3521 530 3590 od
540 3521 668 3614 sociem*
682 3523 715 3588 in
727 3522 810 3590 beati
822 3522 1000 3614 spectaculi
1013 3525 1154 3614 mysterio

157 3697 233 3765 'Pap
251 3717 311 3768 79⁰·

150 3789 230 3855 'Pap
248 3806 307 3856 791.

151 3875 259 3930 'Maru
268 3895 293 3939 v,
303 3879 327 3926 8.
339 3877 390 3915 -’
404 3894 413 3928 r
428 3877 488 3928 Cor.
501 3893 561 3940 xrrr,
578 3894 617 3929 ra,
