2546 4614
198 295 261 374 dcli
600 316 623 356 s.
652 294 818 358 arrrbcrrr

199 443 388 520 potestatem
400 431 534 498 ostendit
548 453 617 518 quae
633 455 651 494 a
666 429 760 496 Patre
772 430 846 496 data
856 427 943 494 Filio
956 441 1009 492 est
1017 427 1042 500 ¹.
1055 429 1109 514 qui
1124 427 1217 494 cules

199 543 293 618 tium,
309 541 502 608 terrestrium
523 552 556 606 et
575 539 796 606 infernorum²
821 561 893 614 rex,
909 539 1124 625 omniumque
1142 539 1218 625 judu

199 665 324 722 erectus
339 665 405 726 nott
420 648 596 718 coelestium
613 649 756 737 quidem.
777 649 865 738 quod
884 647 1039 715 Verbum
1054 648 1151 714 Patris
1164 664 1218 714 arte

199 761 312 830 sucula
327 763 480 830 extiterit:
499 762 698 826 terrestrium
713 783 800 836 vero,
813 761 902 848 quod
917 760 1024 826 bomo
1039 761 1124 826 inter
1136 760 1216 826 bom

202 897 257 940 nes
271 883 430 946 natusest,
443 885 477 936 ut
489 893 505 936 a
518 893 552 936 se
565 871 632 959 ipse
642 871 801 938 Adamum
813 869 1031 940 relorrnarett
1046 869 1215 934 iolarnorm

203 995 321 1057 autent,
332 980 418 1068 quod
429 981 511 1048 inter
521 993 664 1046 mortuos
678 992 859 1070 reputatus,
872 991 1069 1048 unctorum
1081 981 1214 1048 animle

201 1092 372 1182 predicant
388 1103 492 1158 morte
507 1090 609 1158 victor
622 1091 734 1158 mortis
748 1090 854 1158 extitit
866 1090 892 1154 ³.

237 1199 374 1272 XXVll.
390 1200 472 1268 Cum
483 1200 552 1270 boo
566 1200 672 1288 itaque
687 1200 793 1266 lutura
808 1201 888 1276 sint,
903 1199 1085 1290 docemur
1098 1202 1208 1290 digitis

200 1309 333 1382 mulceri
348 1323 382 1376 et
402 1323 512 1378 statue
531 1333 587 1378 seu
606 1311 762 1400 imaginis,
778 1311 811 1378 in
826 1311 1050 1378 democratia
1068 1313 1203 1384 cassin,-

201 1424 312 1492 deoem
322 1445 398 1488 reru
408 1423 510 1512 capita
518 1433 637 1510 quarte
649 1422 755 1488 bestie
764 1422 799 1488 in
810 1421 932 1488 decem
941 1445 1041 1512 regns
1050 1423 1130 1490 diuisa
1137 1425 1197 1497 rim

198 1529 1193 1621 rideamusclariusquatargumentopropositasuntmanpoasi
1259 1561 1261 1626 t

201 1645 241 1714 sb
257 1641 366 1712 oculos
381 1643 481 1732 posita
497 1641 667 1709 siccorum
680 1641 937 1710 consideremus.
960 1715 966 1726 ·

243 1751 396 1822 XXVttl.
421 1751 561 1820 Aureum
590 1765 685 1840 eaput
712 1749 888 1828 simulacri,
929 1753 1036 1828 leaeos,
1053 1753 1173 1838 bsbplafi

204 1873 295 1932 eram
308 1883 316 1926 ε
330 1860 454 1928 humeri
472 1871 504 1928 et
520 1861 649 1928 brachia
660 1874 821 1950 argentea,
835 1886 951 1940 ursus,
969 1865 1066 1930 Persa
1076 1862 1187 1930 ellsb:
1260 1925 1261 1932 ,

202 1981 312 2040 venter
331 1969 496 2058 femurque
510 1993 645 2046 aeueum,
665 1967 793 2059 perduc,
808 1973 864 2061 qui
880 1976 927 2041 ab
942 1973 1109 2042 Alexandro
1121 1974 1196 2040 Greci
1258 1935 1261 2090 l

203 2103 311 2148 rerum
325 2079 415 2169 potiti
429 2093 503 2148 sunt
518 2103 526 2145 :
545 2103 638 2148 crura
659 2081 773 2159 ferree,
789 2085 951 2172 stupenda
964 2088 1067 2154 bestia
1083 2110 1116 2154 ac
1129 2085 1199 2150 torri
1259 2093 1261 2144 l

205 2189 287 2264 bilis,
299 2187 446 2266 Romani,
459 2189 513 2278 qui
527 2213 614 2256 nunc
631 2213 738 2258 rerum
753 2192 946 2280 potiuntur:
962 2197 1089 2286 vestigia
1099 2196 1199 2285 pedu.

203 2313 281 2368 testa
297 2299 491 2388 ferrumque.
509 2323 547 2366 ac
563 2301 675 2370 decem
690 2325 824 2378 cornua,
840 2327 913 2391 quac
928 2303 1042 2370 sutura
1056 2317 1121 2372 suut
1131 2326 1201 2393 repra

203 2425 236 2480 ct
249 2411 380 2500 imperio
394 2434 402 2474 ε
420 2433 522 2478 cornu
535 2409 621 2477 aliud
635 2434 766 2499 parrum
782 2433 1009 2489 succrescens,
1021 2414 1075 2500 qui
1088 2415 1154 2478 iuter
1164 2409 1200 2474 ilo

203 2533 401 2596 numeratur,
413 2520 624 2589 Antichristus
638 2545 645 2585 :
660 2519 737 2610 lapis
752 2522 935 2608 percutiens
953 2521 1198 2610 contempnis

202 2631 394 2706 mulacrum,
410 2633 465 2720 qui
479 2643 596 2698 terram
612 2629 805 2720 adimplevit,
821 2643 854 2696 et
873 2630 1041 2716 judicium
1057 2629 1185 2698 murdi-

204 2741 277 2816 sert,
295 2739 450 2806 Christus.
546 2785 550 2792 -

245 2850 370 2920 Xth.
387 2851 463 2916 ttaeo
486 2851 556 2927 tibi.
573 2850 767 2926 charissime,
785 2852 899 2918 timore
918 2857 1125 2928 communito,
1136 2871 1189 2938 ptr

202 2984 300 3050 pensa
315 2973 422 3028 tamen
433 2957 606 3036 voluntate,
620 2962 660 3026 ob
675 2958 885 3026 excellentem
897 2961 1092 3030 charitatem
1103 2959 1197 3026 Christi

207 3071 287 3140 llam
298 3073 324 3138 si
340 3071 520 3138 decessores
530 3071 629 3138 nostri
639 3072 724 3138 beati
736 3071 915 3161 Propheta,
927 3075 985 3162 qui
997 3075 1068 3142 bac
1078 3071 1202 3162 erplfflh

203 3183 372 3258 heberent,
383 3181 554 3250 noluerunt
564 3179 669 3270 palam
680 3182 866 3271 praedicare,
878 3207 920 3249 ne
935 3184 1205 3252 bominumaninat

204 3289 381 3365 turbarent,
394 3287 572 3358 sederem
586 3290 707 3356 ratione
718 3288 944 3378 parabolarum
955 3305 1041 3360 tecta
1053 3290 1205 3362 involucris

206 3411 239 3462 et
252 3396 407 3490 perplexis
422 3397 626 3487 obscurisque
642 3399 841 3466 sermonibus
857 3413 1061 3476 enarrarunt,
1071 3402 1205 3468 dmum:

206 3507 521 3576 Proestoat'taoimua
528 3508 692 3596 rapientia
699 3509 862 3596 preditus
869 3509 895 3590 ’,·
902 3523 1026 3598 quanto
1034 3510 1209 3598 netbpotts

204 3641 269 3686 non
281 3618 405 3689 vacabit
416 3615 570 3707 periculo,
579 3619 633 3707 qui
645 3620 684 3686 ab
698 3617 757 3684 illis
768 3617 896 3686 occulte
908 3621 994 3688 dicta
1007 3635 1100 3711 atque
1108 3622 1208 3688 otteeo

204 3727 392 3816 inopertam
401 3727 744 3797 dicomuslVideamus
756 3729 852 3819 igitur
863 3753 936 3818 quaa
948 3732 981 3798 in
992 3733 1209 3800 extremiserer

205 3851 275 3904 turo
287 3851 361 3904 aunt
372 3840 709 3928 superimmundaboc
720 3840 885 3906 Meretrice
894 3866 905 3916 ς
915 3842 1078 3930 qualisque
1089 3861 1205 3928 aequor

241 3971 350 4022 tttsrrh.
364 3989 452 4034 ιινιιι,
464 3973 503 4026 ιδ.
513 3973 633 4028 *²Pbib
646 3991 676 4036 u,
689 3989 726 4024 to.
739 4001 769 4014 -
781 3967 810 4022 li
822 3973 877 4026 Pet.
888 3991 930 4034 ιιι,
946 3975 1038 4042 ¹9·-‘
1050 3977 1197 4042 epotaret
