2546 4614
175 329 240 406 454
586 346 611 388 a.
639 345 811 388 nrrronrrr

174 489 246 534 rare
257 491 323 534 non
333 467 479 558 pluribus
490 433 589 556 'quam
604 467 734 533 duobus
748 467 983 534 concreditum
998 481 1069 542 est:
1084 481 1116 534 et
1130 482 1163 533 tu
1173 493 1218 534 ao

175 577 232 644 der
249 579 486 668 gesserationem
498 576 675 644 secundnm
690 575 850 666 Spiritum
865 579 1025 654 mutari,
1038 603 1136 667 quam
1146 580 1215 668 apul

175 711 211 753 ae
222 689 317 754 Pater
328 700 442 762 servat,
455 684 654 752 revelaturus
667 698 747 754 tuno
758 688 891 763 sanetis,
905 689 964 776 qui
982 701 1020 752 nt
1037 688 1212 777 saeinejus

178 796 307 862 rideant
321 782 404 886 digni
416 809 510 862 erunt
522 798 530 859 l
543 795 628 861 Satis
639 795 723 861 habe
735 795 823 884 quod
837 819 858 861 a
870 795 1006 862 Christo
1020 797 1146 863 dietum
1156 807 1208 862 est:

178 905 277 988 Quod
291 921 407 972 natum
421 919 467 970 eet
481 927 524 971 ιω
536 903 683 992 Spiritu,
701 904 854 992 Spiritus
869 904 940 970 ωε*
954 927 963 968 :
980 905 1071 972 sient
1085 928 1141 994 per
1152 904 1209 970 llo

178 1014 308 1103 phetam
329 1013 488 1104 signifieat
505 1012 603 1080 Verbi
625 1014 869 1103 generationem
890 1014 987 1103 quod
1010 1015 1135 1103 genitus
1149 1028 1205 1082 est:

177 1122 335 1210 quomodo
350 1145 441 1199 vero,
458 1133 598 1188 reservat
610 1122 698 1211 apud
709 1145 743 1188 ae
755 1123 790 1188 in
804 1134 940 1211 tempus
957 1137 1087 1190 certum
1100 1147 1135 1190 ae
1146 1149 1205 1212 pre

176 1231 314 1308 finitum,
327 1255 404 1298 eum
416 1231 495 1298 illud
509 1231 706 1298 revelaturus
719 1243 780 1296 eat.
797 1229 856 1296 Sie
868 1231 963 1297 enim
975 1233 1022 1296 ait
1037 1234 1121 1298 :ulls
1131 1245 1200 1298 utero

176 1351 277 1405 santo
293 1338 462 1406 lucilerum
478 1341 573 1429 genui
588 1339 682 1404 ιε’.»

216 1447 323 1516 XVll.
350 1448 522 1516 Sufficiunt
545 1449 613 1516 haec
628 1447 811 1517 testimonia
831 1449 994 1516 fidelibus
1011 1452 1131 1525 veritatis
1143 1462 1191 1516 rr

176 1559 283 1633 diesis,
295 1557 539 1626 infideleaenim
549 1557 627 1628 nulli
638 1560 785 1625 eredunt.
801 1561 941 1626 Etenim
955 1559 1183 1651 Spiritmsanutut

176 1681 212 1736 ut
223 1681 372 1745 terreret,
384 1669 417 1736 in
429 1693 564 1760 persona
576 1667 803 1758 Apostolorum
814 1680 963 1736 testatus
975 1684 1014 1736 et
1023 1695 1048 1734 :a
1057 1669 1169 1742 llom'ao,

179 1807 192 1844 a
215 1781 286 1869 quia
304 1779 440 1847 credidit
459 1779 582 1846 auditui
603 1792 713 1846 nostro
727 1779 793 1842 'ir
819 1779 1047 1859 Quamobrem
1060 1803 1093 1844 ne
1105 1780 1179 1842 dnos

179 1889 323 1958 infideles
341 1913 382 1956 ne
403 1889 529 1980 quando
552 1891 586 1956 in
605 1889 697 1956 nobis
715 1889 804 1976 quod
824 1889 956 1956 dietum
974 1903 1025 1956 est
1044 1887 1188 1978 impleam.

181 2001 358 2066 Credamus
374 1998 481 2088 igitur,
495 1998 619 2074 iratres.
633 1997 812 2064 secundum
828 1999 1041 2066 traditionem
1054 1995 1195 2087 Apostolo-

181 2133 267 2184 rum.
283 2109 369 2199 quod
384 2109 471 2174 Deua
481 2107 624 2175 Verbum
639 2131 658 2172 o
672 2105 760 2174 omlis
776 2107 948 2174 deseendit
962 2112 996 2175 in
1011 2122 1146 2176 sardam
1156 2109 1202 2173 rir

181 2221 285 2310 ginem
297 2217 443 2293 Mariam,
455 2229 490 2284 ut
500 2241 540 2283 ex
551 2241 587 2282 ea
604 2219 798 2292 incarnatus.
809 2231 938 2307 sumpto
951 2220 1058 2284 animo
1070 2219 1205 2290 bum-a.

180 2329 310 2395 rationis
325 2328 456 2416 inquam
471 2326 638 2416 participe,
654 2326 756 2393 factus
773 2327 881 2394 omnia
895 2350 1110 2416 quaecumque
1121 2327 1206 2392 bomo

179 2450 241 2514 est,
255 2447 391 2526 exeepto
405 2448 552 2527 peceato,
575 2435 708 2502 salvaret
729 2435 834 2503 Adam
850 2437 906 2526 qui
921 2437 1097 2513 reciderat,
1110 2449 1143 2502 et
1155 2437 1204 2500 in-

182 2546 407 2615 mortalitatem
423 2541 607 2614 hominibu's
621 2544 790 2634 largiretur
805 2547 842 2612 iis
857 2548 913 2635 qui
928 2547 1100 2614 crederent
1118 2549 1149 2612 'm
1162 2569 1205 2610 nc-

180 2657 266 2724 mine
280 2657 360 2742 ejus.
376 2657 413 2722 ln
425 2658 573 2722 omnibus
588 2656 683 2744 igitur
697 2657 953 2724 demonstratum
971 2671 1024 2724 est
1038 2659 1124 2724 notis
1138 2655 1200 2720 Fer

182 2766 259 2832 bum
272 2765 427 2838 veritatis.
448 2766 535 2853 quod
551 2789 633 2831 unus
651 2775 699 2830 est
719 2766 826 2842 Pater,
850 2769 943 2853 eujus
960 2769 1056 2834 adest
1068 2765 1201 2838 lorbano,

181 2899 238 2965 per
249 2873 334 2962 quod
349 2875 455 2940 omnia
467 2875 555 2950 lecit,
570 2874 656 2964 quod
669 2876 899 2963 posterioribus
912 2879 1126 2966 temporibus,
1136 2876 1206 2941 sient

182 2985 326 3074 superius
348 2985 498 3060 diximus,
515 2985 600 3051 misit
619 2986 713 3052 Pater
735 2986 776 3052 ad
798 2985 935 3053 salutem
949 2987 1130 3054 hominum.
1150 2987 1207 3050 lloo
1268 2993 1269 3000 ’

182 3119 240 3186 per
253 3096 371 3184 Legem
386 3108 418 3160 et
432 3095 607 3186 Prophetas
621 3097 833 3185 praedicatum
847 3110 897 3164 est
916 3111 1092 3164 venturum
1108 3096 1207 3164 essen

183 3205 349 3272 mundum.
367 3205 458 3271 Siout
472 3228 547 3296 ergo
559 3205 767 3294 predicatum
778 3217 840 3282 est,
853 3207 900 3272 sia
915 3230 1056 3295 presens
1071 3209 1207 3296 seipsum

184 3315 385 3382 manifestum
407 3313 481 3381 lecit
495 3337 535 3380 ex
549 3315 678 3404 Virgine
693 3328 726 3380 et
738 3313 863 3404 Spiritu
879 3329 993 3383 saneto
1008 3340 1110 3382 novus
1125 3316 1209 3380 homo

99 3435 101 3441 '
184 3424 299 3500 botua,
311 3425 432 3490 babens
447 3423 574 3490 coeleste
588 3425 676 3513 quod
690 3435 860 3513 paternum
875 3438 957 3501 erat,
971 3438 1126 3513 tanquam
1138 3423 1209 3490 l'er·

184 3533 281 3607 bum;
300 3546 463 3599 terrenum
479 3556 551 3599 vero
566 3545 717 3621 tunquam
734 3557 773 3602 ex
792 3545 901 3599 vetere
923 3534 1029 3600 Adran
1045 3558 1103 3622 per
1116 3532 1208 3621 Virgi-

184 3665 258 3709 nem
273 3643 464 3708 incarnatus.
483 3641 537 3708 Sin
552 3641 584 3708 in
600 3642 757 3710 mundum
770 3663 918 3730 egressus
933 3642 1020 3708 Deus
1036 3653 1207 3730 corporatus

184 3753 346 3841 apparuit,
365 3773 507 3842 egressus
526 3751 684 3840 perlectus
703 3752 811 3818 homo.
840 3752 912 3818 Non
934 3753 1022 3818 enim
1041 3775 1100 3841 por
1118 3748 1201 3816 fictio

187 3883 273 3937 nom,
287 3873 342 3926 aut
354 3863 575 3940 mutationem,
589 3862 645 3928 sed
656 3885 729 3958 vere
742 3861 844 3928 lautus
855 3873 905 3928 est
916 3862 1027 3930 homo.

219 3991 313 4040 ¹Joan.
326 3990 395 4050 und.
408 3989 851 4054 -uual01‚5.-⁸tsai.uu‚1.
864 3991 941 4040 toan.
954 3983 1198 4049 xs,38.1tum.=‚1=‘·
