2614 4628
265 299 277 318 ‘
345 292 548 342 coronario
573 294 613 340 au
637 293 765 338 omres.
846 313 850 320 ·
936 351 939 358 ‚
1013 269 1071 336 155
1169 333 1177 348 ,

11 467 12 470 ,
34 413 119 490 eolis,
135 436 242 503 quam
257 411 383 504 Apollo,
404 413 555 480 miserere
566 409 703 480 bominis
721 435 815 501 supra
831 433 945 500 rogum
964 411 1071 479 vincti.

33 523 69 590 Et
91 534 127 590 tu
153 523 311 611 quidem,
336 521 448 599 Solon,
478 523 642 590 veritatem
667 523 884 612 interpretum.
910 520 961 588 'l'u
985 544 1073 596 uero,

35 632 128 720 tyre.
141 631 229 719 jube
246 654 363 720 rogum
378 632 528 722 extingui.
548 632 749 721 Tudenique.
767 634 888 710 Crorse,
905 632 956 700 lae
975 643 1011 698 ut
1026 655 1074 698 sa-

33 743 103 833 pias,
123 754 183 813 tuo
203 743 307 833 ipsius
318 741 404 810 melo
422 743 611 810 admonitus.
631 745 777 834 ingratus
795 756 843 812 est
859 751 956 832 quem
974 741 1071 812 eolis:

33 854 140 942 accipit
166 853 376 931 mercedem,
397 866 429 920 et
449 866 617 944 postquam
644 877 723 923 auro
748 867 804 922 tuo
830 855 925 948 fuerit
944 865 1074 929 auctus,

33 967 190 1032 mentitur.
210 964 247 1031 Ο
263 963 379 1041 Solon.
399 966 521 1054 respice
534 966 657 1034 iterum
669 965 784 1054 finem.
804 967 872 1034 lloc
886 966 993 1053 itaque
1007 987 1073 1032 non

35 1074 165 1152 demon,
184 1075 248 1142 sed
262 1075 364 1142 homo
384 1075 442 1142 tibi
459 1075 581 1146 consilii
599 1076 698 1142 dedit.
716 1075 807 1144 Nulla
821 1076 879 1144 tibi
897 1075 994 1145 Solon
1011 1077 1072 1142 ob·

35 1185 110 1275 liqna
135 1185 275 1254 oracula
297 1187 375 1252 edit.
392 1187 488 1256 Hunc
508 1186 601 1256 laeile
622 1185 801 1276 intelliges:
818 1199 851 1252 et
872 1187 959 1276 quod
975 1186 1071 1276 hujus

38 1293 125 1362 solius
146 1319 310 1386 responso
330 1295 405 1362 insit
426 1297 553 1374 ueritas,
578 1321 653 1364 cum
673 1321 750 1387 rogo
773 1297 869 1366 iueris
892 1299 1071 1388 impositus,

37 1404 251 1492 experimento
271 1405 503 1493 deprehendes.
531 1405 622 1474 Unde
639 1409 746 1476 mirari
761 1411 860 1486 subit,
879 1411 1072 1498 quibusnam

40 1515 146 1582 inerint
167 1516 378 1605 opinionibus
403 1516 490 1584 ducti
510 1519 627 1585 erroris
645 1519 741 1610 bajus
763 1533 927 1598 auctores,
950 1535 1072 1588 uttam

41 1627 123 1692 ruis
133 1627 418 1716 superstitionibus
433 1628 614 1700 imbuerent
628 1628 794 1698 bominum
806 1643 941 1709 mentes,
954 1643 986 1696 et
1000 1653 1072 1698 see-

42 1736 204 1806 leratorum
223 1737 412 1808 daemonum
428 1738 552 1806 cultum
569 1739 690 1830 legibus
706 1743 888 1810 sancirent:
906 1742 970 1808 sive
984 1740 1071 1808 Pho-

46 1851 194 1916 roneueis
218 1850 330 1928 fuerit,
352 1850 416 1916 sive
436 1848 575 1939 lllerops,
591 1873 647 1925 seu
669 1852 739 1940 quis
761 1849 853 1928 alius,
876 1849 930 1939 qui
953 1848 1072 1939 templa

49 1959 107 2028 illia
127 1973 158 2027 et
176 1959 281 2028 altaria
309 1960 511 2028 constituisse
532 1960 689 2050 primique
718 1960 869 2028 obtulisse
890 1961 1033 2030 victimas
1054 1983 1072 2026 a

56 2069 250 2157 scriptoribus
265 2067 442 2136 fabularum
454 2070 651 2146 referentum
666 2073 877 2161 posteriorum
888 2073 975 2141 enim
986 2081 1070 2140 tem-

57 2199 167 2264 porum
185 2176 331 2256 homines,
356 2179 433 2245 deos
455 2179 531 2256 sibi,
554 2205 634 2270 quos
660 2181 816 2260 colerent,
846 2183 973 2252 linxisse
994 2183 1071 2260 satis

56 2299 181 2358 constat.
204 2287 294 2356 Hunc
315 2289 403 2358 enim
422 2290 588 2367 Amorem.
607 2291 661 2380 qui
678 2292 796 2360 dicitur
811 2317 880 2362 esse
896 2295 979 2362 inter
992 2294 1069 2360 daos

52 2399 289 2486 antiquissimos,
307 2423 404 2470 nemo
419 2413 495 2468 ante
515 2401 692 2470 Chermum
707 2400 818 2479 coluit,
834 2403 887 2490 qui
902 2415 1070 2492 postquam

51 2507 191 2578 dilectum
212 2509 450 2579 adolescentem
468 2511 670 2587 obtinuisset,
688 2510 722 2578 in
737 2501 924 2579 memorium
938 2509 1070 2600 explete

45 2617 172 2688 lbidiuis
190 2621 226 2687 in
244 2621 420 2688 Academia
437 2621 535 2690 altere
550 2621 610 2712 ipsi
624 2621 744 2688 statuit.
763 2619 848 2695 Hinc
858 2619 960 2710 turpis
971 2617 1070 2686 libido

44 2729 158 2798 Amoris
171 2733 307 2800 nomine
322 2731 472 2823 appellari
488 2731 598 2821 eoepit,
613 2743 646 2798 et
665 2732 698 2804 in
715 2730 791 2796 deos
808 2727 905 2796 relata
923 2723 981 2796 est.
1002 2727 1069 2796 Nee

43 2863 110 2908 uero
131 2843 201 2931 quis
223 2855 308 2910 esset
323 2843 390 2910 Pan
413 2851 633 2933 cognorerunt
652 2839 877 2914 Athenienses.
897 2851 1069 2929 antequam

42 2951 84 3017 eis
97 2952 217 3022 diceret
232 2953 438 3045 Philippides.
463 2953 582 3022 Mirum
596 2951 741 3042 proiecto
760 2950 857 3017 videri
876 2971 941 3017 non
957 2949 1069 3024 debet,

44 3060 66 3126 si
81 3063 222 3133 nefande
237 3063 469 3153 superstitionis
483 3087 587 3140 error,
600 3073 806 3151 posteaquam
825 3058 955 3148 aliquod
971 3058 1070 3126 semel

42 3169 156 3238 initium
177 3173 368 3262 accepisset,
388 3172 552 3263 flagitiosae
566 3169 699 3240 vesanie?
712 3171 782 3250 sons
796 3169 946 3238 extiterit.
964 3169 1070 3238 Enim·

43 3297 106 3344 tero
117 3303 192 3348 oum
206 3282 378 3354 intercisus
388 3281 441 3350 ille
455 3295 565 3372 postea
574 3305 640 3350 non
654 3282 776 3358 luisset,
792 3277 850 3348 sed
861 3280 967 3369 potius
982 3280 1070 3346 novis

44 3385 140 3454 indies
155 3391 366 3458 incrementis
381 3405 510 3470 auctus,
525 3415 639 3484 magne
653 3393 685 3460 'vi
700 3392 830 3459 tandem
841 3413 880 3457 ac
892 3389 1071 3460 vehementi
1174 3433 1179 3454 ,

46 3513 126 3564 eursu
140 3499 220 3567 ferri
235 3502 343 3591 eoepit.
362 3501 435 3568 ttox
452 3504 559 3594 itaque
582 3502 806 3592 multiplicium
821 3501 1001 3568 ‹taemonum
1018 3525 1070 3570 ar-

45 3606 186 3678 chitectus
211 3611 362 3689 efficitur,
387 3613 592 3680 bocetombas
620 3610 790 3688 sacrificat,
814 3609 969 3678 solemnes
991 3635 1071 3679 eon-

46 3733 142 3787 uentus
157 3723 309 3800 instituit,
322 3724 413 3814 erigit
428 3723 609 3800 simulacra,
627 3721 743 3812 temple
760 3718 908 3797 aedilicut,
929 3720 983 3786 sed
999 3747 1070 3810 quae
1138 3785 1145 3795 .

49 3827 213 3910 luecenim
224 3835 256 3904 id
267 3835 485 3912 dissimulabo,
506 3837 562 3906 sed
576 3835 682 3924 potius
693 3833 856 3902 manifeste
872 3839 1066 3923 coarguam)

45 3937 165 4012 honesto
179 3948 311 4035 quidem
331 3946 523 4038 templorum
539 3945 666 4016 nomine
682 3937 897 4019 celebrentur,
915 3953 1069 4012 ceterum
