<?xml version="1.0" encoding="UTF-8"?>
<!DOCTYPE html PUBLIC "-//W3C//DTD XHTML 1.0 Transitional//EN"
    "http://www.w3.org/TR/xhtml1/DTD/xhtml1-transitional.dtd">
<html xmlns="http://www.w3.org/1999/xhtml" xml:lang="en" lang="en">
 <head>
  <title>
</title>
<meta http-equiv="Content-Type" content="text/html;charset=utf-8" />
  <meta name='ocr-system' content='tesseract 3.04.00' />
  <meta name='ocr-capabilities' content='ocr_page ocr_carea ocr_par ocr_line ocrx_word'/>
</head>
<body>
  <div class='ocr_page' id='page_1' title='image "./collectioselect00guilgoog_0628.png"; bbox 0 0 2382 4592; ppageno 0'>
   <div class='ocr_carea' id='block_1_1' title="bbox 205 241 922 308">
    <p class='ocr_par' dir='ltr' id='par_1_1' title="bbox 205 241 922 308">
     <span class='ocr_line' id='line_1_1' title="bbox 205 241 922 308; baseline 0.003 -4"><span class='ocrx_word' id='word_1_1' title='bbox 205 241 265 305; x_wconf 75' lang='lat'><strong>150</strong></span> <span class='ocrx_word' id='word_1_2' title='bbox 514 261 684 306; x_wconf 67' lang='lat' dir='ltr'><strong>clausuras</strong></span> <span class='ocrx_word' id='word_1_3' title='bbox 709 263 922 308; x_wconf 74' lang='lat' dir='ltr'><strong>staturosum</strong></span> 
     </span>
    </p>
   </div>
   <div class='ocr_carea' id='block_1_2' title="bbox 199 379 1179 1442">
    <p class='ocr_par' dir='ltr' id='par_1_2' title="bbox 199 379 1179 1442">
     <span class='ocr_line' id='line_1_2' title="bbox 202 379 1179 474; baseline 0.003 -28"><span class='ocrx_word' id='word_1_4' title='bbox 202 382 288 448; x_wconf 88' lang='lat' dir='ltr'><strong>enim</strong></span> <span class='ocrx_word' id='word_1_5' title='bbox 305 379 398 446; x_wconf 84' lang='lat' dir='ltr'><strong>vellet</strong></span> <span class='ocrx_word' id='word_1_6' title='bbox 420 381 485 450; x_wconf 85' lang='lat' dir='ltr'><strong>Lex</strong></span> <span class='ocrx_word' id='word_1_7' title='bbox 507 381 590 446; x_wconf 81' lang='lat' dir='ltr'><strong>viros</strong></span> <span class='ocrx_word' id='word_1_8' title='bbox 613 381 658 446; x_wconf 90' lang='lat' dir='ltr'><strong>uti</strong></span> <span class='ocrx_word' id='word_1_9' title='bbox 678 381 841 448; x_wconf 83' lang='lat' dir='ltr'><strong>moderate</strong></span> <span class='ocrx_word' id='word_1_10' title='bbox 864 383 1021 458; x_wconf 78' lang='lat' dir='ltr'><strong>excribrat,</strong></span> <span class='ocrx_word' id='word_1_11' title='bbox 1039 397 1066 448; x_wconf 90' lang='lat' dir='ltr'><strong>et</strong></span> <span class='ocrx_word' id='word_1_12' title='bbox 1079 401 1179 474; x_wconf 51' lang='lat' dir='ltr'><strong>propte¹</strong></span> 
     </span>
     <span class='ocr_line' id='line_1_3' title="bbox 202 486 1163 586; baseline 0.002 -31"><span class='ocrx_word' id='word_1_13' title='bbox 202 488 303 555; x_wconf 89' lang='lat' dir='ltr'><strong>solam</strong></span> <span class='ocrx_word' id='word_1_14' title='bbox 326 486 499 555; x_wconf 86' lang='lat' dir='ltr'><strong>liberorum</strong></span> <span class='ocrx_word' id='word_1_15' title='bbox 520 490 771 578; x_wconf 76' lang='lat' dir='ltr'><strong>susceptionem,</strong></span> <span class='ocrx_word' id='word_1_16' title='bbox 795 513 834 554; x_wconf 81' lang='lat' dir='ltr'><strong>ex</strong></span> <span class='ocrx_word' id='word_1_17' title='bbox 855 513 895 556; x_wconf 85' lang='lat' dir='ltr'><strong>ee</strong></span> <span class='ocrx_word' id='word_1_18' title='bbox 916 489 1096 586; x_wconf 33' lang='lat' dir='ltr'><strong>clanim-eat.</strong></span> <span class='ocrx_word' id='word_1_19' title='bbox 1111 495 1163 580; x_wconf 74' lang='lat' dir='ltr'><strong>qul</strong></span> 
     </span>
     <span class='ocr_line' id='line_1_4' title="bbox 200 597 1162 686; baseline 0.003 -24"><span class='ocrx_word' id='word_1_20' title='bbox 200 597 349 686; x_wconf 87' lang='lat' dir='ltr'><strong>probibet</strong></span> <span class='ocrx_word' id='word_1_21' title='bbox 364 598 492 684; x_wconf 88' lang='lat' dir='ltr'><strong>quidem</strong></span> <span class='ocrx_word' id='word_1_22' title='bbox 507 621 604 672; x_wconf 88' lang='lat' dir='ltr'><strong>eum,</strong></span> <span class='ocrx_word' id='word_1_23' title='bbox 620 598 750 686; x_wconf 91' lang='lat' dir='ltr'><strong>quinon</strong></span> <span class='ocrx_word' id='word_1_24' title='bbox 765 597 862 664; x_wconf 80' lang='lat' dir='ltr'><strong>babet</strong></span> <span class='ocrx_word' id='word_1_25' title='bbox 878 601 1162 674; x_wconf 51' lang='lat' dir='ltr'><strong>nonmusios·</strong></span> 
     </span>
     <span class='ocr_line' id='line_1_5' title="bbox 203 704 1163 790; baseline 0.003 -19"><span class='ocrx_word' id='word_1_26' title='bbox 203 706 319 790; x_wconf 82' lang='lat' dir='ltr'><strong>captiua</strong></span> <span class='ocrx_word' id='word_1_27' title='bbox 334 704 452 772; x_wconf 82' lang='lat' dir='ltr'><strong>habere</strong></span> <span class='ocrx_word' id='word_1_28' title='bbox 467 706 731 772; x_wconf 87' lang='lat' dir='ltr'><strong>consuetudinem</strong></span> <span class='ocrx_word' id='word_1_29' title='bbox 741 704 763 769; x_wconf 87' lang='lat'><strong>¹.</strong></span> <span class='ocrx_word' id='word_1_30' title='bbox 783 707 879 786; x_wconf 88' lang='lat' dir='ltr'><strong>Quod</strong></span> <span class='ocrx_word' id='word_1_31' title='bbox 891 707 916 771; x_wconf 90' lang='lat' dir='ltr'><strong>si</strong></span> <span class='ocrx_word' id='word_1_32' title='bbox 929 706 1019 772; x_wconf 88' lang='lat' dir='ltr'><strong>semel</strong></span> <span class='ocrx_word' id='word_1_33' title='bbox 1032 708 1163 774; x_wconf 74' lang='lat' dir='ltr'><strong>desidere</strong></span> 
     </span>
     <span class='ocr_line' id='line_1_6' title="bbox 200 812 1163 904; baseline 0.004 -26"><span class='ocrx_word' id='word_1_34' title='bbox 200 815 260 888; x_wconf 86' lang='lat' dir='ltr'><strong>rit,</strong></span> <span class='ocrx_word' id='word_1_35' title='bbox 273 815 320 888; x_wconf 87' lang='lat' dir='ltr'><strong>ei,</strong></span> <span class='ocrx_word' id='word_1_36' title='bbox 338 836 413 880; x_wconf 89' lang='lat' dir='ltr'><strong>cum</strong></span> <span class='ocrx_word' id='word_1_37' title='bbox 429 826 519 880; x_wconf 83' lang='lat' dir='ltr'><strong>tonsu</strong></span> <span class='ocrx_word' id='word_1_38' title='bbox 536 815 631 880; x_wconf 86' lang='lat' dir='ltr'><strong>luerit</strong></span> <span class='ocrx_word' id='word_1_39' title='bbox 645 812 795 902; x_wconf 76' lang='lat' dir='ltr'><strong>capillos,</strong></span> <span class='ocrx_word' id='word_1_40' title='bbox 812 815 992 902; x_wconf 87' lang='lat' dir='ltr'><strong>permittere</strong></span> <span class='ocrx_word' id='word_1_41' title='bbox 1007 828 1037 879; x_wconf 90' lang='lat' dir='ltr'><strong>ot</strong></span> <span class='ocrx_word' id='word_1_42' title='bbox 1050 813 1163 904; x_wconf 66' lang='lat' dir='ltr'><strong>lugeat</strong></span> 
     </span>
     <span class='ocr_line' id='line_1_7' title="bbox 199 921 1163 1011; baseline 0 -24"><span class='ocrx_word' id='word_1_43' title='bbox 199 921 285 1010; x_wconf 77' lang='lat' dir='ltr'><strong>ginta</strong></span> <span class='ocrx_word' id='word_1_44' title='bbox 302 921 424 986; x_wconf 82' lang='lat' dir='ltr'><strong>diebus.</strong></span> <span class='ocrx_word' id='word_1_45' title='bbox 439 922 473 988; x_wconf 84' lang='lat' dir='ltr'><strong>si</strong></span> <span class='ocrx_word' id='word_1_46' title='bbox 487 934 594 990; x_wconf 87' lang='lat' dir='ltr'><strong>autem</strong></span> <span class='ocrx_word' id='word_1_47' title='bbox 605 944 646 988; x_wconf 91' lang='lat' dir='ltr'><strong>ne</strong></span> <span class='ocrx_word' id='word_1_48' title='bbox 658 922 844 1010; x_wconf 87' lang='lat' dir='ltr'><strong>sicquidem</strong></span> <span class='ocrx_word' id='word_1_49' title='bbox 859 935 1044 988; x_wconf 70' lang='lat' dir='ltr'><strong>emarcescat</strong></span> <span class='ocrx_word' id='word_1_50' title='bbox 1055 923 1163 1011; x_wconf 61' lang='lat' dir='ltr'><strong>mpidm</strong></span> 
     </span>
     <span class='ocr_line' id='line_1_8' title="bbox 200 1027 1164 1118; baseline 0 -24"><span class='ocrx_word' id='word_1_51' title='bbox 200 1041 277 1094; x_wconf 85' lang='lat' dir='ltr'><strong>tunc</strong></span> <span class='ocrx_word' id='word_1_52' title='bbox 296 1027 404 1094; x_wconf 88' lang='lat' dir='ltr'><strong>liberis</strong></span> <span class='ocrx_word' id='word_1_53' title='bbox 421 1051 552 1117; x_wconf 87' lang='lat' dir='ltr'><strong>operam</strong></span> <span class='ocrx_word' id='word_1_54' title='bbox 568 1029 664 1105; x_wconf 87' lang='lat' dir='ltr'><strong>darc,</strong></span> <span class='ocrx_word' id='word_1_55' title='bbox 685 1051 759 1094; x_wconf 90' lang='lat' dir='ltr'><strong>oum</strong></span> <span class='ocrx_word' id='word_1_56' title='bbox 781 1053 851 1118; x_wconf 80' lang='lat' dir='ltr'><strong>quae</strong></span> <span class='ocrx_word' id='word_1_57' title='bbox 868 1028 1039 1096; x_wconf 74' lang='lat' dir='ltr'><strong>dominatur</strong></span> <span class='ocrx_word' id='word_1_58' title='bbox 1055 1029 1164 1118; x_wconf 79' lang='lat' dir='ltr'><strong>impolis,</strong></span> 
     </span>
     <span class='ocr_line' id='line_1_9' title="bbox 199 1135 1162 1226; baseline 0 -24"><span class='ocrx_word' id='word_1_59' title='bbox 199 1138 333 1226; x_wconf 72' lang='lat' dir='ltr'><strong>proheta</strong></span> <span class='ocrx_word' id='word_1_60' title='bbox 345 1137 385 1201; x_wconf 85' lang='lat' dir='ltr'><strong>sit</strong></span> <span class='ocrx_word' id='word_1_61' title='bbox 400 1135 557 1226; x_wconf 72' lang='lat' dir='ltr'><strong>prefinito</strong></span> <span class='ocrx_word' id='word_1_62' title='bbox 573 1149 714 1225; x_wconf 89' lang='lat' dir='ltr'><strong>tempore</strong></span> <span class='ocrx_word' id='word_1_63' title='bbox 726 1149 936 1202; x_wconf 86' lang='lat' dir='ltr'><strong>consentanea</strong></span> <span class='ocrx_word' id='word_1_64' title='bbox 948 1137 1050 1202; x_wconf 88' lang='lat' dir='ltr'><strong>rationi</strong></span> <span class='ocrx_word' id='word_1_65' title='bbox 1060 1139 1162 1224; x_wconf 74' lang='lat' dir='ltr'><strong>appetis</strong></span> 
     </span>
     <span class='ocr_line' id='line_1_10' title="bbox 202 1242 1163 1333; baseline -0.002 -21"><span class='ocrx_word' id='word_1_66' title='bbox 202 1244 294 1312; x_wconf 85' lang='lat' dir='ltr'><strong>Unde</strong></span> <span class='ocrx_word' id='word_1_67' title='bbox 305 1243 428 1310; x_wconf 87' lang='lat' dir='ltr'><strong>nullum</strong></span> <span class='ocrx_word' id='word_1_68' title='bbox 441 1268 480 1310; x_wconf 79' lang='lat' dir='ltr'><strong>ex</strong></span> <span class='ocrx_word' id='word_1_69' title='bbox 491 1242 658 1312; x_wconf 73' lang='lat' dir='ltr'>Veteribus</span> <span class='ocrx_word' id='word_1_70' title='bbox 668 1266 707 1308; x_wconf 79' lang='lat' dir='ltr'><strong>ea</strong></span> <span class='ocrx_word' id='word_1_71' title='bbox 718 1245 882 1333; x_wconf 84' lang='lat' dir='ltr'><strong>Scriptura</strong></span> <span class='ocrx_word' id='word_1_72' title='bbox 898 1245 1114 1331; x_wconf 86' lang='lat' dir='ltr'><strong>ostenderis,qui</strong></span> <span class='ocrx_word' id='word_1_73' title='bbox 1123 1267 1163 1310; x_wconf 78' lang='grc' dir='ltr'><strong>σι</strong></span> 
     </span>
     <span class='ocr_line' id='line_1_11' title="bbox 200 1350 1162 1442; baseline -0.001 -25"><span class='ocrx_word' id='word_1_74' title='bbox 200 1364 383 1442; x_wconf 70' lang='lat' dir='ltr'><strong>pregnante</strong></span> <span class='ocrx_word' id='word_1_75' title='bbox 398 1373 467 1418; x_wconf 85' lang='lat' dir='ltr'><strong>rem</strong></span> <span class='ocrx_word' id='word_1_76' title='bbox 486 1350 654 1418; x_wconf 78' lang='lat' dir='ltr'><strong>habuerit:</strong></span> <span class='ocrx_word' id='word_1_77' title='bbox 680 1351 736 1416; x_wconf 88' lang='lat' dir='ltr'><strong>sed</strong></span> <span class='ocrx_word' id='word_1_78' title='bbox 759 1364 928 1440; x_wconf 78' lang='lat' dir='ltr'><strong>postquam</strong></span> <span class='ocrx_word' id='word_1_79' title='bbox 942 1352 1061 1440; x_wconf 74' lang='lat' dir='ltr'><strong>gestavit</strong></span> <span class='ocrx_word' id='word_1_80' title='bbox 1073 1363 1162 1424; x_wconf 76' lang='lat' dir='ltr'><strong>nem,</strong></span> 
     </span>
    </p>
   </div>
   <div class='ocr_carea' id='block_1_3' title="bbox 106 1458 1163 1548">
    <p class='ocr_par' dir='ltr' id='par_1_3' title="bbox 106 1458 1163 1548">
     <span class='ocr_line' id='line_1_12' title="bbox 106 1458 1163 1548; baseline -0.005 -19"><span class='ocrx_word' id='word_1_81' title='bbox 106 1489 109 1496; x_wconf 87' lang='lat'>·</span> <span class='ocrx_word' id='word_1_82' title='bbox 201 1471 234 1528; x_wconf 85' lang='lat' dir='ltr'><strong>et</strong></span> <span class='ocrx_word' id='word_1_83' title='bbox 253 1473 421 1548; x_wconf 77' lang='lat' dir='ltr'><strong>postquam</strong></span> <span class='ocrx_word' id='word_1_84' title='bbox 435 1461 558 1528; x_wconf 88' lang='lat' dir='ltr'><strong>editum</strong></span> <span class='ocrx_word' id='word_1_85' title='bbox 579 1460 690 1525; x_wconf 79' lang='lat' dir='ltr'><strong>lustum</strong></span> <span class='ocrx_word' id='word_1_86' title='bbox 707 1485 725 1526; x_wconf 88' lang='lat' dir='ltr'><strong>a</strong></span> <span class='ocrx_word' id='word_1_87' title='bbox 747 1458 829 1526; x_wconf 87' lang='lat' dir='ltr'><strong>lacte</strong></span> <span class='ocrx_word' id='word_1_88' title='bbox 846 1459 982 1548; x_wconf 82' lang='lat' dir='ltr'><strong>depulit,</strong></span> <span class='ocrx_word' id='word_1_89' title='bbox 1004 1459 1163 1524; x_wconf 81' lang='lat' dir='ltr'><strong>ransmatii</strong></span> 
     </span>
    </p>
   </div>
   <div class='ocr_carea' id='block_1_4' title="bbox 200 1552 1182 1898">
    <p class='ocr_par' dir='ltr' id='par_1_4' title="bbox 200 1552 1182 1898">
     <span class='ocr_line' id='line_1_13' title="bbox 202 1552 1160 1656; baseline -0.007 -20"><span class='ocrx_word' id='word_1_90' title='bbox 202 1568 345 1656; x_wconf 74' lang='lat' dir='ltr'><strong>cognitas</strong></span> <span class='ocrx_word' id='word_1_91' title='bbox 361 1568 455 1632; x_wconf 83' lang='lat' dir='ltr'><strong>luisse</strong></span> <span class='ocrx_word' id='word_1_92' title='bbox 472 1552 594 1632; x_wconf 78' lang='lat' dir='ltr'><strong>uxores.</strong></span> <span class='ocrx_word' id='word_1_93' title='bbox 613 1569 686 1634; x_wconf 81' lang='lat' dir='ltr'><strong>dam</strong></span> <span class='ocrx_word' id='word_1_94' title='bbox 701 1565 787 1632; x_wconf 90' lang='lat' dir='ltr'><strong>huuc</strong></span> <span class='ocrx_word' id='word_1_95' title='bbox 800 1589 934 1656; x_wconf 87' lang='lat' dir='ltr'><strong>scopum</strong></span> <span class='ocrx_word' id='word_1_96' title='bbox 949 1579 982 1632; x_wconf 87' lang='lat' dir='ltr'><strong>et</strong></span> <span class='ocrx_word' id='word_1_97' title='bbox 996 1567 1160 1632; x_wconf 73' lang='lat' dir='ltr'><strong>institutmb</strong></span> 
     </span>
     <span class='ocr_line' id='line_1_14' title="bbox 200 1674 1181 1762; baseline -0.004 -19"><span class='ocrx_word' id='word_1_98' title='bbox 200 1677 309 1743; x_wconf 85' lang='lat' dir='ltr'><strong>venies</strong></span> <span class='ocrx_word' id='word_1_99' title='bbox 325 1688 501 1742; x_wconf 81' lang='lat' dir='ltr'><strong>servantem</strong></span> <span class='ocrx_word' id='word_1_100' title='bbox 512 1674 606 1740; x_wconf 84' lang='lat' dir='ltr'><strong>llosis</strong></span> <span class='ocrx_word' id='word_1_101' title='bbox 621 1676 766 1751; x_wconf 84' lang='lat' dir='ltr'><strong>Patrem,</strong></span> <span class='ocrx_word' id='word_1_102' title='bbox 780 1697 853 1740; x_wconf 88' lang='lat' dir='ltr'><strong>cum</strong></span> <span class='ocrx_word' id='word_1_103' title='bbox 870 1675 1031 1740; x_wconf 76' lang='lat' dir='ltr'><strong>triennium</strong></span> <span class='ocrx_word' id='word_1_104' title='bbox 1045 1686 1101 1762; x_wconf 82' lang='lat' dir='ltr'><strong>pest</strong></span> <span class='ocrx_word' id='word_1_105' title='bbox 1111 1674 1163 1739; x_wconf 79' lang='lat' dir='ltr'><strong>lto</strong></span> <span class='ocrx_word' id='word_1_106' title='bbox 1179 1713 1181 1752; x_wconf 46' lang='lat' dir='ltr'><strong>t</strong></span> 
     </span>
     <span class='ocr_line' id='line_1_15' title="bbox 202 1780 1182 1898; baseline -0.008 -47"><span class='ocrx_word' id='word_1_107' title='bbox 202 1806 280 1851; x_wconf 88' lang='lat' dir='ltr'><strong>nem</strong></span> <span class='ocrx_word' id='word_1_108' title='bbox 298 1783 420 1849; x_wconf 86' lang='lat' dir='ltr'><strong>editum</strong></span> <span class='ocrx_word' id='word_1_109' title='bbox 436 1783 673 1856; x_wconf 80' lang='lat' dir='ltr'><strong>intermisisset,</strong></span> <span class='ocrx_word' id='word_1_110' title='bbox 691 1783 835 1870; x_wconf 72' lang='lat' dir='ltr'><strong>genuisse</strong></span> <span class='ocrx_word' id='word_1_111' title='bbox 850 1782 979 1848; x_wconf 87' lang='lat' dir='ltr'><strong>lllosem.</strong></span> <span class='ocrx_word' id='word_1_112' title='bbox 998 1783 1034 1848; x_wconf 83' lang='lat' dir='ltr'><strong>llt</strong></span> <span class='ocrx_word' id='word_1_113' title='bbox 1046 1780 1162 1846; x_wconf 81' lang='lat' dir='ltr'><strong>rursuls</strong></span> <span class='ocrx_word' id='word_1_114' title='bbox 1180 1807 1182 1898; x_wconf 74' lang='grc' dir='ltr'>Ι</span> 
     </span>
    </p>
   </div>
   <div class='ocr_carea' id='block_1_5' title="bbox 128 1888 1161 1978">
    <p class='ocr_par' dir='ltr' id='par_1_5' title="bbox 128 1888 1161 1978">
     <span class='ocr_line' id='line_1_16' title="bbox 128 1888 1161 1978; baseline -0.001 -21"><span class='ocrx_word' id='word_1_115' title='bbox 128 1913 137 1929; x_wconf 90' lang='grc'><em>·</em></span> <span class='ocrx_word' id='word_1_116' title='bbox 202 1891 299 1960; x_wconf 78' lang='lat' dir='ltr'><strong>vitica</strong></span> <span class='ocrx_word' id='word_1_117' title='bbox 315 1891 417 1956; x_wconf 87' lang='lat' dir='ltr'><strong>tribus</strong></span> <span class='ocrx_word' id='word_1_118' title='bbox 436 1913 562 1956; x_wconf 85' lang='lat' dir='ltr'><strong>servans</strong></span> <span class='ocrx_word' id='word_1_119' title='bbox 577 1890 660 1956; x_wconf 87' lang='lat' dir='ltr'><strong>hano</strong></span> <span class='ocrx_word' id='word_1_120' title='bbox 675 1902 796 1954; x_wconf 69' lang='lat' dir='ltr'><strong>natura:</strong></span> <span class='ocrx_word' id='word_1_121' title='bbox 814 1891 931 1978; x_wconf 80' lang='lat' dir='ltr'><strong>Legem</strong></span> <span class='ocrx_word' id='word_1_122' title='bbox 945 1915 964 1956; x_wconf 90' lang='lat' dir='ltr'><strong>a</strong></span> <span class='ocrx_word' id='word_1_123' title='bbox 978 1889 1038 1955; x_wconf 79' lang='lat' dir='ltr'><strong>lieo</strong></span> <span class='ocrx_word' id='word_1_124' title='bbox 1056 1888 1161 1956; x_wconf 74' lang='lat' dir='ltr'><strong>traditu.</strong></span> 
     </span>
    </p>
   </div>
   <div class='ocr_carea' id='block_1_6' title="bbox 203 1994 1183 3701">
    <p class='ocr_par' dir='ltr' id='par_1_6' title="bbox 203 1994 1183 3701">
     <span class='ocr_line' id='line_1_17' title="bbox 204 1994 1162 2086; baseline -0.008 -20"><span class='ocrx_word' id='word_1_125' title='bbox 204 1997 272 2066; x_wconf 89' lang='lat' dir='ltr'><strong>aliis</strong></span> <span class='ocrx_word' id='word_1_126' title='bbox 288 2021 422 2064; x_wconf 89' lang='lat' dir='ltr'><strong>numero</strong></span> <span class='ocrx_word' id='word_1_127' title='bbox 438 1997 542 2062; x_wconf 90' lang='lat' dir='ltr'><strong>minor</strong></span> <span class='ocrx_word' id='word_1_128' title='bbox 556 1998 694 2085; x_wconf 80' lang='lat' dir='ltr'><strong>ingressu</strong></span> <span class='ocrx_word' id='word_1_129' title='bbox 710 2010 757 2062; x_wconf 90' lang='lat' dir='ltr'><strong>est</strong></span> <span class='ocrx_word' id='word_1_130' title='bbox 772 1998 805 2062; x_wconf 93' lang='lat' dir='ltr'><strong>in</strong></span> <span class='ocrx_word' id='word_1_131' title='bbox 820 2010 938 2064; x_wconf 83' lang='lat' dir='ltr'><strong>terram</strong></span> <span class='ocrx_word' id='word_1_132' title='bbox 953 1997 1115 2086; x_wconf 82' lang='lat' dir='ltr'><strong>promissam.</strong></span> <span class='ocrx_word' id='word_1_133' title='bbox 1126 1994 1162 2058; x_wconf 71' lang='lat' dir='ltr'><strong>,ta</strong></span> 
     </span>
     <span class='ocr_line' id='line_1_18' title="bbox 204 2102 1161 2193; baseline -0.002 -23"><span class='ocrx_word' id='word_1_134' title='bbox 204 2106 290 2170; x_wconf 88' lang='lat' dir='ltr'><strong>enim</strong></span> <span class='ocrx_word' id='word_1_135' title='bbox 308 2102 398 2169; x_wconf 89' lang='lat' dir='ltr'><strong>sacile</strong></span> <span class='ocrx_word' id='word_1_136' title='bbox 412 2102 640 2192; x_wconf 88' lang='lat' dir='ltr'><strong>multiplicatur</strong></span> <span class='ocrx_word' id='word_1_137' title='bbox 654 2127 770 2193; x_wconf 80' lang='lat' dir='ltr'><strong>genus,</strong></span> <span class='ocrx_word' id='word_1_138' title='bbox 784 2127 858 2170; x_wconf 90' lang='lat' dir='ltr'><strong>cum</strong></span> <span class='ocrx_word' id='word_1_139' title='bbox 871 2105 928 2170; x_wconf 84' lang='lat' dir='ltr'><strong>viri</strong></span> <span class='ocrx_word' id='word_1_140' title='bbox 940 2105 1055 2192; x_wconf 85' lang='lat' dir='ltr'><strong>quidem</strong></span> <span class='ocrx_word' id='word_1_141' title='bbox 1064 2103 1161 2168; x_wconf 74' lang='lat' dir='ltr'><strong>sente</strong></span> 
     </span>
     <span class='ocr_line' id='line_1_19' title="bbox 205 2207 1162 2300; baseline -0.005 -24"><span class='ocrx_word' id='word_1_142' title='bbox 205 2209 347 2300; x_wconf 78' lang='lat' dir='ltr'><strong>legitimo</strong></span> <span class='ocrx_word' id='word_1_143' title='bbox 364 2211 465 2299; x_wconf 90' lang='lat' dir='ltr'><strong>juncti</strong></span> <span class='ocrx_word' id='word_1_144' title='bbox 490 2211 711 2287; x_wconf 90' lang='lat' dir='ltr'><strong>matrimonio,</strong></span> <span class='ocrx_word' id='word_1_145' title='bbox 738 2224 906 2300; x_wconf 82' lang='lat' dir='ltr'><strong>expectant</strong></span> <span class='ocrx_word' id='word_1_146' title='bbox 924 2225 1025 2278; x_wconf 86' lang='lat' dir='ltr'><strong>autem</strong></span> <span class='ocrx_word' id='word_1_147' title='bbox 1040 2235 1090 2276; x_wconf 88' lang='lat' dir='ltr'><strong>non</strong></span> <span class='ocrx_word' id='word_1_148' title='bbox 1104 2207 1162 2273; x_wconf 81' lang='lat' dir='ltr'><strong>sulm</strong></span> 
     </span>
     <span class='ocr_line' id='line_1_20' title="bbox 206 2313 1162 2409; baseline -0.006 -25"><span class='ocrx_word' id='word_1_149' title='bbox 206 2319 289 2384; x_wconf 90' lang='lat' dir='ltr'><strong>uteri</strong></span> <span class='ocrx_word' id='word_1_150' title='bbox 310 2319 537 2409; x_wconf 74' lang='lat' dir='ltr'><strong>gestationem,</strong></span> <span class='ocrx_word' id='word_1_151' title='bbox 562 2319 618 2384; x_wconf 85' lang='lat' dir='ltr'><strong>sed</strong></span> <span class='ocrx_word' id='word_1_152' title='bbox 639 2318 735 2384; x_wconf 84' lang='lat' dir='ltr'><strong>etiam</strong></span> <span class='ocrx_word' id='word_1_153' title='bbox 755 2346 771 2384; x_wconf 82' lang='lat' dir='ltr'>a</span> <span class='ocrx_word' id='word_1_154' title='bbox 790 2318 872 2385; x_wconf 87' lang='lat' dir='ltr'><strong>lacte</strong></span> <span class='ocrx_word' id='word_1_155' title='bbox 895 2317 1096 2408; x_wconf 86' lang='lat' dir='ltr'><strong>depulsionem.</strong></span> <span class='ocrx_word' id='word_1_156' title='bbox 1114 2313 1162 2379; x_wconf 79' lang='lat' dir='ltr'><strong>tat</strong></span> 
     </span>
     <span class='ocr_line' id='line_1_21' title="bbox 205 2421 1163 2518; baseline -0.008 -24"><span class='ocrx_word' id='word_1_157' title='bbox 205 2427 321 2494; x_wconf 90' lang='lat' dir='ltr'><strong>merito</strong></span> <span class='ocrx_word' id='word_1_158' title='bbox 336 2427 438 2493; x_wconf 86' lang='lat' dir='ltr'><strong>Moses</strong></span> <span class='ocrx_word' id='word_1_159' title='bbox 457 2449 583 2514; x_wconf 88' lang='lat' dir='ltr'><strong>quoque</strong></span> <span class='ocrx_word' id='word_1_160' title='bbox 597 2421 724 2492; x_wconf 85' lang='lat' dir='ltr'><strong>Judaeos</strong></span> <span class='ocrx_word' id='word_1_161' title='bbox 739 2425 893 2515; x_wconf 88' lang='lat' dir='ltr'><strong>paulatim</strong></span> <span class='ocrx_word' id='word_1_162' title='bbox 911 2427 1070 2518; x_wconf 82' lang='lat' dir='ltr'><strong>provehens</strong></span> <span class='ocrx_word' id='word_1_163' title='bbox 1083 2425 1112 2489; x_wconf 87' lang='lat' dir='ltr'><strong>ad</strong></span> <span class='ocrx_word' id='word_1_164' title='bbox 1123 2444 1163 2486; x_wconf 83' lang='lat' dir='ltr'><strong>tar</strong></span> 
     </span>
     <span class='ocr_line' id='line_1_22' title="bbox 203 2533 1161 2624; baseline -0.003 -24"><span class='ocrx_word' id='word_1_165' title='bbox 203 2536 393 2610; x_wconf 77' lang='lat' dir='ltr'><strong>tinentiam,</strong></span> <span class='ocrx_word' id='word_1_166' title='bbox 417 2557 491 2600; x_wconf 89' lang='lat' dir='ltr'><strong>cum</strong></span> <span class='ocrx_word' id='word_1_167' title='bbox 508 2534 605 2602; x_wconf 79' lang='lat' dir='ltr'><strong>tribus</strong></span> <span class='ocrx_word' id='word_1_168' title='bbox 624 2533 749 2600; x_wconf 74' lang='lat' dir='ltr'><strong>diebus²</strong></span> <span class='ocrx_word' id='word_1_169' title='bbox 766 2535 915 2624; x_wconf 88' lang='lat' dir='ltr'><strong>deinceps</strong></span> <span class='ocrx_word' id='word_1_170' title='bbox 937 2533 1161 2623; x_wconf 76' lang='lat' dir='ltr'><strong>consequentuer</strong></span> 
     </span>
     <span class='ocr_line' id='line_1_23' title="bbox 204 2631 1161 2727; baseline -0.007 -21"><span class='ocrx_word' id='word_1_171' title='bbox 204 2659 340 2706; x_wconf 84' lang='lat' dir='ltr'><strong>venerea</strong></span> <span class='ocrx_word' id='word_1_172' title='bbox 359 2638 519 2727; x_wconf 80' lang='lat' dir='ltr'><strong>voluptate</strong></span> <span class='ocrx_word' id='word_1_173' title='bbox 541 2639 785 2714; x_wconf 85' lang='lat' dir='ltr'><strong>abstinuissent,</strong></span> <span class='ocrx_word' id='word_1_174' title='bbox 805 2638 897 2726; x_wconf 88' lang='lat' dir='ltr'><strong>jussit</strong></span> <span class='ocrx_word' id='word_1_175' title='bbox 918 2640 1023 2706; x_wconf 87' lang='lat' dir='ltr'><strong>eudire</strong></span> <span class='ocrx_word' id='word_1_176' title='bbox 1041 2641 1111 2704; x_wconf 79' lang='lat' dir='ltr'><strong>veta</strong></span> <span class='ocrx_word' id='word_1_177' title='bbox 1124 2631 1161 2699; x_wconf 69' lang='lat' dir='ltr'><strong>ld</strong></span> 
     </span>
     <span class='ocr_line' id='line_1_24' title="bbox 213 2739 1183 2837; baseline -0.002 -30"><span class='ocrx_word' id='word_1_178' title='bbox 213 2770 226 2807; x_wconf 78' lang='lat' dir='ltr'><strong>a</strong></span> <span class='ocrx_word' id='word_1_179' title='bbox 239 2748 301 2814; x_wconf 82' lang='lat' dir='ltr'><strong>Nos</strong></span> <span class='ocrx_word' id='word_1_180' title='bbox 317 2768 394 2835; x_wconf 82' lang='lat' dir='ltr'><strong>ergo</strong></span> <span class='ocrx_word' id='word_1_181' title='bbox 409 2748 467 2813; x_wconf 89' lang='lat' dir='ltr'><strong>Dei</strong></span> <span class='ocrx_word' id='word_1_182' title='bbox 483 2746 601 2836; x_wconf 86' lang='lat' dir='ltr'><strong>templa</strong></span> <span class='ocrx_word' id='word_1_183' title='bbox 616 2767 743 2824; x_wconf 87' lang='lat' dir='ltr'><strong>sumus,</strong></span> <span class='ocrx_word' id='word_1_184' title='bbox 760 2748 843 2813; x_wconf 87' lang='lat' dir='ltr'><strong>sicut</strong></span> <span class='ocrx_word' id='word_1_185' title='bbox 859 2748 938 2814; x_wconf 85' lang='lat' dir='ltr'><strong>dixit</strong></span> <span class='ocrx_word' id='word_1_186' title='bbox 952 2747 1102 2837; x_wconf 84' lang='lat' dir='ltr'><strong>Propheta:</strong></span> <span class='ocrx_word' id='word_1_187' title='bbox 1114 2739 1163 2807; x_wconf 75' lang='lat' dir='ltr'><strong>tu</strong></span> <span class='ocrx_word' id='word_1_188' title='bbox 1181 2815 1183 2836; x_wconf 79' lang='lat'><em>.</em></span> 
     </span>
     <span class='ocr_line' id='line_1_25' title="bbox 207 2841 1183 2934; baseline -0.003 -18"><span class='ocrx_word' id='word_1_189' title='bbox 207 2855 339 2922; x_wconf 77' lang='lat' dir='ltr'><strong>»bitabo</strong></span> <span class='ocrx_word' id='word_1_190' title='bbox 354 2855 386 2920; x_wconf 88' lang='lat' dir='ltr'><strong>in</strong></span> <span class='ocrx_word' id='word_1_191' title='bbox 402 2855 466 2930; x_wconf 89' lang='lat' dir='ltr'><strong>eis,</strong></span> <span class='ocrx_word' id='word_1_192' title='bbox 483 2867 515 2922; x_wconf 90' lang='lat' dir='ltr'><strong>et</strong></span> <span class='ocrx_word' id='word_1_193' title='bbox 530 2853 756 2932; x_wconf 76' lang='lat' dir='ltr'><strong>inambulabo,</strong></span> <span class='ocrx_word' id='word_1_194' title='bbox 772 2867 805 2920; x_wconf 89' lang='lat' dir='ltr'><strong>et</strong></span> <span class='ocrx_word' id='word_1_195' title='bbox 815 2877 872 2922; x_wconf 88' lang='lat' dir='ltr'><strong>ero</strong></span> <span class='ocrx_word' id='word_1_196' title='bbox 886 2879 995 2922; x_wconf 91' lang='lat' dir='ltr'><strong>eorum</strong></span> <span class='ocrx_word' id='word_1_197' title='bbox 1009 2859 1092 2926; x_wconf 85' lang='lat' dir='ltr'><strong>Deus,</strong></span> <span class='ocrx_word' id='word_1_198' title='bbox 1102 2844 1161 2934; x_wconf 72' lang='lat' dir='ltr'><strong>stipi</strong></span> <span class='ocrx_word' id='word_1_199' title='bbox 1181 2841 1183 2932; x_wconf 77' lang='grc'>1</span> 
     </span>
     <span class='ocr_line' id='line_1_26' title="bbox 208 2945 1183 3054; baseline -0.005 -28"><span class='ocrx_word' id='word_1_200' title='bbox 208 2975 323 3030; x_wconf 79' lang='lat' dir='ltr'><strong>»erunt</strong></span> <span class='ocrx_word' id='word_1_201' title='bbox 338 2983 428 3029; x_wconf 89' lang='lat' dir='ltr'><strong>meus</strong></span> <span class='ocrx_word' id='word_1_202' title='bbox 439 2962 608 3052; x_wconf 77' lang='lat' dir='ltr'><strong>populus⁸3</strong></span> <span class='ocrx_word' id='word_1_203' title='bbox 626 2992 639 3025; x_wconf 83' lang='lat' dir='ltr'><strong>s</strong></span> <span class='ocrx_word' id='word_1_204' title='bbox 656 2965 681 3029; x_wconf 92' lang='lat' dir='ltr'><strong>si</strong></span> <span class='ocrx_word' id='word_1_205' title='bbox 689 2966 900 3054; x_wconf 75' lang='lat' dir='ltr'><strong>exprteceptis</strong></span> <span class='ocrx_word' id='word_1_206' title='bbox 914 2967 1008 3032; x_wconf 86' lang='lat' dir='ltr'><strong>vitam</strong></span> <span class='ocrx_word' id='word_1_207' title='bbox 1021 2963 1161 3028; x_wconf 65' lang='lat' dir='ltr'><strong>instituenti</strong></span> <span class='ocrx_word' id='word_1_208' title='bbox 1181 2945 1183 3022; x_wconf 87' lang='lat' dir='ltr'><strong>l</strong></span> 
     </span>
     <span class='ocr_line' id='line_1_27' title="bbox 206 3071 1183 3161; baseline -0.002 -23"><span class='ocrx_word' id='word_1_209' title='bbox 206 3074 271 3139; x_wconf 86' lang='lat' dir='ltr'><strong>sive</strong></span> <span class='ocrx_word' id='word_1_210' title='bbox 283 3071 396 3161; x_wconf 80' lang='lat' dir='ltr'><strong>singuli</strong></span> <span class='ocrx_word' id='word_1_211' title='bbox 413 3085 577 3148; x_wconf 88' lang='lat' dir='ltr'><strong>nostrum,</strong></span> <span class='ocrx_word' id='word_1_212' title='bbox 592 3073 655 3138; x_wconf 80' lang='lat' dir='ltr'><strong>sive</strong></span> <span class='ocrx_word' id='word_1_213' title='bbox 668 3083 733 3140; x_wconf 84' lang='lat' dir='ltr'><strong>tota</strong></span> <span class='ocrx_word' id='word_1_214' title='bbox 745 3072 837 3138; x_wconf 85' lang='lat' dir='ltr'><strong>simul</strong></span> <span class='ocrx_word' id='word_1_215' title='bbox 850 3071 1000 3140; x_wconf 83' lang='lat' dir='ltr'><strong>Ecclesia.</strong></span> <span class='ocrx_word' id='word_1_216' title='bbox 1012 3073 1162 3152; x_wconf 60' lang='lat' dir='ltr'><strong>«Quam</strong></span> <span class='ocrx_word' id='word_1_217' title='bbox 1181 3081 1183 3148; x_wconf 69' lang='lat' dir='ltr'><strong>t</strong></span> 
     </span>
     <span class='ocr_line' id='line_1_28' title="bbox 208 3165 1183 3268; baseline -0.002 -24"><span class='ocrx_word' id='word_1_218' title='bbox 208 3179 340 3253; x_wconf 78' lang='lat' dir='ltr'><strong>»dimini</strong></span> <span class='ocrx_word' id='word_1_219' title='bbox 357 3177 493 3244; x_wconf 87' lang='lat' dir='ltr'><strong>emedio</strong></span> <span class='ocrx_word' id='word_1_220' title='bbox 513 3179 675 3268; x_wconf 87' lang='lat' dir='ltr'><strong>ipsorum,</strong></span> <span class='ocrx_word' id='word_1_221' title='bbox 692 3191 723 3244; x_wconf 90' lang='lat' dir='ltr'><strong>et</strong></span> <span class='ocrx_word' id='word_1_222' title='bbox 743 3182 952 3268; x_wconf 85' lang='lat' dir='ltr'><strong>separamini,</strong></span> <span class='ocrx_word' id='word_1_223' title='bbox 970 3181 1039 3248; x_wconf 91' lang='lat' dir='ltr'><strong>dicit</strong></span> <span class='ocrx_word' id='word_1_224' title='bbox 1052 3175 1160 3244; x_wconf 67' lang='lat' dir='ltr'><strong>uentu.</strong></span> <span class='ocrx_word' id='word_1_225' title='bbox 1182 3165 1183 3236; x_wconf 69' lang='lat' dir='ltr'><strong>l</strong></span> 
     </span>
     <span class='ocr_line' id='line_1_29' title="bbox 206 3269 1183 3378; baseline 0.006 -30"><span class='ocrx_word' id='word_1_226' title='bbox 206 3299 261 3353; x_wconf 80' lang='lat' dir='ltr'><strong>»et</strong></span> <span class='ocrx_word' id='word_1_227' title='bbox 282 3289 482 3354; x_wconf 85' lang='lat' dir='ltr'><strong>immundum</strong></span> <span class='ocrx_word' id='word_1_228' title='bbox 503 3310 544 3353; x_wconf 90' lang='lat' dir='ltr'><strong>ne</strong></span> <span class='ocrx_word' id='word_1_229' title='bbox 559 3288 709 3375; x_wconf 82' lang='lat' dir='ltr'><strong>tangatis;</strong></span> <span class='ocrx_word' id='word_1_230' title='bbox 736 3301 768 3352; x_wconf 89' lang='lat' dir='ltr'><strong>et</strong></span> <span class='ocrx_word' id='word_1_231' title='bbox 782 3311 843 3378; x_wconf 84' lang='lat' dir='ltr'><strong>ego</strong></span> <span class='ocrx_word' id='word_1_232' title='bbox 857 3311 912 3354; x_wconf 83' lang='lat' dir='ltr'><strong>vos</strong></span> <span class='ocrx_word' id='word_1_233' title='bbox 928 3288 1120 3377; x_wconf 63' lang='lat' dir='ltr'><strong>suscipiam</strong></span> <span class='ocrx_word' id='word_1_234' title='bbox 1133 3295 1161 3342; x_wconf 79' lang='lat' dir='ltr'><strong>at</strong></span> <span class='ocrx_word' id='word_1_235' title='bbox 1181 3269 1183 3358; x_wconf 84' lang='lat' dir='ltr'><strong>l</strong></span> 
     </span>
     <span class='ocr_line' id='line_1_30' title="bbox 206 3383 1162 3483; baseline 0.001 -27"><span class='ocrx_word' id='word_1_236' title='bbox 206 3395 318 3460; x_wconf 75' lang='lat' dir='ltr'><strong>»vobis</strong></span> <span class='ocrx_word' id='word_1_237' title='bbox 334 3396 366 3460; x_wconf 86' lang='lat' dir='ltr'><strong>in</strong></span> <span class='ocrx_word' id='word_1_238' title='bbox 383 3406 505 3483; x_wconf 76' lang='lat' dir='ltr'><strong>patiem</strong></span> <span class='ocrx_word' id='word_1_239' title='bbox 517 3445 526 3470; x_wconf 91' lang='lat'><strong>,</strong></span> <span class='ocrx_word' id='word_1_240' title='bbox 540 3407 575 3460; x_wconf 87' lang='lat' dir='ltr'><strong>at</strong></span> <span class='ocrx_word' id='word_1_241' title='bbox 592 3413 647 3460; x_wconf 86' lang='lat' dir='ltr'><strong>vos</strong></span> <span class='ocrx_word' id='word_1_242' title='bbox 663 3395 749 3460; x_wconf 84' lang='lat' dir='ltr'><strong>eritis</strong></span> <span class='ocrx_word' id='word_1_243' title='bbox 765 3397 842 3462; x_wconf 91' lang='lat' dir='ltr'><strong>mibi</strong></span> <span class='ocrx_word' id='word_1_244' title='bbox 854 3399 885 3462; x_wconf 82' lang='lat' dir='ltr'><strong>in</strong></span> <span class='ocrx_word' id='word_1_245' title='bbox 902 3393 982 3462; x_wconf 84' lang='lat' dir='ltr'><strong>lilios</strong></span> <span class='ocrx_word' id='word_1_246' title='bbox 995 3409 1023 3462; x_wconf 85' lang='lat' dir='ltr'><strong>et</strong></span> <span class='ocrx_word' id='word_1_247' title='bbox 1036 3393 1108 3462; x_wconf 83' lang='lat' dir='ltr'><strong>filias,</strong></span> <span class='ocrx_word' id='word_1_248' title='bbox 1120 3383 1162 3450; x_wconf 68' lang='lat' dir='ltr'><strong>ld</strong></span> 
     </span>
     <span class='ocr_line' id='line_1_31' title="bbox 208 3503 1161 3594; baseline -0.004 -29"><span class='ocrx_word' id='word_1_249' title='bbox 208 3505 384 3571; x_wconf 79' lang='lat' dir='ltr'><strong>»Dominus</strong></span> <span class='ocrx_word' id='word_1_250' title='bbox 397 3505 650 3594; x_wconf 79' lang='lat' dir='ltr'><strong>omnipotens⁸.s</strong></span> <span class='ocrx_word' id='word_1_251' title='bbox 669 3505 738 3570; x_wconf 87' lang='lat' dir='ltr'><strong>Non</strong></span> <span class='ocrx_word' id='word_1_252' title='bbox 756 3509 797 3570; x_wconf 85' lang='lat' dir='ltr'><strong>ab</strong></span> <span class='ocrx_word' id='word_1_253' title='bbox 815 3507 852 3571; x_wconf 90' lang='lat' dir='ltr'><strong>iis</strong></span> <span class='ocrx_word' id='word_1_254' title='bbox 866 3508 921 3594; x_wconf 80' lang='lat' dir='ltr'><strong>qui</strong></span> <span class='ocrx_word' id='word_1_255' title='bbox 938 3528 1038 3570; x_wconf 66' lang='lat' dir='ltr'><strong>uxone</strong></span> <span class='ocrx_word' id='word_1_256' title='bbox 1049 3503 1161 3567; x_wconf 67' lang='lat' dir='ltr'><strong>turm.</strong></span> 
     </span>
     <span class='ocr_line' id='line_1_32' title="bbox 204 3602 1162 3701; baseline -0.004 -27"><span class='ocrx_word' id='word_1_257' title='bbox 204 3621 243 3674; x_wconf 92' lang='lat' dir='ltr'><strong>ut</strong></span> <span class='ocrx_word' id='word_1_258' title='bbox 262 3612 368 3688; x_wconf 81' lang='lat' dir='ltr'><strong>aiunt,</strong></span> <span class='ocrx_word' id='word_1_259' title='bbox 391 3613 447 3678; x_wconf 85' lang='lat' dir='ltr'><strong>so&#39;d</strong></span> <span class='ocrx_word' id='word_1_260' title='bbox 463 3639 481 3680; x_wconf 87' lang='lat' dir='ltr'><strong>a</strong></span> <span class='ocrx_word' id='word_1_261' title='bbox 497 3613 674 3687; x_wconf 80' lang='lat' dir='ltr'><strong>Gentibus,</strong></span> <span class='ocrx_word' id='word_1_262' title='bbox 689 3633 761 3701; x_wconf 75' lang='lat' dir='ltr'><strong>quae</strong></span> <span class='ocrx_word' id='word_1_263' title='bbox 778 3613 882 3680; x_wconf 83' lang='lat' dir='ltr'><strong>adhuc</strong></span> <span class='ocrx_word' id='word_1_264' title='bbox 898 3615 1033 3680; x_wconf 63' lang='lat' dir='ltr'><strong>livebant</strong></span> <span class='ocrx_word' id='word_1_265' title='bbox 1045 3611 1070 3675; x_wconf 90' lang='lat' dir='ltr'><strong>ia</strong></span> <span class='ocrx_word' id='word_1_266' title='bbox 1082 3602 1162 3670; x_wconf 71' lang='lat' dir='ltr'><strong>erse</strong></span> 
     </span>
    </p>
   </div>
   <div class='ocr_carea' id='block_1_7' title="bbox 211 3765 1161 3932">
    <p class='ocr_par' dir='ltr' id='par_1_7' title="bbox 211 3765 1161 3932">
     <span class='ocr_line' id='line_1_33' title="bbox 248 3765 1161 3844; baseline 0.004 -19"><span class='ocrx_word' id='word_1_267' title='bbox 248 3773 339 3830; x_wconf 63' lang='lat' dir='ltr'><strong>&#39;Daue</strong></span> <span class='ocrx_word' id='word_1_268' title='bbox 354 3797 415 3842; x_wconf 78' lang='lat' dir='ltr'><strong>xxa,</strong></span> <span class='ocrx_word' id='word_1_269' title='bbox 440 3796 490 3842; x_wconf 83' lang='grc' dir='ltr'><strong>ιι,</strong></span> <span class='ocrx_word' id='word_1_270' title='bbox 512 3797 560 3843; x_wconf 86' lang='lat' dir='ltr'><strong>ra,</strong></span> <span class='ocrx_word' id='word_1_271' title='bbox 581 3765 1161 3844; x_wconf 70' lang='lat' dir='ltr'><strong>13.-’uxs‹t.111,20.-¹tt¹20›r.11·¹⁶·</strong></span> 
     </span>
     <span class='ocr_line' id='line_1_34' title="bbox 211 3867 316 3932; baseline 0.019 -19"><span class='ocrx_word' id='word_1_272' title='bbox 211 3880 260 3932; x_wconf 80' lang='lat'><strong>17,</strong></span> <span class='ocrx_word' id='word_1_273' title='bbox 277 3867 316 3915; x_wconf 73' lang='lat' dir='ltr'><strong>rt.</strong></span> 
     </span>
    </p>
   </div>
   <div class='ocr_carea' id='block_1_8' title="bbox 0 0 1200 4592">
    <p class='ocr_par' dir='ltr' id='par_1_8' title="bbox 0 0 1200 4592">
     <span class='ocr_line' id='line_1_35' title="bbox 0 0 1200 4592; baseline 0 0"><span class='ocrx_word' id='word_1_274' title='bbox 0 0 1200 4592; x_wconf 95' lang='lat' dir='ltr'><strong> </strong></span> 
     </span>
    </p>
   </div>
  </div>
 </body>
</html>
