2614 4628
212 255 270 332 ιὰ»
519 269 691 315 rennuere
717 251 929 312 unstrutam

206 396 290 460 Hine
311 392 385 458 setis
407 385 544 467 constet,
567 387 737 458 Herculem
759 393 799 457 eb
823 391 892 479 ipso
912 391 1052 456 Homero
1074 385 1263 454 mortalem

206 503 372 574 hominem
386 501 531 568 habitum
546 499 652 568 luisse.
671 500 858 581 Quinetiam
871 501 1085 588 Hieronymus
1099 495 1264 588 philoso-

206 614 301 704 phus,
318 636 381 702 quo
396 611 538 700 eorporis
552 611 663 698 habitu
678 611 775 699 luerit
788 631 952 712 enarrans,
971 629 1136 698 «pervum
1152 606 1262 674 misso

115 739 119 748 ·
207 721 615 798 ›memorathorrentihus
623 707 757 810 capillis,
765 718 866 786 firmis
875 715 1261 786 viribus.»1)ieaeerchus

206 856 297 911 vero,
308 831 538 921 «quadratum,
554 853 737 908 nervosum,
753 830 892 920 nigrum,
906 850 983 896 naso
999 826 1155 916 uquilino,
1176 827 1264 892 auth·

208 971 220 1006 ι
236 943 336 1011 oaesiis
348 940 461 1018 oeulis,
473 941 634 1031 promissis
645 941 777 1033 capillis.
793 971 805 1006 ι
821 942 926 1030 Atque
937 939 992 1008 hio
1002 939 1150 1030 quidem,
1163 947 1264 1027 post-

208 1075 305 1143 quem
317 1051 398 1118 duos
413 1074 506 1141 supra
518 1053 746 1143 quinquaginta
757 1075 856 1144 annos
868 1050 1006 1126 uixisset,
1019 1049 1117 1114 vitem
1129 1045 1260 1124 linivit,

207 1162 289 1231 etin
304 1159 415 1228 OEtaea
430 1183 508 1251 pyra
524 1160 687 1229 funeratus
702 1171 761 1228 est.
779 1162 853 1228 Jam
867 1183 943 1226 vero
958 1158 1074 1234 Musas,
1091 1179 1177 1246 quas
1196 1153 1261 1222 Aa·

207 1271 326 1338 eander
347 1269 425 1340 dioit
446 1293 516 1337 esse
536 1269 624 1338 loris
646 1283 679 1336 et
703 1269 926 1360 Mnemosynen
948 1267 1041 1346 filias,
1066 1265 1260 1356 reliquique
1289 1322 1296 1334 ,

206 1379 305 1446 etium
324 1384 426 1469 poe'tae
439 1379 664 1469 et-soriptores
684 1378 820 1446 deorum
840 1377 1018 1445 honoribus
1039 1375 1211 1452 uffioiunt,
1225 1385 1260 1439 et

207 1500 283 1556 totae
301 1487 443 1556 eivitates
457 1487 610 1554 extructis
625 1487 666 1554 de
677 1487 806 1556 nomine
822 1489 964 1577 ipsarum·
982 1485 1020 1554 M
1023 1485 1105 1554 uteie
1120 1483 1257 1561 eolunt,

208 1619 284 1667 eum
302 1594 425 1668 ancille
443 1610 561 1674 essent,
580 1607 721 1665 mereata
743 1609 793 1664 est
809 1594 952 1688 Megaelo
969 1593 1104 1664 llaearis
1124 1595 1209 1662 lilia.
1224 1597 1258 1662 is

207 1720 315 1775 eutem
327 1707 528 1783 hlaoar,eum
539 1727 595 1773 rex
605 1718 689 1774 esset
699 1706 901 1785 Lesbiorum,
910 1729 986 1775 oum
998 1707 1260 1775 uxoreaasiduas

208 1816 280 1885 lites
291 1815 592 1884 exercebat-Matris
607 1818 711 1884 vloem
721 1817 929 1885 vehementer
940 1815 1070 1885 dolebat
1080 1814 1256 1907 llegaelo:

208 1927 286 2015 quid
300 1949 365 1993 non
380 1925 501 1993 facture
516 1910 609 1993 erati
624 1927 735 2017 ltaque
750 1927 807 1995 hes
819 1925 949 1995 ancillas
958 1927 1094 1994 totidem
1109 1949 1260 1996 numero

208 2049 361 2114 merente,
378 2035 500 2104 AEolioa
521 2034 657 2104 dialeeto
672 2037 785 2128 Mysas
799 2049 901 2106 vocat.
920 2038 984 2104 Hes
1005 2037 1118 2104 doouit
1139 2047 1258 2104 vetera

208 2147 291 2214 faeta
303 2168 432 2226 ornere,
443 2158 477 2214 et
488 2167 658 2214 numerose
669 2145 710 2214 acl
721 2146 877 2215 citharam
888 2145 1058 2215 modulari.
1073 2143 1143 2214 lllae
1157 2169 1258 2224 vero,

208 2278 284 2324 eum
300 2255 425 2324 assidue
439 2257 561 2327 eithara
579 2256 741 2336 luderent,
757 2270 791 2324 et
810 2256 948 2326 dulciter
962 2258 1165 2336 aeeinerent,
1184 2257 1258 2325 Ma-

208 2389 282 2434 oara
298 2364 560 2457 permuloehent,
580 2368 714 2458 ejusque
729 2369 810 2434 iram
827 2367 990 2434 setlahunt.
1011 2367 1113 2456 Cujus
1133 2365 1170 2434 in
1192 2389 1260 2434 me·

208 2477 346 2544 moriem
362 2475 513 2544 henelieii
531 2476 691 2567 Megaolo,
711 2491 746 2546 ut
765 2501 823 2570 pro
842 2489 945 2544 matre
964 2479 1080 2568 gratias
1098 2477 1256 2555 referret,

208 2585 270 2656 illis
281 2599 400 2654 statuas
410 2611 450 2653 ex
460 2610 524 2653 mre
538 2589 748 2664 eonsecravit,
758 2602 794 2656 et
804 2613 863 2680 per
874 2588 979 2657 omniu
991 2587 1111 2678 templa
1125 2585 1258 2655 honore

209 2697 320 2764 haberi
332 2696 434 2784 jussit.
448 2697 489 2764 Et
500 2709 575 2765 sunt
585 2699 716 2787 quidem
727 2699 825 2789 llusoe
835 2699 1031 2789 hujusmodi.
1046 2699 1142 2765 Hane
1155 2719 1259 2788 porro

61 2799 66 2804 ¹
209 2807 374 2876 historiam
403 2807 499 2874 tradit
523 2807 670 2898 Myrsilus
688 2809 831 2880 lesbius.
858 2809 1020 2878 Attendite
1037 2809 1102 2897 jam
1122 2809 1168 2874 ad
1191 2831 1261 2875 vesu

209 2927 335 2982 trorum
360 2915 494 2983 deorum
520 2941 658 2997 amores,
674 2917 716 2988 ad
733 2916 967 2995 incredibilem,
992 2941 1062 3008 quae
1078 2919 1110 2984 in
1135 2917 1259 2985 fabulis

210 3024 360 3102 hahetur,
375 3025 665 3116 intemperantium,
682 3029 826 3106 vulnere,
846 3042 878 3095 et
893 3027 1031 3104 vinculo,
1053 3040 1086 3094 et
1096 3026 1205 3105 risus,
1227 3040 1260 3094 et

211 3157 352 3225 pugnes:
366 3135 550 3202 servitutem
561 3148 727 3228 praeterea,
740 3150 773 3206 et
782 3139 926 3207 ooavivia
938 3163 946 3204 τ
956 3139 1093 3227 denique
1103 3137 1149 3203 ad
1159 3160 1260 3205 oom-

211 3241 333 3334 plexus,
346 3255 379 3310 et
390 3243 559 3334 lacrymas,
575 3259 608 3313 et
617 3248 889 3337 perturbationes,
905 3259 937 3314 et
952 3233 1131 3337 impudicas
1141 3245 1261 3337 volup

211 3362 303 3416 tates.
318 3352 405 3421 Voea
419 3352 485 3420 hue
500 3353 697 3444 Neptunum,
713 3365 880 3445 totumque
898 3346 1102 3443 chorum'qui
1122 3355 1164 3422 eh
1187 3355 1259 3444 ipso

212 3474 381 3550 corruptus
402 3475 467 3540 est,
484 3463 723 3555 Amphitriten,
751 3468 972 3555 Amymonen,
989 3461 1129 3554 Alope'n,
1150 3461 1259 3530 Mele-

214 3573 344 3660 nippen,
360 3571 539 3664 Alcyonen,
558 3577 774 3667 Hippothoeu,
798 3576 956 3662 Chionen,
974 3597 1049 3643 oum
1064 3571 1135 3640 aliis
1151 3573 1257 3640 innu-

214 3680 309 3748 meris
321 3705 329 3746 :
341 3683 455 3770 quihus
467 3697 573 3752 temen
584 3688 746 3765 omuibus,
760 3688 902 3778 quamvis
913 3697 961 3753 tot
972 3695 1090 3760 esseut,
1102 3684 1258 3752 nondum

213 3802 375 3858 exeturate
407 3804 454 3858 est
482 3791 579 3862 libido
610 3791 747 3885 Neptuni
773 3799 880 3864 vestri.
906 3792 993 3864 voca
1021 3793 1088 3861 huo
1120 3817 1258 3882 quoque

215 3898 415 3991 Apollinem:
432 3903 457 3969 is
472 3916 520 3970 est
534 3902 687 3984 Phoehus,
704 3919 736 3974 et
752 3921 857 3978 castus
872 3922 971 3990 uetes,
996 3923 1029 3977 et
1053 3913 1159 3980 honus
1177 3933 1258 3979 con-
