2546 4614
403 361 686 405 naaarrcnursro.
994 340 1059 424 4⁰9

11 473 94 544 slis
123 475 372 546 chaldaorum:
394 500 592 568 nequaquam
614 477 696 544 ultra
723 475 885 542 vocabaris
909 474 1062 540 fortitudo

9 617 28 654 s
47 588 174 677 regnis
1075 582 1080 592 '

65 697 346 766 XXXV.slratus
358 721 429 764 sum
440 721 536 788 super
545 696 698 787 populum
709 718 835 786 meum:
850 693 1063 761 contaminavi

12 835 30 870 s
49 806 279 876 haersditatcm
294 830 424 876 meam:
443 831 503 898 ego
522 807 595 875 dadi
610 819 664 875 cos
684 808 719 873 in
733 829 831 874 manu
847 817 919 879 tuas
939 817 974 870 tu
988 827 1064 870 vcro

13 943 30 982 a
50 940 124 984 non
142 916 255 984 dedisti
270 919 315 984 cis
331 918 582 986 miscricordiam
594 941 605 984 s
618 931 655 985 tu
668 939 743 984 voro
753 939 849 1007 super
863 916 1003 982 seniores
1013 938 1064 1003 ag·

14 1056 33 1092 s
52 1027 197 1116 gravasti
212 1029 336 1116 jugum,
349 1040 382 1094 ot
397 1028 501 1097 dixisti
520 1052 528 1094 ε
547 1029 584 1094 ln
595 1041 750 1096 aetornum
765 1050 821 1094 oro
834 1026 974 1092 domina.
994 1024 1063 1092 Non

14 1165 33 1200 s
51 1137 205 1226 cogitasti
213 1137 281 1204 hac
292 1137 326 1203 in
338 1139 434 1204 corda
443 1151 580 1215 tuo,nco
589 1139 833 1204 novissimorum
842 1136 1007 1203 recordata
1017 1157 1062 1200 cs.

18 1275 34 1308 r
53 1247 155 1315 Nunc
171 1259 278 1314 autam
291 1249 366 1320 audi
381 1246 462 1324 haec,
479 1247 626 1325 delicata,
637 1269 707 1334 quac
721 1246 903 1334 scdss,quae
918 1242 1065 1319 confidis,

19 1385 36 1424 a
55 1357 221 1447 quaedicis
237 1359 269 1426 in
279 1357 377 1426 corde
389 1369 445 1424 tuo
456 1382 465 1423 ι
478 1358 681 1447 Egosum,ct
692 1379 759 1422 non
770 1367 819 1420 est
829 1351 943 1428 alteras
959 1365 991 1420 at
1001 1375 1067 1419 nou

7 1487 38 1531 ι»
57 1467 295 1544 sedsbovidua‚
307 1489 409 1556 nequo
420 1467 518 1534 sciam
526 1467 706 1534 orbitatem.
719 1467 812 1533 Nunc
824 1477 930 1532 autam
941 1465 1068 1530 saniant

7 1603 39 1644 ιι
55 1587 199 1665 superte
211 1575 280 1642 haec
296 1577 360 1642 duo
374 1577 409 1643 in
424 1600 486 1643 una
498 1577 563 1654 dic,
579 1576 668 1666 quod
681 1577 776 1643 vidua
787 1576 829 1642 sis
840 1599 879 1643 ac
893 1576 971 1641 orba
983 1573 1066 1641 liba-

7 1713 37 1756 ι»
53 1681 110 1750 ria.
130 1683 266 1752 Venient
278 1697 409 1775 reponte
421 1686 622 1753 inbeuclioio
634 1699 704 1761 tuo,
718 1685 948 1754 infortitudine
960 1686 1067 1752 incau-

7 1821 36 1869 μ
54 1794 219 1860 sationum
240 1806 369 1860 tuarum
383 1793 487 1870 raldo,
510 1817 565 1884 spe
587 1795 803 1860 fornicationis
821 1807 895 1858 tuas.
914 1791 964 1858 Tu
980 1795 1068 1860 cuim

26 1928 41 1962 s
59 1900 185 1966 dixisti:
200 1900 267 1989 Ego
282 1923 366 1978 sum,
382 1913 415 1968 et
430 1925 495 1967 non
510 1913 558 1968 ast
574 1899 688 1975 altera,
701 1901 743 1968 Et
757 1902 818 1967 erit
832 1901 999 1967 fornicatio
1014 1913 1068 1968 tua

7 2037 42 2098 ‚s
58 2009 119 2076 tibi
137 2009 295 2087 confusio,
307 2011 395 2100 quod
413 2011 516 2076 dixisti
532 2011 565 2077 iu
580 2011 677 2078 corde
693 2023 761 2088 tuo,
774 2012 841 2100 Ego
859 2033 940 2076 sum.
955 2011 997 2076 Et
1012 2035 1068 2080 ve·

7 2121 128 2210 tsnict
143 2143 239 2210 super
257 2133 289 2187 te
307 2121 457 2211 perditio,
473 2132 507 2186 ct
524 2122 659 2196 nesciam
679 2136 711 2189 et
728 2122 832 2198 lovon,
848 2134 881 2189 ct
899 2121 1020 2188 incidas
1034 2122 1068 2189 in

7 2252 143 2324 'scam-
161 2233 203 2298 Et
225 2232 329 2298 veniat
345 2255 441 2322 super
459 2243 491 2298 tc
514 2232 652 2308 miseria,
673 2244 706 2299 ct
725 2256 790 2300 non
812 2233 930 2323 potaris
948 2231 1068 2300 munda

8 2370 42 2432 ,ι
61 2341 143 2408 sacri.
162 2343 204 2408 Et
222 2342 327 2412 veniat
347 2367 442 2433 super
458 2355 490 2408 tc
505 2354 636 2433 topanta
651 2345 810 2420 interitus,
822 2356 855 2410 ct
873 2367 939 2410 uon
953 2344 1069 2412 intelli-

8 2481 13 2544 q
31 2479 45 2514 s
61 2473 127 2540 gas.
146 2450 202 2517 Sta
217 2475 304 2520 nunc
322 2453 356 2519 in
376 2453 643 2520 incantationibus
658 2453 734 2530 tuis,
749 2465 782 2519 et
799 2455 833 2519 in
849 2452 957 2520 multis
971 2477 1079 2532 vanc-¹

8 2615 13 2656 ι
32 2587 46 2622 s
62 2559 144 2626 ficiis
160 2561 235 2637 tuis,
254 2585 324 2650 quae
344 2561 487 2628 discebas
502 2587 520 2628 a
534 2562 701 2649 juventute
718 2572 771 2626 tua
780 2587 790 2636 ς
806 2563 832 2627 si
846 2563 964 2651 poteris
980 2562 1068 2650 adju-

30 2668 137 2734 svari.
156 2670 321 2736 Laborasti
336 2672 369 2736 in
386 2670 525 2745 consiliis
540 2672 623 2736 tuis:
641 2683 726 2736 stant
737 2682 769 2736 ct
779 2671 897 2738 salvam
909 2683 940 2740 to
951 2671 1069 2738 sacient

9 2841 12 2878 Ι
29 2804 44 2842 s
58 2775 206 2868 astrologi
218 2777 290 2846 coeli
303 2801 313 2843 t
327 2779 382 2868 qui
399 2779 657 2870 contemplantur
670 2779 788 2858 stellas,
801 2783 992 2849 annuntiant
1007 2783 1065 2848 tibi

9 2951 11 2970 s
30 2887 135 2976 »quid
152 2887 296 2954 saturum
315 2888 357 2954 sit
376 2912 472 2980 super
487 2902 531 2956 tc.
552 2889 636 2956 Ecce
651 2913 763 2956 omnes
783 2901 936 2981 tanquam
951 2888 1066 2980 stipula

31 2997 140 3087 signis
160 2997 206 3064 sic
225 2999 467 3076 comburantur,
482 3012 515 3065 ct
537 3022 602 3065 non
621 3012 735 3065 eruent
756 3000 896 3080 animam
914 3023 1005 3065 suam
1027 3000 1066 3066 dc

29 3135 46 3170 s
62 3105 202 3174 llamma.
218 3105 485 3194 Quandoquidem
500 3107 598 3173 lrabcs
613 3110 768 3174 carbones
779 3108 872 3196 ignis,
885 3108 959 3174 scdc
971 3132 1067 3199 snpcr

28 3246 45 3282 s
65 3239 138 3290 θοις
157 3216 184 3281 si
204 3215 277 3281 inda
299 3215 469 3304 juvaberis.
488 3215 652 3284 Laborasti
666 3219 699 3284 in
715 3219 891 3285 mutatione
906 3231 960 3285 tua
978 3244 996 3286 a
1011 3221 1065 3309 ju·

31 3356 46 3391 ι
63 3335 202 3400 vantutc.
221 3327 324 3391 Homo
340 3326 373 3410 iu
394 3327 563 3417 samotipso
578 3329 712 3396 erravit:
725 3329 783 3394 tibi
799 3340 907 3394 autern
925 3331 1065 3396 nouerit

32 3465 46 3500 s
63 3432 145 3500 salus
158 3432 180 3499 ¹.
197 3462 210 3497 a
236 3434 313 3500 llaec
328 3433 458 3523 quidam
472 3434 530 3500 tibi
545 3435 653 3503 Esaias
666 3437 856 3504 vaticinatur
871 3460 879 3502 t
894 3435 1063 3506 'videamus

32 3567 114 3614 num
128 3556 159 3610 ct
175 3542 315 3610 loannes
332 3543 445 3611 similia
460 3542 589 3612 locutus
605 3547 654 3611 sit.

79 3650 228 3720 mvl.
243 3653 304 3720 llic
321 3655 407 3721 onim
426 3677 502 3721 cum
515 3655 549 3721 in
564 3653 676 3723 Patmo
691 3654 790 3723 insula
808 3669 998 3736 versarctur,
1014 3659 1063 3724 vi-

34 3765 92 3830 det
110 3761 329 3853 Apocalypsim
351 3787 414 3852 qua
436 3765 561 3831 detecta
587 3763 747 3833 horrenda
769 3768 917 3856 mysteria
924 3793 935 3843 t
962 3793 1063 3859 eaque

35 3897 175 3952 narrans,
188 3873 283 3949 ctiam
298 3872 376 3940 alios
391 3874 511 3946 allotim
527 3876 631 3950 docct.
648 3876 720 3954 Dic,
732 3900 849 3966 quaeso,
862 3879 953 3948 beato
967 3879 1061 3951 toan·

72 4003 80 4036 ¹
92 4001 144 4052 lsai.
156 4017 233 4062 savin
246 4019 253 4051 ι
267 4011 292 4054 ct
302 4017 372 4070 seqq.
