2614 4628
353 276 557 322 cottonrfflo
583 279 623 320 hl)
649 277 780 322 GBHM·
1024 262 1084 346 149

29 411 90 456 nnn
119 406 205 459 sunt
231 391 401 466 adulterio,
426 415 492 461 non
514 391 634 475 illicitis
660 391 844 460 lihidinibus
874 391 1000 468 deditas
1028 415 1089 461 nec
1127 357 1133 368 .

30 523 66 566 ex
85 499 150 568 illis
177 501 229 568 vel
251 527 354 570 unum
371 503 446 570 alias
469 502 660 593 voluptates,
685 525 782 592 quam
798 526 878 591 quas
901 516 1016 570 nutura
1036 504 1088 570 in·

31 609 136 686 dulcit,
155 625 377 680 consectatur.
398 613 442 682 lli
453 625 564 680 autem,
577 611 687 701 quales
703 612 766 679 sint
784 613 862 700 quid
884 635 965 702 opus
979 625 1027 678 est
1043 611 1088 679 di-

30 745 112 796 core,
136 745 221 790 cum
234 725 302 812 jam
317 747 373 788 eos
387 722 466 818 satis
476 721 699 812 arguerimus?
718 722 817 788 Porro
834 733 944 787 sutem
962 719 1086 812 AEgyp.
1218 723 1224 740 '

30 830 74 906 tii,
89 855 237 918 quorum
253 855 344 898 nunc
362 831 423 897 soci
441 832 653 906 mentionem,
674 831 815 897 distracti
834 844 908 897 sunt
925 830 958 897 in
982 833 1085 898 varios

31 940 131 1008 cultam
149 955 188 1007 et
208 940 389 1031 religiones.
416 942 464 1007 Ex
486 942 536 1008 his
561 941 648 1007 enim
671 939 812 1029 Syenites
832 939 945 1008 colunt
963 943 1084 1030 piscem
1222 992 1227 1000 .

31 1051 214 1140 phsgrum:
233 1053 290 1139 qui
304 1050 553 1141 Elephantinam
574 1050 732 1126 habitant,
751 1049 852 1118 alium
868 1051 1006 1140 piscem,
1027 1075 1084 1119 no-

33 1162 114 1228 m'ne
125 1174 288 1229 maeoten:
301 1160 534 1248 Oxyrinchitae,
548 1158 692 1228 similiter
702 1159 839 1250 piscem,
853 1163 907 1250 qui
921 1163 960 1228 nh
971 1185 1084 1228 eorum

35 1272 157 1360 regiona
182 1295 307 1338 nomen
330 1272 429 1338 hahet
447 1294 456 1338 ε
474 1271 736 1362 Heracleopolite
756 1283 924 1361 preterea,
949 1271 1083 1340 ichneu-

37 1405 157 1448 monem
172 1383 296 1450 :Saites
313 1397 422 1448 antem
441 1403 473 1448 et
491 1382 649 1459 Thebani,
663 1406 756 1450 ovem
773 1406 783 1448 :s
799 1382 927 1471 lupum,
940 1383 1084 1472 Lycope-

38 1489 118 1558 lilani
134 1517 143 1558 ε
161 1517 294 1570 canem,
312 1492 537 1582 Cynopolitani
553 1517 561 1558 :
581 1493 677 1582 Apin,
692 1493 923 1590 Memphitani:
939 1493 1079 1570 hircum,

39 1599 196 1666 Mendesii.
213 1601 281 1670 Vos
305 1585 427 1676 mitem,
450 1603 504 1690 qni
526 1603 601 1667 estis
616 1599 772 1690 AEgyptiis
788 1602 918 1668 omnino
934 1599 1081 1668 meliores

45 1711 167 1794 (vereor
191 1733 233 1776 ne
259 1711 300 1776 sit
322 1710 428 1799 potius
455 1709 628 1776 dicendum
649 1712 812 1800 pejores),
836 1709 891 1798 qui
912 1708 1079 1798 AEgyptios

45 1820 180 1906 quotidie
198 1818 340 1887 ludibrio
359 1820 498 1896 hahetis,
518 1818 625 1909 quales
648 1819 722 1888 estis
744 1820 777 1886 in
795 1821 889 1886 bruta
908 1817 1080 1886 animalia?

48 1929 94 1992 lix
110 1931 196 1994 rolris
217 1931 305 1996 enim
319 1927 464 2002 Thessali
486 1928 625 1996 ciconias
642 1927 823 2004 coluerunt,
844 1927 932 2018 quod
948 1929 982 1994 id
996 1942 1081 1996 esset

55 2040 296 2126 mornmr'porum
306 2053 486 2130 receptum,
501 2039 645 2107 Thebani
654 2038 1077 2118 nutemmnstelasadorant,

55 2147 140 2234 qnod
154 2147 229 2213 olim
243 2149 370 2216 mustela
385 2161 572 2215 nascentem
588 2146 760 2214 Herculem
778 2147 946 2240 adjuverit.
965 2147 1078 2228 Quid?

59 2253 165 2321 Nonne
175 2253 306 2322 Thessali
315 2253 469 2323 dicuntur
478 2257 623 2324 divinum
637 2254 761 2322 cultum
769 2255 909 2321 formicis
918 2255 1075 2330 tribueres

54 2365 132 2451 quod
149 2390 187 2432 ex
201 2365 313 2433 sahulis
328 2365 499 2433 didicerint
521 2367 649 2443 «lovem,
666 2378 792 2455 sumpta
808 2365 950 2434 sormicae
962 2365 1076 2446 forme,

46 2497 113 2540 cunr
122 2475 351 2565 Eurymedusa,
364 2476 499 2543 Cletoris
511 2476 588 2555 filia,
602 2497 821 2566 congressum,
834 2474 1077 2564 Myrmedonern

43 2589 201 2674 genuisse?
224 2588 356 2654 Polemo
378 2602 485 2654 autem
514 2589 623 2664 refert,
647 2611 702 2654 eos
724 2589 778 2676 qui
800 2573 959 2653 Troadem
982 2587 1076 2653 hahi-

44 2709 114 2770 tant,
124 2723 232 2766 mures
244 2699 420 2790 indigenas,
441 2725 520 2790 quos
533 2717 660 2790 spissos<
673 2712 801 2773 vocent,
817 2700 973 2776 venerari,
985 2695 1073 2789 quod

42 2827 160 2873 arcuum
186 2809 354 2875 hostilium
380 2832 493 2876 nervos
511 2809 701 2883 orroserint3
728 2808 905 2898 exindeque
932 2795 1073 2899 Apollini

42 2917 191 2984 Sminthii
209 2943 329 2986 nomen
353 2921 549 3008 imposuisse.
571 2919 753 2986 Heraclides
773 2920 869 2985 etism
886 2921 919 2986 in
935 2917 1018 2985 lihro
1035 2919 1076 2984 dc

42 3027 307 3114 edificationibus
330 3028 527 3117 templorum
546 3031 584 3093 irs
602 3031 802 3102 Acarnania
818 3030 942 3104 scribit,
965 3029 998 3093 in
1014 3027 1075 3095 Ac·

43 3137 79 3202 tio
96 3140 326 3226 promontorio,
351 3140 405 3203 uhi
423 3139 505 3204 Actii
530 3137 682 3228 Apollinis
698 3137 807 3204 sunum
830 3152 891 3214 est,
913 3149 988 3204 ante
1012 3159 1071 3204 cae·

42 3257 97 3311 lea
121 3271 209 3314 secra
229 3250 346 3314 hovem
370 3245 527 3313 immolari
550 3248 678 3314 muscis.
706 3247 773 3314 Nee
795 3270 871 3311 vero
893 3244 1074 3312 Samiorum

45 3352 208 3434 ohliriscar,
228 3381 247 3422 s
267 3358 397 3445 quihus,
414 3369 510 3447 prout
525 3356 621 3422 trudit
635 3357 836 3446 Euphorion,
850 3355 917 3422 ovis
932 3353 1070 3420 colitur:

51 3477 78 3530 nt
92 3491 147 3534 nec
165 3490 283 3534 eorum
304 3468 358 3555 qui
375 3466 570 3535 Phoeniciam
586 3466 743 3554 Syrorum
760 3463 919 3539 incolunt,
935 3487 1072 3553 quorum

50 3573 228 3664 aliquidem
245 3575 425 3653 columbos,
438 3576 488 3642 alii
503 3598 577 3642 vero
595 3575 696 3664 pisces
712 3575 798 3640 houd
813 3574 917 3640 minus
929 3575 1073 3664 impense

48 3683 151 3762 wirnt,
162 3709 263 3776 qnam
275 3686 343 3752 Elei
355 3686 478 3752 dorem.
490 3685 557 3774 Age
569 3707 658 3760 vero,
671 3705 747 3750 cum
759 3683 800 3748 sit
814 3683 886 3748 sotis
906 3696 1071 3750 ostensum

49 3815 98 3860 non
119 3821 184 3864 esse
207 3797 285 3864 deos
306 3821 386 3885 quos
407 3793 527 3869 colitis;
547 3793 672 3860 ausint
695 3817 769 3860 vere
794 3791 964 3870 demones,
989 3815 1072 3882 quos

49 3907 205 3974 secundum
221 3933 237 3976 c
255 3909 317 3976 diis
334 3907 479 3978 ordinem
493 3917 604 3974 tenore
623 3903 763 3982 creditis,
780 3905 845 3994 jons
863 3904 925 3973 erit
937 3902 1071 3972 ulterius
