2574 4628
225 251 285 338 176
530 266 704 312 cuanrrrs
728 265 937 330 smirnam
1264 194 1270 265 l

220 385 422 482 quamplures
438 386 470 452 in
484 385 626 452 medium
640 386 844 454 adducendos
860 410 965 466 cures,
980 389 1033 477 qui
1050 401 1174 479 praeter
1188 391 1243 458 uni
1263 360 1269 456 i

220 526 296 570 cum
307 522 417 566 verum
428 497 544 574 Deum,
561 496 722 562 neminem
736 496 796 564 Dei
811 499 939 564 nomine
953 499 1145 588 dignantur,
1159 499 1243 588 ipsius
1264 481 1277 574 i

220 613 349 701 quidem
371 609 495 699 spiritu,
522 606 623 674 sicuhi
648 607 813 674 veritatem
831 609 1122 698 apprehenderint,
1140 609 1240 675 induti.

220 722 424 792 Antisthenes
443 719 530 787 enim
549 718 638 785 haud
658 719 691 786 id
705 721 835 808 quidem
852 721 1000 809 cynicum
1021 719 1146 810 dogma
1164 743 1243 788 exce

220 835 340 925 gitavit,
354 821 446 898 seda
461 829 606 906 Socrate,
622 829 675 896 cni
690 852 820 920 operam
835 829 941 907 dahat,
961 831 1110 908 edoctus,
1124 859 1140 892 a
1153 831 1243 898 Deum

219 944 324 1010 »dixit
336 966 405 1008 esse
418 941 537 1008 nemini
551 938 685 1007 similem
699 964 707 1005 :
721 963 820 1030 quere
831 963 891 1008 neo
902 964 941 1006 ex
952 941 1090 1032 imagine
1103 943 1242 1031 cognosci

219 1085 234 1122 s
249 1053 428 1144 aquopiam
440 1073 541 1142 posse.
556 1049 762 1130 »Quinetiam
772 1048 954 1139 Xenophon
960 1033 1169 1117 dtheniensis
1182 1075 1242 1140 par·

221 1179 286 1232 tem
294 1161 432 1251 aliquam
443 1159 580 1227 veritatis
591 1155 691 1225 libere
702 1158 776 1224 satis
787 1170 882 1246 etque
894 1171 1001 1249 aperte
1011 1157 1133 1224 litteris
1148 1159 1242 1248 prodi-
1270 1162 1271 1183 ³

222 1277 281 1354 dit,
296 1274 382 1341 idem
395 1268 490 1362 plane
506 1267 593 1357 quod
611 1267 758 1335 Socrates
770 1268 913 1336 dicturus
933 1269 1171 1344 testimonium,
1191 1268 1238 1333 nisi
1270 1336 1276 1387 Ι

221 1408 380 1454 venenum
392 1381 530 1449 Socratis
545 1378 720 1444 timuisset:
735 1378 769 1444 id
783 1391 889 1444 umen
900 1377 1110 1444 nihilominus
1126 1378 1239 1444 innuit:

231 1498 320 1579 «Qui
331 1495 438 1561 omnia
454 1489 609 1567 concutit,
621 1489 770 1576 idemque
781 1486 973 1578 tranquillat,
987 1490 1117 1576 inquit,
1137 1501 1240 1556 ennaet
1275 1465 1276 1492 ¹

221 1613 438 1698 »magnumet
446 1611 683 1690 potentemesse
692 1609 816 1664 constat
829 1621 837 1664 ι
848 1621 910 1688 qua
920 1621 994 1665 vero
1005 1600 1117 1688 specie
1129 1599 1182 1674 sit,
1190 1623 1240 1666 non

222 1719 358 1808 »liquet
378 1715 427 1782 Ac
440 1734 482 1778 ne
496 1708 543 1776 sol
561 1710 628 1798 ipse
642 1707 784 1796 quidem,
802 1719 839 1772 ut
853 1706 958 1774 lucem
976 1731 1109 1798 quoquo
1131 1731 1241 1775 menn

223 1858 236 1893 s
252 1825 430 1894 diffundere
441 1819 596 1894 videatur,
608 1816 739 1905 impune
753 1827 860 1882 tamen
874 1839 941 1882 sese
956 1818 1054 1882 videri
1068 1819 1240 1908 patitur:si

223 1967 237 2000 s
249 1935 319 2024 quis
329 1931 458 1999 enimin
468 1951 543 1994 cum
554 1925 755 2016 impudenter
765 1925 880 1990 intueri
891 1927 1157 2004 conetur,'visum
1168 1929 1240 1995 smit-

224 2047 299 2114 stit.
316 2074 330 2107 s
346 2043 513 2110 Undenam
528 2039 622 2128 igitur
636 2038 705 2103 hrec
720 2035 830 2102 didicit
845 2033 947 2124 Grplli
966 2036 1073 2104 liliusl
1091 2038 1241 2130 Numquid

224 2159 263 2224 ab
279 2157 487 2224 llehreorum
502 2147 622 2216 scilicet
636 2145 845 2235 prophetissa,
857 2169 928 2234 que
939 2147 985 2214 sic
996 2147 1209 2216 vaticinatur?
1276 2227 1277 2240 ἵ

272 2359 281 2380 ,
303 2314 377 2384 Quae
392 2323 461 2364 caro
476 2301 621 2363 coelestem
634 2297 743 2378 poterit
752 2317 913 2377 verumque
923 2297 1015 2370 tueri,

302 2414 443 2470 Humanae
456 2403 541 2464 sortis
552 2399 603 2479 qui
613 2417 717 2478 expers
728 2398 757 2456 in
772 2398 880 2457 vertice
893 2396 959 2456 eoeli

303 2517 355 2571 Est
367 2513 448 2568 Deus
456 2509 469 2563 l
477 2503 623 2563 Adversus
633 2499 730 2558 radios
743 2517 838 2577 neque
849 2517 967 2558 eernere
979 2497 1048 2558 solis

301 2607 440 2669 Mortales
454 2613 576 2682 possunt
587 2599 735 2671 homines,
748 2597 900 2678 lucemque
914 2599 1078 2658 micantem.

225 2746 393 2818 Cleanthes
417 2755 524 2808 autem
545 2736 707 2814 Pisadeus,
727 2735 854 2804 Stoicus
877 2735 1097 2826 philosophus,
1114 2736 1171 2824 qui
1188 2759 1242 2801 non

193 2879 197 2888 '
224 2860 381 2952 poeticum
397 2851 611 2942 theogonium,
624 2849 680 2915 sed
691 2869 798 2950 veram
813 2843 1002 2938 theologiam
1017 2845 1161 2924 exhibet,
1176 2841 1242 2934 quid

225 2969 355 3036 sentiret
371 2963 410 3029 de
424 2961 492 3028 Deo
503 2959 635 3025 minime
649 2979 707 3023 nos
722 2953 836 3023 celavit
851 2977 860 3019 s
882 2951 884 2956 ’

305 3113 450 3192 Quidnam
460 3111 570 3172 honum
582 3112 619 3170 sit
630 3129 676 3169 me
688 3129 772 3188 rogas
780 3151 789 3182 ,
797 3101 857 3186 ja'm
874 3108 987 3186 accipe:

304 3215 391 3294 Quod
400 3211 564 3274 ordinatum
578 3223 636 3285 est,
645 3211 805 3289 integrum,
815 3219 944 3266 sanctum
951 3251 960 3281 ,
972 3207 1070 3289 pium,

303 3321 411 3398 Suique
424 3335 557 3394 compos,
569 3311 655 3387 utile,
666 3312 785 3384 decens,
796 3308 995 3383 commodum,

303 3411 1014 3494 Graveacseverum,quodquesemperconferat,
1056 3399 1065 3414 ⁰

251 3505 253 3510 ,
304 3523 387 3578 Metu
401 3537 434 3576 uc
449 3515 549 3575 dolore
562 3507 669 3592 majus,
683 3525 713 3572 et
722 3513 868 3585 molestis,

305 3615 439 3688 Salubre,
451 3613 626 3693 jucundum,
637 3627 746 3686 tntum,
758 3614 894 3684 amicum,

305 3723 499 3790 honoratum,
511 3717 567 3776 sihi
580 3715 774 3787 consentiens,
788 3712 913 3787 clarum,

304 3817 484 3888 Modestum,
497 3817 643 3889 sedulum,
658 3816 736 3889 lene,
749 3825 852 3894 potens
860 3847 870 3887 ς

305 3925 446 3991 Perenne,
455 3916 529 3976 lehis
542 3919 685 3992 nescium,
696 3937 729 3976 ac
743 3935 858 3996 semper
868 3931 995 3974 maneas.

430 4007 440 4040 ,
688 4007 699 4026 .
