2412 4596
218 231 278 294 108
526 251 699 294 chunnis
725 250 934 294 transumunt

211 385 282 440 tum
299 383 348 438 est
360 371 393 436 in
406 370 518 448 nobis,
535 371 746 461 perfectionis.
757 371 845 438 'llam
861 370 952 435 istius
964 369 1057 436 seen

213 479 258 547 nii
284 481 473 548 miserentur
504 485 625 570 poe'toe,
657 479 744 569 quod
773 490 822 544 est
850 477 1128 569 semiperfectum&
1150 514 1172 533 rr

211 587 342 654 liberis:
363 589 491 653 beatum
513 593 618 654 utitem
640 586 814 676 praedicant
835 585 889 663 id,
912 585 1000 674 quod
1024 583 1150 650 floreta

210 696 308 762 minut
330 695 525 784 undiquaque.
542 695 643 762 Morbi
664 707 770 762 autem
789 695 930 783 corporis
949 694 1085 760 maxirne
1109 724 1122 749 ιι
1137 722 1171 745 ι·

210 804 421 870 necessarium
435 828 502 869 esse
512 803 762 870 matrimonium.
782 801 894 868 Uxoris
908 802 996 868 enim
1009 823 1084 868 cura
1095 851 1104 877 ,
1116 813 1145 866 et
1163 836 1174 851 ν

209 911 273 980 dua
294 913 363 1000 ejus
381 913 632 1002 perseverantia,
656 911 779 977 videtur
794 909 929 978 aflomm
951 909 1176 980 necessariora

211 1021 385 1086 amicorum
401 1031 526 1086 tantum
545 1041 695 1109 superare
712 1017 930 1094 tolerantiam,
947 1030 1070 1106 quanto
1083 1039 1118 1082 ea
1136 1062 1138 1071 .

208 1124 325 1193 doloris
341 1129 546 1194 consensione
561 1140 593 1193 et
607 1127 822 1194 misericordia
846 1123 1027 1200 antecellit,
1043 1137 1077 1191 et
1092 1121 1146 1190 vult

204 1236 294 1302 nium
315 1238 452 1303 maxime
467 1235 603 1302 libenter
617 1237 727 1302 adesse
741 1247 773 1301 et
784 1235 952 1323 praesentia
970 1224 1036 1300 sua
1046 1257 1074 1298 s·
1162 1278 1166 1285 v

203 1344 244 1410 Et
281 1367 391 1410 revera
424 1368 463 1410 ex
485 1343 656 1433 Scripturas
690 1344 842 1410 sententia
864 1343 1047 1409 necessaria
1061 1341 1114 1429 adj

202 1451 279 1520 Fert
294 1463 401 1519 autem
412 1475 504 1541 opem
521 1475 649 1542 quoque
662 1451 900 1518 matrimonium
913 1451 974 1524 iis,
991 1451 1050 1539 qui
1068 1462 1145 1515 etate

207 1572 388 1635 cesserunt,
404 1572 440 1624 ut
455 1560 541 1648 quod
560 1558 708 1626 exhibeat
728 1581 858 1625 uxorem
878 1581 994 1624 curam
1012 1571 1166 1648 gemutmt

204 1664 286 1764 alat,
304 1667 358 1755 qui
377 1691 416 1732 ex
432 1691 469 1733 ea
484 1668 620 1756 suscepti
635 1664 727 1743 su'nt,
743 1665 881 1743 liberos,
902 1677 939 1732 ut
955 1667 989 1732 in
1006 1679 1157 1732 seneotm
1172 1689 1175 1699 ³

202 1785 307 1840 rentes
321 1797 395 1867 suos
410 1774 570 1840 nutriantr

306 1925 381 1982 Nam
398 1923 482 1982 liberi
501 1935 570 1982 sunt
584 1924 662 1982 some
678 1921 920 1995 defunctorum

300 2025 338 2082 Et
349 2042 386 2082 ex
400 2023 549 2104 profundo
562 2025 650 2094 retia,
670 2034 701 2082 ut
718 2023 817 2094 suber,
833 2021 975 2095 trahunt,

206 2195 282 2260 Filo
302 2209 451 2262 sonantes
469 2197 557 2262 tino:
575 2219 614 2262 ex
631 2195 754 2286 Tragici
779 2191 947 2284 Sophoclis
970 2196 1126 2262 sentem‘u
1152 2196 1184 2291 ἠ.

197 2305 386 2392 permittunt
400 2315 508 2374 autem
525 2302 716 2394 legislatores
732 2305 883 2372 maximos
904 2305 1108 2394 magistratus
1123 2346 1139 2381 ,-
1156 2344 1158 2351 =

196 2411 252 2488 iis,
269 2415 322 2500 qui
342 2435 472 2480 uxorem
489 2436 553 2478 non
570 2413 726 2478 duxerint.
745 2413 817 2479 Jam
834 2435 908 2478 vere
924 2413 1094 2480 Laeonum
1123 2446 1145 2489 =.

197 2529 266 2596 tor,
282 2544 347 2588 non
362 2519 465 2586 solum
477 2543 603 2610 poeuam
618 2521 767 2609 imposuit
781 2520 831 2596 ei,
849 2520 903 2609 qui
914 2543 1133 2588 uxoremnoa
1154 2556 1158 2571 ·

199 2639 267 2703 set,
284 2630 340 2694 sed
363 2630 459 2697 etiam
474 2629 522 2706 ei,
539 2629 593 2716 qui
618 2651 713 2694 unam
736 2640 877 2704 tantam,
892 2640 927 2694 et
944 2628 995 2704 ei,
1018 2630 1073 2718 qui
1101 2626 1152 2681 ω’

200 2736 318 2814 serius,
342 2749 375 2802 et
402 2738 449 2815 ci,
477 2737 531 2826 qui
554 2736 638 2802 solus
660 2737 789 2802 viveret.
816 2734 989 2804 Praeclarus
1014 2749 1116 2804 eutem
1142 2746 1161 2773 ‘-

200 2845 292 2931 jubet
313 2846 419 2911 uxoris
439 2867 565 2935 quoque
588 2842 773 2912 alimentum
797 2843 926 2934 publico
952 2845 1091 2934 pendere
1121 2874 1136 2897 «ν
1159 2884 1160 2891 1

197 2973 293 3030 eum,
311 2955 365 3041 qui
377 2977 507 3021 uxorem
529 2976 595 3019 non
615 2953 771 3029 duxisset,
793 2965 826 3018 et
839 2963 984 3040 sumptus
1189 3005 1192 3014 .

198 3059 275 3126 dere
291 3061 536 3150 magistratibus.
554 3061 706 3139 sienim,
723 3060 825 3128 ‹ltretu
839 3060 1009 3138 uxoribus,
1025 3058 1130 3126 liberos
1143 3070 1186 3127 ΙΙ

199 3169 412 3257 susceperint,
435 3180 590 3257 quatenus
612 3169 644 3233 in
664 3168 700 3234 iis
715 3168 842 3256 mudena
863 3167 959 3234 situm
973 3179 1041 3244 eet,
1061 3165 1182 3240 hori-

196 3277 356 3344 ran'tatem
380 3276 545 3354 invehent‚
570 3290 602 3344 et
622 3263 762 3344 civitates
784 3274 971 3354 dissolvent,
987 3289 1035 3352 et,
1052 3265 1183 3365 quies&

196 3399 337 3465 constat,
352 3387 518 3455 mundum.
537 3387 576 3454 lli
590 3399 694 3454 autem
711 3388 806 3484 impie
824 3399 942 3478 agunt,
959 3400 994 3454 ut
1004 3388 1058 3476 qui
1073 3381 1185 3451 diririt!

197 3495 372 3562 institutam
384 3496 617 3586 generationem
629 3497 801 3564 destruant.
817 3495 998 3577 Quinetiam
1012 3493 1106 3584 ignari
1117 3497 1185 3554 estet

196 3601 348 3669 imbecilli
363 3604 476 3680 animi,
494 3603 601 3694 lugere
618 3605 876 3694 conjunctionem
891 3605 962 3669 ritae
979 3615 1010 3669 et
1021 3593 1185 3669 cousudffi

165 3777 167 3783 ,
194 3731 268 3774 uem
285 3733 357 3778 cum
375 3734 472 3777 uxore
487 3723 519 3778 et
537 3709 652 3779 liberis.
676 3711 775 3800 Cujus
787 3713 872 3778 enim
886 3723 933 3778 est
944 3709 1062 3780 amissio
1073 3704 1181 3775 malm·

234 3855 241 3880 ¹
253 3861 339 3910 Gener,
352 3877 386 3923 u,
402 3863 440 3910 rs.
