2452 4602
316 358 515 413 canacocut,
539 360 601 404 ΗΒ·
627 360 679 410 ΠΙ.

96 463 202 516 Amans
214 467 359 517 amantem
374 457 406 516 vi
418 457 536 517 recessit
551 457 684 518 auferens

94 557 232 614 Helenam
248 555 285 614 ad
300 555 361 616 ldae
376 558 502 632 caulam,
517 557 630 618 abesset
644 579 709 618 eum
725 559 812 632 domo
919 610 928 630 ,

95 656 259 714 Menelaiis.

0 762 8 810 t
25 751 168 820 adulteria
180 755 399 821 concitantem
409 753 702 846 pulchritudinem‘
716 759 723 822 l
738 756 894 824 Graeciam
904 758 1017 823 evertit

0 865 148 930 arborum
163 865 213 930 sui
225 865 359 932 ornandi
374 865 529 944 studium,
541 878 573 934 et
586 865 787 933 ell'oemiuatae
803 866 923 937 delicies
936 889 944 932 ε
959 867 1004 934 La

0 975 119 1039 unicam
141 973 330 1063 pudicitiam
350 977 494 1065 corrupit
515 977 627 1054 vestis,
649 988 682 1042 et
704 975 808 1056 luxus,
829 990 861 1044 et
881 976 1015 1068 pulchra

0 1116 10 1163 ιι
24 1116 32 1140 ··
54 1083 97 1149 'es
111 1107 120 1148 ε
133 1085 340 1151 barbaricum
352 1085 400 1151 sui
412 1086 547 1153 ornandi
561 1087 704 1154 studium
721 1088 921 1154 meretricem
936 1111 1015 1178 pro-

11 1195 62 1260 vit
70 1195 158 1260 lovis
173 1193 284 1263 liliam.
300 1197 371 1264 Non
383 1209 450 1264 erat
465 1199 511 1264 eis
525 1197 734 1289 Paedagogus,
752 1199 807 1288 qui
819 1198 1015 1266 rescinderet

14 1304 141 1380 'dines;
158 1329 219 1372 nec
234 1307 290 1395 qui
305 1307 439 1385 diceret,
455 1307 533 1376 Non
546 1307 780 1376 moecbaberis²
793 1337 807 1388 ;
820 1333 881 1376 nec
897 1310 951 1398 qui
965 1307 1016 1374 di-

40 1427 74 1489 t,
93 1413 171 1480 Non
189 1417 404 1506 concupisces,
419 1440 480 1483 nec
497 1417 538 1484 ad
550 1417 741 1484 adulterium
754 1419 815 1485 iter
830 1418 1016 1508 ingredieris

11 1527 351 1617 rconcupiscentiam,
374 1528 430 1595 sed
446 1549 551 1618 neque
572 1528 780 1619 appetitiones
802 1528 1015 1596 inllammabis

8 1664 19 1691 a
41 1636 289 1703 immoderatum
301 1638 347 1703 tui
359 1639 494 1705 ornandi
507 1638 658 1706 studium.
674 1638 739 1704 Sed
749 1638 818 1708 haec
831 1640 1015 1730 cujusmodi

5 1759 164 1812 nsecutus
180 1759 230 1812 est
244 1748 370 1814 enitusll
385 1761 417 1814 et
432 1761 511 1837 quot
525 1747 607 1816 mala
620 1762 799 1826 senserunt,
813 1749 866 1838 qui
879 1749 1015 1816 nimium

3 1886 6 1903 ·
34 1877 178 1920 amorem
189 1855 362 1946 prohibere
372 1855 543 1924 uoluerunt
553 1857 567 1922 l
578 1857 712 1947 Propter
720 1855 1016 1946 effrenatasvolup-

0 1975 57 2030 tes
71 1963 191 2032 Gracia
207 1977 240 2032 et
255 1967 330 2035 Asia
345 1979 513 2036 commoto
529 1980 616 2046 sunt,
634 1995 652 2036 a
666 1970 804 2038 barbaro
825 1966 1013 2035 adolescen-

26 2098 47 2140 ο
61 2078 165 2142 omnia
179 2078 352 2167 agitantur,
368 2090 435 2145 tota
451 2079 575 2147 Graecia
590 2081 728 2170 navigat,
742 2078 872 2145 marein
886 2090 1012 2144 arctum

7 2185 104 2265 »stur
125 2197 221 2252 terras
243 2187 362 2266 serens,
384 2188 517 2280 longum
538 2187 659 2263 bellum
679 2189 847 2266 excitatur,
864 2200 896 2254 et
915 2187 1014 2256 ve'hc-

26 2299 89 2362 ntia
102 2311 278 2388 erumpunt
289 2298 408 2387 praeliu,
423 2301 592 2390 campique
605 2296 777 2390 implentur
789 2299 1010 2365 cadaveribus:

77 2405 211 2472 insultat
230 2407 405 2486 barbarus,
430 2411 631 2478 dominatum
653 2408 777 2476 obtinet
796 2407 958 2497 iniquitas,
982 2421 1015 2474 et

6 2515 136 2583 fillius
150 2518 242 2585 lovis
257 2518 369 2587 oculus
384 2519 525 2586 Thraces
547 2521 699 2610 respicit:
714 2513 871 2608 ingenuus
887 2519 1013 2607 sanguis

10 2658 13 2681 ι
35 2650 122 2693 arus
136 2639 229 2718 potat
244 2651 386 2720 campos,
398 2643 431 2698 et
443 2629 612 2697 lluviorum
624 2630 744 2696 llueuta
758 2630 913 2697 sistuntur
923 2653 1013 2698 mor-

1 2724 25 2791 ἰ-
39 2738 251 2827 corporibus:
263 2754 394 2830 pectora
405 2740 572 2831 pulsantur
582 2739 777 2831 planctibus,
790 2752 821 2806 et
833 2739 937 2806 luctus
950 2751 1012 2806 ter-

5 2878 29 2903 ιιι
51 2847 225 2935 possidet:
247 2849 312 2915 ldae
334 2861 441 2914 autem
456 2849 564 2916 multis
586 2847 759 2916 lontibus
750 2847 876 2936 1rriguae
898 2871 1009 2915 omnes

0 2955 200 3022 cutinntur
219 2957 330 3047 pedes,
354 2970 388 3024 et
407 2959 513 3026 omnia
535 2959 715 3036 cacumina,
732 2957 1010 3047 Trojanorumque

60 3403 152 3472 Puer,
169 3419 207 3457 ne
218 3398 348 3460 habenas
358 3401 504 3479 tetigeris,
514 3402 609 3482 quies
623 3401 748 3460 insciens
762 3423 768 3458 :

64 3501 268 3580 Getarumque,
280 3499 385 3584 agendi
399 3500 530 3582 ignorum,
544 3499 622 3561 haud
640 3499 806 3560 ascenderis
821 3521 827 3555 :

0 3630 3 3651 ι
20 3597 96 3664 bus
121 3601 240 3691 aurigis
260 3600 380 3668 coelum
401 3601 538 3682 letatur,
560 3602 676 3692 quibus
700 3598 774 3665 solis
795 3598 876 3688 ignis
892 3597 1002 3689 egitur.

10 3731 50 3774 ns
60 3709 152 3775 enim
162 3734 223 3800 per
237 3710 435 3802 voluptatem
446 3711 632 3787 abducitur,
644 3723 676 3776 et
689 3707 819 3775 rationis
832 3705 1004 3796 integritas,

46 3817 137 3908 [ugo
152 3821 327 3911 paedagogo
343 3844 407 3888 nou
426 3822 538 3899 utitur,
556 3819 675 3888 labitur
691 3820 722 3887 in
739 3816 925 3886 libidinem:
940 3814 1006 3906 lap·

10 3929 79 3978 Vide
93 3931 126 3978 D.
137 3931 253 3992 Guillcn,
268 3949 294 3998 p.
304 3931 361 3998 429.

14 4001 102 4052 Eud.
117 4020 159 4064 n,
176 4005 212 4066 rt,
229 4022 264 4070 ¹7·
