2738 4628
146 275 150 281 ·
255 235 295 309 ab
575 249 686 298 suscrr
710 249 825 292 rusnnr
848 250 909 292 trs.
937 251 955 291 v

252 387 382 452 ‚sueque
398 365 543 434 Christus
558 365 728 430 resurrexit
745 388 752 428 :
771 365 797 430 si
811 376 919 431 sutem
935 363 1078 430 Christus
1095 385 1160 430 non
1175 384 1302 432 resura

251 504 264 550 r
278 477 373 551 rexit,
390 475 491 541 inanis
505 486 553 541 est
567 475 750 564 praedicatio
765 485 883 551 nostra,
902 475 1002 540 inanis
1017 485 1064 540 est
1075 487 1107 540 et
1121 473 1205 540 lidos
1219 494 1298 540 ress

251 595 340 658 stro.
358 583 542 655 lnvenimur
557 595 665 648 autem
679 594 713 648 et
730 580 799 648 salsi
822 592 918 650 testes
937 581 1008 659 Dei,
1026 582 1177 670 quoniam
1192 579 1301 650 testie

252 722 265 756 s
282 692 417 760 ficemur
432 693 520 783 quod
534 693 695 761 suscitavit
711 692 887 768 Christum,
904 715 1001 781 qoem
1015 717 1085 758 'non
1106 689 1293 758 suscitavit.

250 831 264 874 a
280 803 315 868 Si
326 804 411 874 enim
424 801 541 876 mortui
552 825 617 867 non
634 813 814 890 resurgunt,
827 824 930 890 neque
943 801 1086 866 Christus
1097 798 1294 866 resurrexit.

249 939 263 972 ι
280 911 314 977 Si
327 924 434 980 sutem
451 911 596 982 Christus
608 933 672 980 non
684 910 869 987 resurrexit,
885 911 986 982 inanis
998 923 1045 976 est
1059 909 1138 976 fides
1152 921 1290 975 vestra:

248 1048 263 1096 a
279 1021 428 1109 quonism
443 1020 549 1094 adhue
564 1020 637 1084 estis
653 1019 839 1108 inpeccatis
855 1019 975 1090 restria.
994 1020 1078 1108 Ergo
1093 1030 1125 1084 ot
1140 1018 1195 1107 qui
1212 1017 1294 1086 ἀοι»,

250 1128 415 1196 »inierunt
437 1126 631 1203 iu-(lhristo,
646 1124 819 1216 perierunt.
838 1127 873 1194 si
892 1127 925 1192 in
940 1128 1002 1193 vita
1021 1127 1084 1197 hac
1104 1128 1137 1194 in
1153 1127 1292 1194 Christo

248 1251 440 1328 »sperantes
458 1261 568 1332 sumus
588 1248 727 1314 tantum,
747 1236 992 1304 miserabiliores
1007 1237 1157 1310 omnibus
1170 1259 1291 1312 sumus

246 1349 472 1416 »bominibus
496 1349 590 1417 Nunc
608 1362 715 1414 sutem
737 1349 882 1415 Christus
903 1351 1074 1415 resurrexit
1094 1375 1112 1416 a
1131 1351 1286 1426 mortuis,

223 1499 225 1506 ·
247 1459 928 1549 aprimitiaedormientiumrquoniamenim
940 1459 1168 1548 perhuminem
1179 1483 1280 1537 mors,

247 1600 261 1635 r
276 1582 310 1636 et
323 1593 382 1659 per
395 1570 560 1643 bominem
575 1570 765 1636 resurrectio
779 1568 1011 1648 mortuorum¹.
1031 1598 1044 1632 s
1168 1653 1170 1658 ,

311 1680 349 1746 ln
374 1679 423 1752 his
445 1679 544 1768 igitur
566 1679 737 1756 omnibus,
764 1679 1034 1768 quemadmodum
1055 1679 1272 1769 praediximus,

245 1801 301 1858 aut
332 1790 492 1857 contraria
518 1788 707 1854 sentientem
733 1787 918 1876 sibimetipsi
943 1787 1129 1877 Apostolum
1153 1789 1275 1864 dicent,

144 1959 146 1966 i
245 1911 402 1988 quantum
417 1898 458 1992 etl
472 1896 588 1974 illudo
603 1898 686 1963 Caro
706 1909 739 1964 et
758 1898 883 1987 sanguis
898 1922 1031 1988 regnum
1043 1898 1103 1966 Dei
1117 1899 1278 1988 possidere

246 2036 259 2070 r
274 2030 340 2073 non
353 2018 500 2097 possunt3
517 2033 531 2082 ¹.
553 2017 609 2071 aut
625 2006 741 2084 iterum
756 2005 909 2095 malignas
924 2018 957 2072 et
970 2017 1109 2074 extortas
1120 2019 1281 2098 cogentur

244 2118 388 2187 omnium
400 2111 563 2196 'dictorum
579 2116 683 2194 lacere
702 2117 926 2205 expositiones,
942 2116 983 2188 ad
1004 2118 1281 2186 transvertendum

243 2235 276 2292 et
296 2223 527 2302 immutandam
547 2223 736 2294 sententiam
757 2223 926 2290 dictorum.
951 2225 1038 2304 Quid
1057 2227 1143 2293 enirn
1168 2227 1280 2294 dicero

243 2319 409 2400 habebunt
420 2356 545 2409 sanum,
560 2332 585 2396 si
594 2333 795 2414 conabuntur
803 2330 893 2398 aliter
905 2333 1103 2421 interpretari
1114 2333 1180 2402 boc
1188 2333 1280 2423 quod

242 2441 353 2520 scribit
367 2464 401 2508 :r
417 2441 552 2531 Oportet
567 2441 653 2514 enirn
664 2440 871 2530 corruptibile
886 2442 949 2508 hoc
963 2434 1096 2512 inducre
1111 2445 1280 2536 incorrup-

241 2550 379 2642 rtelum,
401 2562 433 2616 et
454 2548 587 2624 mortale
610 2549 673 2624 hoc
694 2549 828 2616 induere
847 2551 1157 2630 immortalitatem
1180 2567 1276 2622 ret:

251 2688 263 2755 ς
281 2660 322 2726 Ut
337 2660 398 2741 ritu
414 2659 491 2742 lesu
513 2637 731 2742 mobilestetur
746 2663 779 2728 in
795 2684 889 2730 carne
904 2663 1031 2730 mortali
1046 2677 1153 2732 nostra
1163 2665 1194 2741 ’ς
1214 2695 1228 2730 r
1244 2678 1279 2734 et

242 2769 364 2860 reliqua
382 2769 486 2834 omnis
499 2770 532 2836 in
544 2771 658 2858 quibus
669 2770 839 2860 Apostolus
850 2771 1015 2839 manifeste
1025 2786 1058 2838 et
1069 2773 1153 2840 clare
1172 2798 1279 2844 resur

241 2881 416 2947 rectionem
431 2891 464 2945 et
478 2879 725 2968 incorruptelam
741 2882 844 2953 carnis
859 2881 1032 2971 praedicati
1044 2883 1207 2973 (lugentur
1219 2887 1278 2952 ita-

240 3011 302 3078 que
324 2988 393 3055 baec
414 2997 501 3052 tanta
521 2984 604 3053 male
626 2987 840 3080 interpretari,
860 2991 915 3079 qui
936 3013 1036 3058 unum
1057 2990 1170 3061 nolunt
1189 2995 1277 3066 bene

239 3097 423 3188 intelligere.

293 3286 348 3346 10⁰
362 3280 414 3347 Ex
432 3280 581 3349 veritate
595 3281 757 3377 corporis
769 3277 903 3352 Christi
917 3291 928 3325 ¹
945 3311 953 3353 :

296 3447 456 3528 Quoniam
472 3461 580 3516 autem
599 3473 663 3517 non
682 3451 832 3519 adversus
852 3455 954 3543 ipsam
974 3455 1181 3524 substantiam
1205 3480 1274 3526 cer-

204 3553 214 3570 '
238 3561 287 3634 nis
315 3569 348 3623 et
375 3559 534 3646 sanguinis
556 3559 634 3626 dixit
659 3561 843 3650 Apostolus,
867 3587 931 3631 non
954 3565 1113 3654 possidere
1136 3591 1273 3658 regnum
1297 3633 1300 3642 ,

239 3669 311 3744 Dei,
327 3667 445 3753 ubique
460 3667 545 3733 idem
560 3667 730 3760 Apostolus
749 3671 782 3736 in
799 3671 937 3740 Domino
952 3674 1029 3740 «lesu
1050 3675 1177 3744 Christo
1195 3702 1272 3747 usus

270 3811 281 3878 ⁵.
296 3829 303 3878 p
317 3809 375 3860 Cor.
386 3823 428 3865 rr,
441 3807 624 3876 rietscqq.—
637 3811 647 3846 ²
658 3813 720 3862 ibid.
735 3813 773 3860 55.
788 3841 817 3852 -
828 3813 838 3848 ⁸
849 3831 861 3861 a
874 3815 933 3864 Cor.
946 3831 981 3874 rr,
996 3831 1032 3866 rr.

269 3897 288 3944 l.
302 3897 364 3958 Cap.
374 3908 425 3952 nv,
438 3907 463 3957 p.
473 3892 529 3940 bro.
