2574 4628
223 281 286 346 soli
470 283 475 306 ¹
538 302 712 349 cnennurrs
736 299 945 349 sanaremur

221 420 343 488 Grecis
361 419 462 488 iaetus
477 406 534 486 est.
559 418 657 486 Vobis
673 420 771 496 enim.
789 422 842 509 qui
865 423 998 511 poe'ticae
1017 419 1136 488 sabulae
1156 413 1266 485 eredi-

221 531 329 606 distis,
358 529 497 598 Minoem
527 531 713 596 Cretensem
737 529 883 598 familiari
909 532 996 598 lovis
1024 529 1263 600 consuetudine

221 664 316 708 usum
325 641 433 718 luisse,
451 640 578 708 difficile
593 641 733 708 uenerit
748 642 879 709 credere
890 666 960 720 nos,
974 642 1032 708 Dei
1047 642 1153 709 lectos
1166 639 1263 704 disci-

220 748 447 840 pulos,veram
459 751 645 841 sapientiam
654 751 844 844 suscepisser
860 773 931 820 eam
938 775 1067 841 nempe,
1080 773 1186 839 quam
1198 748 1264 838 pbi-

157 881 162 892 ·
220 860 426 951 losophorum
441 863 600 951 principes
611 875 736 928 tantum
750 864 888 930 obscure
898 863 1085 937 innuerunt,
1102 859 1165 927 sed
1174 857 1263 924 Chri-

220 972 259 1037 sti
270 971 1017 1063 discipulitumcomprehenderunt,:tumetium
1027 971 1259 1062 pmdiearunt.

219 1083 324 1170 Atque
338 1083 418 1150 adeo
433 1085 466 1150 iu
481 1094 562 1161 toto,
580 1096 616 1149 ut
631 1083 674 1148 ita
690 1083 807 1163 dicem,
826 1083 953 1150 Christo
968 1081 1054 1151 nulla
1071 1084 1142 1171 jam
1161 1081 1263 1171 perri-

217 1192 275 1268 tio,
303 1190 428 1260 nullum
449 1203 497 1259 est
522 1195 694 1262 discrimen
716 1218 724 1258 :
749 1217 814 1262 non
833 1195 920 1262 enim
937 1192 989 1260 ille
1010 1193 1174 1260 barbarus
1202 1203 1260 1269 est,

227 1326 314 1370 «nec
332 1291 475 1380 Judaens,
499 1327 562 1372 neo
579 1303 710 1372 Graecus
730 1327 739 1370 t
762 1327 827 1371 nen
846 1327 926 1381 mas,
946 1327 1007 1371 nec
1021 1303 1158 1370 frumine
1178 1325 1187 1367 ε
1208 1303 1261 1368 sed

218 1443 231 1478 ι
247 1435 348 1480 novus
362 1412 459 1485 bomo
473 1413 498 1490 ¹,
514 1443 527 1478 ι
547 1427 658 1482 sancto
673 1414 732 1482 Dei
748 1413 869 1504 Spiritu
884 1415 1140 1480 transformatus.
1160 1413 1259 1480 Porro

218 1535 326 1590 autem
344 1536 457 1590 caetera
475 1523 606 1592 consilia
621 1547 659 1592 ae
673 1538 845 1615 precepta,
862 1536 937 1592 erint
954 1525 1084 1613 quidem
1099 1523 1214 1600 exilia,
1229 1537 1258 1588 et

217 1635 258 1702 de
270 1635 366 1702 rebus
378 1633 589 1724 singularibus
605 1648 728 1726 sgrmt:
747 1636 858 1713 veluti,
875 1661 916 1704 au
932 1635 1076 1703 ducenda
1093 1633 1206 1700 uxor?
1221 1657 1257 1700 au

215 1745 352 1835 gerenda
371 1744 570 1835 respublica?
585 1769 626 1812 an
646 1745 737 1812 liberi
753 1747 816 1813 sint
832 1745 1045 1838 procreandi?
1060 1743 1131 1810 sola
1151 1754 1258 1810 autem

215 1879 252 1922 ea
273 1879 344 1944 quae
360 1856 402 1922 ad
422 1857 573 1945 pietatem
596 1857 719 1930 suadet.
739 1857 917 1924 exhortatio
935 1835 1090 1946 generalis
1107 1867 1172 1931 est,
1194 1852 1256 1920 sola

215 1967 256 2032 ad
267 1967 445 2034 universam
457 1966 528 2033 vitae
543 1967 699 2034 rationem
713 1967 864 2058 pertinet,
877 1980 910 2034 et
924 1964 1012 2032 nullo
1027 1987 1092 2032 nen
1111 1977 1257 2054 tempere

215 2088 309 2164 atque
328 2097 405 2144 casu
423 2076 465 2142 ad
481 2100 666 2168 supremum
681 2077 793 2156 finem,
811 2078 909 2162 vitam
925 2099 1052 2166 nempe,
1071 2075 1197 2164 dirigit.
1215 2075 1258 2140 nx

214 2183 276 2250 bac
288 2208 399 2256 norma
412 2186 437 2252 si
453 2186 606 2261 vivamus,
619 2183 699 2250 nibil
710 2185 802 2251 nobis
814 2185 855 2250 od
867 2197 1017 2252 aeternsm
1027 2184 1130 2252 vitam
1142 2183 1256 2249 deerit.

214 2293 262 2362 Ac
281 2321 294 2355 a
315 2293 515 2384 philosophia
537 2295 684 2381 quidem,
700 2309 738 2360 ut
751 2311 872 2360 ueteres
887 2295 1016 2370 dieunt,
1037 2310 1084 2360 est
1104 2293 1258 2360 diuturna

213 2433 226 2468 ι
240 2405 429 2482 admonitio,
440 2427 511 2492 quse
524 2417 715 2494 perpetuum
727 2405 888 2494 sapientie
899 2426 1041 2471 amorem
1053 2403 1252 2470 conciliats=

223 2527 451 2605 «praeceptum
470 2516 699 2592 oeroDomini
721 2515 865 2582 lucidum
888 2530 947 2592 est,
972 2514 1159 2583 illuminans
1179 2539 1259 2582 ocu-

213 2655 226 2690 »
244 2625 290 2694 los
303 2625 328 2692 ².
346 2624 493 2715 »Recipe
513 2623 690 2700 Christum,
707 2627 813 2715 recipe
828 2628 943 2704 visum,
959 2627 1067 2715 recipe
1083 2622 1211 2702 lucem,

292 2791 333 2846 Ut
345 2787 421 2846 bene
435 2807 593 2866 cognoscas
607 2793 703 2848 Deum
716 2791 901 2868 simulatque
914 2789 1069 2848 hominem.

222 2929 381 2998 «Dulcius
396 2946 441 2996 eet
454 2930 613 3010 Verbum,
630 2960 650 3000 a
662 2959 726 3022 quo
742 2935 929 3002 illuminati
938 2955 1064 3008 sumus,
1080 2957 1186 3021 quam
1202 2957 1261 2998 eu-

213 3066 314 3107 srum
335 3054 367 3108 et
384 3039 463 3131 lapis
482 3043 638 3132 pretiosus
659 3067 666 3107 :
687 3045 787 3132 magis
804 3043 889 3110 idem
909 3040 1135 3118 desiderabile,
1159 3067 1263 3131 quam

212 3179 225 3212 a
241 3147 304 3214 mel
320 3161 352 3216 et
368 3150 457 3217 favus
471 3151 494 3215 ⁸.
515 3179 527 3212 r
548 3151 667 3230 Quidni
687 3152 774 3217 enim
788 3151 995 3220 desiderabile
1014 3153 1067 3228 sit,
1088 3151 1182 3240 quod
1202 3153 1263 3218 de-

211 3259 328 3326 fossam
353 3259 491 3326 tenebris
514 3271 655 3326 mentem
678 3262 710 3327 in
731 3261 838 3330 lucem
862 3264 1023 3354 produxit,
1042 3274 1076 3328 et
1102 3263 1265 3350 luciferos

210 3369 323 3434 animm
338 3367 444 3435 oculos
458 3369 603 3434 enecuit?
617 3369 898 3474 Quemadmodum
912 3372 1020 3439 enim*
1038 3375 1174 3439 absente
1190 3371 1265 3438 sole

211 3502 269 3568 per
283 3490 395 3545 coetera
408 3479 539 3568 quidem
550 3491 633 3546 astra
648 3505 713 3547 nox
726 3496 808 3548 esset
828 3485 944 3572 ubique
964 3483 1078 3550 dillusa
1097 3506 1105 3547 :
1126 3484 1174 3549 sie
1197 3483 1266 3548 nisi

209 3585 352 3654 Verbum
373 3590 640 3679 cognovissemus,
657 3605 690 3658 et
705 3595 745 3660 ab
760 3617 799 3660 eo
814 3617 955 3662 essemus
967 3592 1152 3668 illuminati,
1172 3591 1265 3660 nihil

206 3721 282 3766 sane
297 3697 496 3768 differremus
512 3703 552 3768 ab
573 3702 711 3772 altilibus
733 3705 870 3795 gallinis,
889 3705 1081 3773 intenebris
1103 3703 1265 3793 saginati,

237 3870 346 3921 ¹Galat¹
361 3887 398 3926 ru,
413 3873 451 3930 283
463 3889 499 3930 vr,
515 3876 551 3920 15.
563 3873 657 3939 Ephes.
670 3889 704 3933 ιν,
720 3875 897 3930 25.-²1³sat.
912 3895 963 3938 nx,
976 3893 1000 3940 9.
1011 3905 1041 3914 -
1052 3875 1062 3909 ³
1075 3875 1135 3925 ibid.
1149 3889 1194 3924 ιο.

145 4007 150 4016 ¹
235 3945 247 3977 ⁴
260 3945 321 3996 Vide
334 3945 366 3996 I).
378 3946 489 4004 Guillen,
503 3963 530 4013 p.
543 3947 588 4013 587
603 3958 628 4000 et
642 3949 697 4000 388.
