2574 4628
205 313 266 381 190
348 355 352 361 ,
512 310 685 356 canussnus
709 311 920 356 santernam

199 427 365 520 flagitiosa,
382 427 565 517 perturbata
579 425 747 494 affectibus
764 440 860 516 atque
875 427 971 516 impia
986 427 1231 500 eonsuetudine.

200 539 242 606 od
255 531 431 612 imitatem,
442 537 585 626 patribus
596 535 670 604 licet
681 535 891 628 ringenpibus,
905 535 1130 611 deflectemus;
1145 551 1178 602 et
1189 561 1236 604 re·

182 652 299 738 ·jeota‚
313 658 465 734 tanquam
477 645 644 712 mortifero
655 669 792 724 veneno,
804 647 1048 724 consuetudine,
1061 669 1170 713 verum
1183 672 1236 737 pa·

201 769 284 824 trem
299 755 499 845 queremus?
516 755 595 823 Nam
611 779 629 822 a
644 758 736 822 nobis
752 757 881 846 quidem
903 757 981 824 nihil
1000 756 1166 847 pulchrius
1181 771 1236 824 aut

201 867 382 960 praeclarius
394 867 510 956 suscipi
521 879 637 956 potest,
650 891 745 956 quam
758 869 783 934 si
796 869 884 935 vobis
901 869 1133 938 ostenderimus
1152 870 1235 937 bano

202 979 344 1046 insanam
366 997 404 1044 ae
426 975 520 1066 plane
541 977 751 1044 miserrimam
780 979 1044 1046 consuetudinem
1065 1003 1134 1046 esse
1155 1003 1234 1046 vere

202 1089 311 1180 pietati
331 1087 589 1154 inimicissimam.
608 1087 675 1156 Neo
695 1087 782 1154 enim
795 1101 851 1153 aut
865 1088 939 1154 odio
954 1088 1078 1166 baberi,
1095 1101 1151 1156 sut
1165 1113 1235 1156 om·

203 1199 279 1265 nino
296 1197 455 1287 repudiari
472 1199 576 1288 potuit
592 1209 657 1264 tem
673 1199 826 1264 eximium
843 1197 1049 1274 beneficium,
1066 1223 1133 1287 quo
1151 1200 1234 1267 Deus

203 1309 282 1378 nibil
295 1331 433 1397 unquam
449 1311 553 1398 majus
571 1310 712 1376 bumano
728 1311 836 1402 generi
853 1311 977 1387 tribuit,
991 1310 1051 1377 nisi
1062 1323 1234 1377 eonsuetu-

203 1421 278 1487 dine
289 1420 425 1509 abrepti.
443 1419 598 1485 obturatis
615 1418 731 1486 deinde
745 1420 889 1496 auribus,
905 1430 1056 1508 tanquam
1067 1431 1234 1486 contuma-

205 1551 258 1598 ees
278 1531 351 1619 equi
368 1531 580 1597 detrectantes
594 1529 735 1598 habenas
749 1543 782 1598 et
796 1531 911 1599 fraenos
931 1531 1129 1610 mordentes,
1146 1533 1233 1598 ratio·

205 1664 262 1709 nes
273 1641 435 1733 fugeretis,
449 1641 518 1708 rite
533 1651 643 1708 vestrae
658 1663 716 1708 nos
731 1641 897 1732 magistros
908 1655 939 1708 et
950 1642 1073 1734 aurigas
1088 1655 1234 1712 excutere

205 1753 387 1842 supientesr
407 1765 440 1818 et
463 1752 600 1818 amentia
620 1763 722 1818 vestra
743 1753 920 1843 precipites
942 1753 975 1819 in
1001 1753 1134 1820 exitium
1157 1753 1233 1828 aeti,

205 1874 352 1929 sanetum
373 1862 431 1930 Dei
451 1861 593 1930 Verbum
619 1861 838 1929 existimaretis
859 1863 1074 1929 execrandum
1098 1885 1169 1928 esse
1196 1885 1230 1929 ae

205 1971 400 2038 detestabile.
420 1971 640 2053 Quamobrem
655 1995 710 2039 vos
733 1970 897 2040 electionis
913 1985 1026 2040 restrae
1045 1973 1176 2062 proemia
1194 1995 1234 2039 se·

134 2171 137 2180 .
207 2094 362 2170 quuntur,
379 2093 414 2147 ut
429 2082 472 2148 eit
487 2079 675 2172 Sophocles,

287 2252 370 2308 Mens
383 2268 470 2323 usna,
486 2267 570 2308 aures
583 2249 714 2322 inutiles,
727 2250 915 2329 cogitationes
930 2247 1029 2307 irritas.

207 2409 249 2475 Et
263 2407 390 2475 amcitis
404 2408 485 2475 veris
499 2407 647 2474 omnibus
662 2405 725 2474 boo
738 2427 807 2474 ease
818 2407 934 2482 verius,
946 2406 1033 2495 quod
1044 2409 1126 2476 boni
1135 2408 1237 2498 piique

208 2517 372 2596 homines,
395 2541 433 2584 eo
455 2517 541 2606 quod
561 2518 684 2584 bonum
711 2513 898 2594 coluerunt,
921 2517 1040 2584 bonam
1058 2518 1236 2585 mercedem

210 2636 463 2715 consequentum
478 2625 533 2714 qui
547 2637 655 2691 autem
673 2637 784 2692 eontra
806 2635 881 2692 sunt
899 2623 987 2702 mali,
1007 2627 1156 2694 meritam
1170 2649 1236 2717 poe-

210 2759 296 2803 nam.
312 2735 496 2816 Quinetiam
507 2735 565 2826 ipsi
577 2734 705 2802 sceleris
716 2735 852 2827 principi
868 2737 1013 2804 imminet
1023 2736 1233 2827 supplicium:

210 2845 344 2937 proinde
353 2846 528 2912 eiminatur
535 2845 705 2914 Zacharias
717 2868 727 2913 r
738 2871 751 2908 ι
763 2847 944 2936 lnerepsbit
952 2859 997 2924 te,
1005 2849 1059 2938 qui
1067 2845 1164 2938 elegit
1171 2849 1237 2915 Hie

209 2956 383 3024 »ruralem
397 2957 508 3025 Nonne
525 2980 601 3024 ecee
610 2956 673 3026 boe
684 2969 731 3024 est
752 2969 787 3023 ut
804 2959 897 3026 torris
905 2958 1030 3026 evulsus
1043 2981 1083 3025 ex
1097 2957 1208 3050 igne¹i¹
1220 2985 1232 3020 ι

211 3068 366 3150 Quisnam
389 3067 484 3157 igitur
506 3067 599 3134 insita
620 3079 669 3134 est
688 3068 721 3134 in
739 3066 853 3134 animis
868 3067 1035 3136 bominum
1057 3067 1239 3136 votunnrta

209 3179 321 3246 mortis
332 3177 502 3268 appetitio?
514 3177 580 3244 Gur
590 3177 631 3245 ad
641 3177 730 3245 buno
740 3177 940 3245 mortiferum
951 3195 1086 3256 mem,
1102 3202 1239 3269 quocum

210 3309 340 3354 neeesse
354 3299 402 3354 est
415 3307 470 3353 eos
486 3309 548 3354 una
570 3286 729 3363 comburi,
746 3285 971 3378 confugerunt.
988 3311 1063 3354 enm
1081 3289 1239 3378 integrum

210 3395 286 3486 ipsis
300 3395 407 3474 fuerit,
424 3396 557 3464 boneste
571 3419 610 3462 ex
623 3395 682 3464 Dei
700 3409 874 3486 precepto,
896 3421 962 3464 non
983 3411 1092 3465 autem
1108 3423 1148 3466 ex
1164 3423 1240 3468 eon-

211 3506 380 3573 suetudine
391 3506 519 3574 vivere?
532 3507 615 3574 Nam
627 3506 713 3573 Deus
725 3507 855 3596 quidem
865 3509 963 3577 vitam
977 3507 1111 3600 largitur
1124 3534 1133 3576 ι
1147 3531 1241 3600 prars

66 3674 69 3683 ,
211 3627 320 3682 autem
341 3617 552 3695 consuetudo,
570 3629 738 3708 postquam
759 3619 951 3686 exeesserint
970 3619 1033 3686 beo
1045 3619 1125 3695 vita,
1141 3641 1240 3688 seram

211 3721 272 3790 iltis
289 3721 381 3790 affert
398 3726 481 3791 inter
496 3722 651 3816 supplicia
665 3725 894 3816 poenitentiam.
913 3725 1054 3793 «Passus
1071 3739 1182 3793 autem
1197 3721 1241 3790 rel

212 3862 225 3898 ι
240 3830 354 3900 stultus
369 3831 491 3911 didicit,
511 3865 523 3899 ι
539 3835 625 3926 quod
648 3835 827 3926 superstitio
848 3837 979 3927 quidem
993 3835 1127 3903 exitium
1143 3849 1177 3902 et
1197 3837 1241 3902 in·

243 3967 366 4020 tzachsr.
380 3987 418 4031 ιιι,
431 3988 454 4021 a.
