2738 4628
468 297 591 342 CONTRA
615 295 766 340 MUSES·
1092 300 1124 339 ll

86 427 133 482 tur
145 437 272 504 eorpora
292 415 455 503 ipsorum
482 415 745 507 longinquitatem
761 417 897 494 diorum.
913 433 948 484 et
961 418 1132 509 participo·
1258 406 1263 422 ’

85 527 154 594 luant
163 525 269 600 vitam,
281 525 315 589 in
328 537 506 611 quantum
517 549 555 594 en
565 525 650 594 Deus
663 527 767 594 vivere
778 527 913 596 volebat.
926 529 1015 609 Quid
1026 539 1133 592 autem

86 635 124 700 de
139 633 196 700 illis
213 633 389 702 dieamus?
415 635 692 726 Quandoquidem
710 636 823 705 Enoch
841 637 970 729 placens
994 639 1077 714 Deo,
1101 640 1134 703 in

90 767 151 834 quo
163 743 270 835 placuit
285 767 441 833 corporo
458 744 631 821 translatus
645 757 705 823 eat,
722 745 959 812 translationem
974 747 1133 836 justorum

95 867 319 945 premonstrans
333 854 359 919 ¹.
381 855 431 920 Et
450 855 571 931 Helias,
590 856 670 922 siout
681 859 753 934 ortt
766 856 799 922 in
813 853 976 946 plasmatis
990 856 1135 922 substan·

98 965 149 1041 tia,
162 975 328 1052 assumptus
345 977 418 1041 est,
434 965 686 1052 assumptionem
701 953 831 1031 Putrum
846 965 1040 1055 prophetans
1052 963 1064 998 ²
1078 987 1086 1028 :
1101 976 1134 1031 et

98 1073 167 1140 nihil
179 1073 313 1163 impediit
327 1097 393 1142 eoa
410 1097 534 1164 eorpus
547 1075 580 1141 in
595 1073 833 1144 translationem
843 1087 876 1144 et
886 1075 1135 1167 assumptionem

97 1209 201 1254 aurum.
216 1186 275 1253 l’er
303 1185 383 1256 illas
406 1189 500 1254 enim
522 1208 635 1254 munus
654 1211 712 1278 por
729 1210 808 1276 quas
827 1189 861 1254 in
881 1187 971 1254 initio
989 1185 1135 1278 plnamnti

94 1305 169 1370 snt,
179 1317 234 1383 par
243 1295 332 1384 ipsas
343 1297 611 1384 assumptionem
625 1309 657 1364 ot
672 1297 913 1365 translationem
927 1311 1132 1386 nooepernnt.

91 1404 219 1471 uouere
231 1405 322 1472 enim
343 1419 449 1474 erunt
471 1407 506 1473 in
526 1405 630 1474 Adnm
650 1428 763 1472 munus
777 1405 837 1474 Dei
854 1418 1018 1494 ooaptare.
1037 1419 1070 1472 et
1091 1419 1136 1472 te·

91 1537 173 1590 nere,
186 1526 220 1580 ot
231 1514 387 1604 bajulare
403 1539 504 1583 auum
520 1513 654 1604 plasma,
665 1527 697 1584 et
711 1515 807 1593 ferre,
820 1527 853 1582 et
863 1539 983 1605 ponere
995 1517 1049 1583 ubi
1061 1517 1135 1605 ipsae

92 1621 209 1691 vellent.
227 1623 290 1692 Ubi
308 1649 393 1715 ergo
408 1625 536 1714 primus
551 1625 670 1712 positos
690 1637 739 1690 est
758 1624 878 1692 lromol
893 1625 1016 1694 scilieet
1030 1627 1063 1692 in
1077 1648 1135 1714 pn-

92 1733 201 1810 radiso,
217 1735 504 1824 quemadmodum
519 1733 682 1823 Scriptura
698 1733 777 1802 dioit
789 1757 797 1798 ε
811 1737 876 1803 «Et
887 1733 1040 1826 plantavit
1050 1733 1135 1802 Deus

94 1841 292 1930 »paradisum
310 1845 346 1910 in
363 1843 463 1910 Eden
478 1854 590 1910 eontra
605 1841 783 1920 Orientem,
804 1857 839 1911 et
856 1845 963 1934 poauit
977 1844 1021 1912 ibi
1037 1843 1137 1910 homi-

97 1969 194 2014 anem
209 1971 303 2037 quem
321 1947 499 2038 plasmavit
511 1948 534 2012 ⁸.
555 1977 568 2011 ι
590 1951 631 2014 Et
649 1949 723 2015 inde
741 1951 906 2040 projectus
926 1963 975 2018 est
996 1951 1029 2017 in
1049 1950 1136 2018 hune

104 2057 259 2134 mnndum
270 2082 335 2125 aon
351 2059 524 2125 obediens.
540 2058 744 2149 Quapropter
755 2060 867 2128 dicunt
877 2061 1069 2150 presbyteri,
1080 2061 1136 2149 qui

105 2177 177 2232 aunt
195 2165 417 2256 Apostolorum
445 2167 606 2257 discipuli,
630 2189 685 2234 eos
707 2171 762 2256 qui
784 2169 927 2240 translati
949 2183 1035 2246 sunt,
1058 2169 1136 2236 illno

102 2273 262 2343 mnslatoo
276 2300 345 2344 esre
368 2276 485 2367 (justis
500 2279 587 2344 enim
606 2277 788 2344 hominibus
802 2292 834 2344 ot
849 2278 1004 2368 Spiritum
1018 2279 1136 2348 huben·

99 2386 179 2454 nnus
191 2401 390 2478 preparatus
407 2400 457 2454 est
472 2388 652 2477 paradisus,
668 2389 701 2454 in
716 2411 813 2477 quom
828 2400 860 2454 et
872 2389 989 2456 Paulus
1005 2389 1138 2479 dpoato

98 2493 144 2562 lna
160 2509 343 2589 asportatus
371 2497 494 2564 audivit
515 2519 677 2571 sermones
705 2495 963 2574 inenarrabiles‘,
982 2509 1137 2585 quantum
1166 2559 1175 2566 .

98 2605 135 2672 ad
155 2629 213 2672 nos
236 2608 271 2672 in
289 2606 474 2696 praeaenti);
493 2606 589 2672 stibi
608 2627 738 2673 manem
758 2627 813 2671 eos
830 2605 887 2694 qui
903 2603 1046 2674 translati
1062 2618 1137 2674 aunt

98 2738 192 2805 naqno
208 2717 253 2783 nd
273 2715 597 2791 consummationem,
615 2713 856 2803 nonuspioantes
872 2713 1131 2806 incorruptelam.

152 2825 187 2892 Si
206 2838 320 2893 antem
342 2826 414 2915 quis
438 2824 632 2915 impossibile
656 2823 791 2892 aestimet
816 2825 911 2892 tantis
937 2827 1135 2916 temporibus

98 2957 287 3024 parmanere
305 2935 465 3010 homines,
479 2945 514 3000 et
533 2933 656 3001 Heliam
675 2955 740 3002 non
758 2934 792 3001 in
806 2956 902 3004 onrno
920 2946 1134 3025 assumptum,

100 3057 323 3137 oonsnmptem
342 3057 448 3111 autam
462 3066 592 3112 earnem
606 3047 677 3134 ejus
689 3044 723 3111 in
737 3045 830 3134 igneo
844 3067 960 3120 ourrnt
978 3043 1135 3121 intendat,

99 3156 250 3242 qnorum
273 3154 374 3220 Jonas
394 3151 524 3243 quidem
539 3153 573 3219 in
592 3153 787 3244 profundum
800 3154 966 3244 projeetus
980 3165 1039 3230 est,
1056 3154 1135 3222 etin

99 3276 243 3330 sennem
273 3263 339 3331 eoti
359 3264 542 3353 obsorptus,
558 3259 661 3332 salvus
683 3262 800 3332 iterum
818 3275 954 3353 erputus
974 3275 1024 3330 eat
1044 3276 1136 3331 terroe

98 3375 185 3463 jussu
195 3375 257 3440 Dei
271 3373 292 3438 ⁸.
307 3373 446 3442 Ananias
457 3373 566 3448 etium,
577 3383 610 3438 et
620 3373 759 3449 Azarins,
773 3385 807 3437 at
816 3371 924 3438 Missel
939 3372 1024 3438 missi
1039 3373 1073 3440 in
1085 3395 1137 3440 oa-

99 3483 220 3550 minnm
236 3482 319 3573 ignia
334 3479 517 3570 septuplum
531 3479 749 3557 exardentom,
765 3501 869 3568 neque
883 3481 981 3546 nociti
996 3492 1070 3547 sunt
1083 3479 1136 3547 ali·

101 3593 185 3680 quid,
206 3615 313 3682 neque
330 3591 413 3658 odor
434 3589 515 3680 ignis
537 3591 682 3660 inventus
704 3602 754 3656 est
779 3589 814 3656 in
833 3589 879 3656 eis
892 3588 915 3656 ⁶.
938 3589 1018 3669 Qum
1041 3590 1138 3680 igitur

102 3701 187 3770 affuit
203 3701 266 3770 illis
287 3723 405 3770 manua
423 3699 495 3777 Dei,
511 3707 545 3766 tt
561 3700 737 3789 inopinata,
749 3710 782 3766 et
797 3697 1001 3792 impossibilia
1014 3711 1136 3768 naturae

132 3867 209 3919 'Gn
222 3885 247 3926 v,
262 3869 303 3927 ιζ.
317 3895 348 3906 -
359 3865 396 3926 ’l
408 3866 473 3932 lleg.
484 3883 513 3924 ιι,
527 3866 623 3916 rr.-⁸
635 3866 699 3918 Gerr.
710 3885 740 3928 ιι,
751 3866 1135 3925 t.-¹»cor.2n‚t.-⁵teua

105 3961 140 4004 rat
149 3955 304 4006 u-‘nau
317 3973 358 4016 an,
373 3971 404 4020 ¹9
416 3962 444 4002 et
455 3968 545 4018 seqq„¹
