2478 4594
159 217 221 293 244
469 235 640 278 cuuunnrrs
665 229 875 281 anaxanuautt

155 357 223 428 vult
246 356 462 448 disciplinam,
492 359 598 428 audiat
616 359 837 427 Parmeniden]
854 358 985 426 Eleaten
1002 361 1193 450 promitten-

156 480 238 536 tem:

254 615 482 694 AEthereamqua
498 619 573 677 scies
588 628 725 674 naturam
739 629 769 675 et
784 619 815 675 in
831 615 941 678 aethere
951 629 1065 678 cuncta

161 705 166 714 ’
253 717 361 795 Signa,
379 727 408 774 et
423 716 529 776 sacrati
541 714 705 775 clarissima
716 715 829 774 lumina
843 717 935 790 solis,

158 825 161 834 '
254 816 329 891 Qnoe
340 835 386 876 res
399 815 528 875 obscura
543 825 587 875 est
597 815 707 874 valde:
725 815 805 874 unde
820 825 850 878 et
862 828 930 877 nata
947 820 1047 876 nere.

253 917 291 975 Et
305 915 388 974 lunae
398 913 496 974 disces
507 916 634 974 errantia
649 917 736 993 signa
748 916 901 988 rotundae,

251 1017 456 1092 Naturamque
471 1017 546 1074 scies
555 1055 565 1088 ,
581 1014 692 1075 coelum
709 1027 739 1075 et
750 1016 832 1096 quod
845 1017 956 1076 circuit
969 1017 1099 1077 orbem:

156 1151 161 1158 ·
251 1113 597 1194 Undeslt,utq1millud
611 1116 709 1194 major
723 1116 882 1178 risomcia
894 1135 1010 1196 cogens

255 1215 373 1287 linxit,
390 1226 424 1280 ut
437 1225 588 1282 astrorum
600 1215 675 1282 lues
688 1227 799 1279 teneat.

148 1355 189 1422 Et
210 1353 448 1428 Metrodorum,
471 1349 546 1440 qui,
567 1352 624 1418 etsi
648 1351 742 1418 luerit
764 1352 961 1441 Epicurean,
990 1353 1065 1420 laaee
1092 1356 1180 1422 (lirim

148 1461 226 1528 dixit
243 1487 251 1528 :
268 1462 472 1535 «Memento,
491 1459 699 1538 Menestrate,
717 1461 803 1549 quod
822 1483 896 1526 cum
915 1461 958 1526 sis
978 1461 1133 1539 nonalis,
1153 1477 1178 1530 et

147 1572 266 1638 »vitam
283 1569 431 1658 accepisti
452 1569 674 1644 terminatam,
693 1569 798 1634 anima
813 1568 1009 1647 ascendisti,
1029 1570 1176 1638 donecsa-

148 1677 280 1746 »carlum
291 1725 301 1754 ,
313 1689 346 1744 et
356 1699 465 1742 rerum
476 1677 591 1743 videris
602 1676 812 1752 insanitatem,
829 1687 896 1743 tam
908 1701 984 1766 quae
996 1677 1105 1744 sunna
1114 1693 1177 1746 sunt

147 1811 265 1875 »quam
281 1811 353 1877 quse
369 1787 498 1853 lirerunt
512 1809 520 1852 ε
535 1814 548 1847 s
564 1785 692 1874 quando
709 1807 783 1851 cum
799 1787 894 1850 beato
916 1785 1045 1862 choro,
1068 1811 1103 1852 ex
1118 1786 1177 1853 Pa-

146 1897 229 1962 tonis
245 1895 422 1972 sententia,
438 1893 562 1960 felicem
573 1893 728 1960 visionem
743 1890 1034 1982 spectaculumque
1051 1907 1176 1961 oontem-

145 2004 321 2094 plabimur3
337 2027 395 2070 nos
406 2003 536 2094 quidem
550 2024 625 2067 eum
636 2001 718 2067 Jove
732 1985 914 2088 sequentes,
926 1998 983 2066 alii
998 2015 1103 2068 autem
1118 2027 1175 2070 cun

146 2113 205 2178 diis
216 2111 305 2189 aliis,
320 2124 352 2178 et
364 2108 566 2184 beatissima,
582 2109 607 2174 si
623 2108 668 2174 las
683 2119 731 2174 est
748 2108 873 2184 dicere,
887 2111 1049 2195 mysteria
1065 2133 1176 2200 perage·

144 2245 215 2288 mus
228 2245 265 2287 ao
277 2219 509 2288 celebrabimus
522 2269 530 2295 ,
545 2217 602 2306 ipsi
615 2217 744 2306 quidem
757 2216 869 2306 integri
885 2228 920 2280 et
940 2215 1024 2282 nulli
1037 2217 1174 2285 malorum

143 2331 336 2422 perpessioni
354 2327 503 2404 obnoxii,
523 2349 593 2414 quae
614 2325 647 2391 in
670 2324 837 2415 posteriori
860 2335 1016 2416 tempore
1030 2349 1087 2392 nos
1100 2351 1173 2392 nm·

143 2452 253 2505 serunt
269 2463 277 2504 :
292 2440 412 2527 integra
426 2446 533 2502 autem
544 2447 575 2502 et
589 2433 696 2523 quieta
712 2433 777 2498 visa
794 2433 990 2522 aspicientes
1008 2447 1042 2500 et
1059 2447 1174 2502 conum»
1235 2455 1237 2468 ⁴

142 2544 265 2639 plantes
288 2549 322 2613 in
345 2546 418 2614 luce
444 2568 549 2635 pura,
570 2543 642 2632 puri
663 2553 695 2606 et
718 2565 921 2631 nequaquam
948 2543 1021 2610 hec
1043 2543 1174 2633 eleganti

143 2656 229 2747 qnod
260 2679 347 2722 nunc
369 2677 485 2742 corpas
511 2651 771 2718 circumferentes
792 2651 1005 2717 nominamus
1031 2675 1074 2718 eo
1096 2653 1177 2718 imtu·

142 2763 237 2831 ostrei
254 2761 380 2852 alligati.
399 2759 589 2850 Pythagorei
601 2770 708 2825 autem
720 2755 838 2824 coelum
849 2757 1019 2847 appellant
1035 2777 1173 2850 ἀπέχθεια,

140 2873 257 2949 idest,
275 2883 386 2936 terram
410 2893 446 2934 ee
469 2867 595 2933 cdomo
611 2867 709 2932 sitam.
735 2867 772 2932 ln
793 2889 856 2956 qua
872 2878 985 2944 term,
1009 2870 1109 2960 inquit
1129 2891 1175 2959 per

142 2981 358 3048 Hieremiam:
382 2977 582 3044 «Collocabo
603 2989 635 3041 te
657 2976 691 3041 iu
712 2973 813 3052 filios,
836 2989 871 3040 et
886 2977 976 3044 dabo
1001 2979 1060 3046 tihi
1077 2993 1173 3045 taran

142 3089 298 3157 »electam
314 3087 532 3155 hereditatem
547 3087 605 3153 Dei
621 3085 846 3175 omnipotentis
863 3135 873 3161 ,
893 3089 992 3176 cnjus
1010 3091 1064 3177 qui
1078 3089 1173 3155 luerint

142 3201 304 3267 »heredes
318 3210 412 3265 erunt
426 3221 515 3288 reges
530 3194 653 3263 terrael.
669 3223 682 3258 ι

504 3371 737 3442 alll'llCULUS
758 3373 815 3442 lll.

567 3523 748 3572 concauslo.

185 3635 297 3716 Qualia
314 3657 387 3699 cum
405 3631 415 3665 ²
432 3631 509 3696 mihi
526 3631 655 3698 allltrant
670 3625 894 3697 inumerabilis
911 3627 974 3700 alia
988 3633 1164 3738 adjicienda.

178 3774 343 3837 ¹Jcrem.111‚
361 3791 399 3838 19.

175 3867 184 3893 '
203 3869 258 3933 Peg.
270 3863 320 3927 733
333 3875 416 3928 etseq.
