<?xml version="1.0" encoding="UTF-8"?>
<!DOCTYPE html PUBLIC "-//W3C//DTD XHTML 1.0 Transitional//EN"
    "http://www.w3.org/TR/xhtml1/DTD/xhtml1-transitional.dtd">
<html xmlns="http://www.w3.org/1999/xhtml" xml:lang="en" lang="en">
 <head>
  <title>
</title>
<meta http-equiv="Content-Type" content="text/html;charset=utf-8" />
  <meta name='ocr-system' content='tesseract 3.04.00' />
  <meta name='ocr-capabilities' content='ocr_page ocr_carea ocr_par ocr_line ocrx_word'/>
</head>
<body>
  <div class='ocr_page' id='page_1' title='image "./collectioselect00guilgoog_0350.png"; bbox 0 0 2522 4608; ppageno 0'>
   <div class='ocr_carea' id='block_1_1' title="bbox 213 211 935 292">
    <p class='ocr_par' dir='ltr' id='par_1_1' title="bbox 213 211 935 292">
     <span class='ocr_line' id='line_1_1' title="bbox 213 211 935 292; baseline -0.004 -14"><span class='ocrx_word' id='word_1_1' title='bbox 213 211 278 292; x_wconf 66' lang='grc' dir='ltr'><strong>5ὰά</strong></span> <span class='ocrx_word' id='word_1_2' title='bbox 525 232 698 278; x_wconf 69' lang='lat' dir='ltr'><strong>casuaarrs</strong></span> <span class='ocrx_word' id='word_1_3' title='bbox 723 232 935 285; x_wconf 70' lang='lat' dir='ltr'><strong>taurinorum</strong></span> 
     </span>
    </p>
   </div>
   <div class='ocr_carea' id='block_1_2' title="bbox 210 255 1259 3856">
    <p class='ocr_par' dir='ltr' id='par_1_2' title="bbox 210 255 1259 3856">
     <span class='ocr_line' id='line_1_2' title="bbox 212 255 1240 440; baseline 0.004 -28"><span class='ocrx_word' id='word_1_4' title='bbox 212 346 342 435; x_wconf 86' lang='lat' dir='ltr'><strong>quando</strong></span> <span class='ocrx_word' id='word_1_5' title='bbox 356 255 453 436; x_wconf 52' lang='lat' dir='ltr'><strong>coep&#39;t</strong></span> <span class='ocrx_word' id='word_1_6' title='bbox 467 371 525 437; x_wconf 89' lang='lat' dir='ltr'><strong>per</strong></span> <span class='ocrx_word' id='word_1_7' title='bbox 535 349 645 438; x_wconf 83' lang='lat' dir='ltr'><strong>Logon</strong></span> <span class='ocrx_word' id='word_1_8' title='bbox 662 348 764 438; x_wconf 77' lang='lat' dir='ltr'><strong>legem</strong></span> <span class='ocrx_word' id='word_1_9' title='bbox 779 349 875 424; x_wconf 86' lang='lat' dir='ltr'><strong>serre,</strong></span> <span class='ocrx_word' id='word_1_10' title='bbox 888 362 921 415; x_wconf 90' lang='lat' dir='ltr'><strong>et</strong></span> <span class='ocrx_word' id='word_1_11' title='bbox 935 348 1016 417; x_wconf 79' lang='lat' dir='ltr'><strong>diesi</strong></span> <span class='ocrx_word' id='word_1_12' title='bbox 1030 370 1119 414; x_wconf 86' lang='lat' dir='ltr'><strong>suam</strong></span> <span class='ocrx_word' id='word_1_13' title='bbox 1131 361 1240 440; x_wconf 79' lang='lat' dir='ltr'><strong>poten·</strong></span> 
     </span>
     <span class='ocr_line' id='line_1_3' title="bbox 213 455 1238 535; baseline 0.002 -13"><span class='ocrx_word' id='word_1_14' title='bbox 213 459 291 522; x_wconf 88' lang='lat' dir='ltr'><strong>tiam</strong></span> <span class='ocrx_word' id='word_1_15' title='bbox 306 455 405 524; x_wconf 82' lang='lat' dir='ltr'><strong>voluit</strong></span> <span class='ocrx_word' id='word_1_16' title='bbox 419 457 636 535; x_wconf 76' lang='lat' dir='ltr'><strong>manifestare,</strong></span> <span class='ocrx_word' id='word_1_17' title='bbox 655 458 684 524; x_wconf 90' lang='lat' dir='ltr'><strong>ei</strong></span> <span class='ocrx_word' id='word_1_18' title='bbox 701 459 805 526; x_wconf 84' lang='lat' dir='ltr'><strong>divina</strong></span> <span class='ocrx_word' id='word_1_19' title='bbox 820 459 897 524; x_wconf 83' lang='lat' dir='ltr'><strong>visio</strong></span> <span class='ocrx_word' id='word_1_20' title='bbox 912 457 1092 525; x_wconf 75' lang='lat' dir='ltr'><strong>ostenditur</strong></span> <span class='ocrx_word' id='word_1_21' title='bbox 1108 459 1238 524; x_wconf 72' lang='lat' dir='ltr'><strong>ior-mate</strong></span> 
     </span>
     <span class='ocr_line' id='line_1_4' title="bbox 212 557 1237 659; baseline 0 -27"><span class='ocrx_word' id='word_1_22' title='bbox 212 566 292 634; x_wconf 89' lang='lat' dir='ltr'><strong>lucis</strong></span> <span class='ocrx_word' id='word_1_23' title='bbox 309 568 341 633; x_wconf 88' lang='lat' dir='ltr'><strong>in</strong></span> <span class='ocrx_word' id='word_1_24' title='bbox 361 569 443 634; x_wconf 84' lang='lat' dir='ltr'><strong>ruho</strong></span> <span class='ocrx_word' id='word_1_25' title='bbox 462 570 594 636; x_wconf 88' lang='lat' dir='ltr'><strong>ardente</strong></span> <span class='ocrx_word' id='word_1_26' title='bbox 621 569 765 659; x_wconf 85' lang='lat' dir='ltr'><strong>(spinosa</strong></span> <span class='ocrx_word' id='word_1_27' title='bbox 785 582 892 634; x_wconf 87' lang='lat' dir='ltr'><strong>autem</strong></span> <span class='ocrx_word' id='word_1_28' title='bbox 913 567 1021 659; x_wconf 84' lang='lat' dir='ltr'><strong>planta</strong></span> <span class='ocrx_word' id='word_1_29' title='bbox 1036 581 1085 635; x_wconf 87' lang='lat' dir='ltr'><strong>est</strong></span> <span class='ocrx_word' id='word_1_30' title='bbox 1101 557 1237 658; x_wconf 75' lang='lat' dir='ltr'><strong>rubus):</strong></span> 
     </span>
     <span class='ocr_line' id='line_1_5' title="bbox 212 679 1237 770; baseline 0 -26"><span class='ocrx_word' id='word_1_31' title='bbox 212 690 381 767; x_wconf 79' lang='lat' dir='ltr'><strong>postquam</strong></span> <span class='ocrx_word' id='word_1_32' title='bbox 395 679 498 770; x_wconf 80' lang='lat' dir='ltr'><strong>Logos</strong></span> <span class='ocrx_word' id='word_1_33' title='bbox 513 679 615 770; x_wconf 77' lang='lat' dir='ltr'><strong>legem</strong></span> <span class='ocrx_word' id='word_1_34' title='bbox 630 681 713 746; x_wconf 84' lang='lat' dir='ltr'><strong>serre</strong></span> <span class='ocrx_word' id='word_1_35' title='bbox 732 691 765 744; x_wconf 88' lang='lat' dir='ltr'><strong>et</strong></span> <span class='ocrx_word' id='word_1_36' title='bbox 780 701 855 746; x_wconf 90' lang='lat' dir='ltr'><strong>cum</strong></span> <span class='ocrx_word' id='word_1_37' title='bbox 872 679 1055 746; x_wconf 86' lang='lat' dir='ltr'><strong>hominihus</strong></span> <span class='ocrx_word' id='word_1_38' title='bbox 1071 679 1237 744; x_wconf 79' lang='lat' dir='ltr'><strong>conversari</strong></span> 
     </span>
     <span class='ocr_line' id='line_1_6' title="bbox 214 787 1238 878; baseline 0.001 -25"><span class='ocrx_word' id='word_1_39' title='bbox 214 788 318 865; x_wconf 87' lang='lat' dir='ltr'><strong>desiit,</strong></span> <span class='ocrx_word' id='word_1_40' title='bbox 340 789 476 878; x_wconf 83' lang='lat' dir='ltr'><strong>mystice</strong></span> <span class='ocrx_word' id='word_1_41' title='bbox 492 813 607 856; x_wconf 83' lang='lat' dir='ltr'><strong>rursus</strong></span> <span class='ocrx_word' id='word_1_42' title='bbox 629 789 786 856; x_wconf 82' lang='lat' dir='ltr'><strong>Dominus</strong></span> <span class='ocrx_word' id='word_1_43' title='bbox 807 813 923 857; x_wconf 86' lang='lat' dir='ltr'><strong>corona</strong></span> <span class='ocrx_word' id='word_1_44' title='bbox 948 801 1120 855; x_wconf 74' lang='lat' dir='ltr'><strong>coronatur</strong></span> <span class='ocrx_word' id='word_1_45' title='bbox 1144 811 1152 852; x_wconf 92' lang='lat'><strong>:</strong></span> <span class='ocrx_word' id='word_1_46' title='bbox 1172 787 1238 854; x_wconf 81' lang='lat' dir='ltr'><strong>laiac</strong></span> 
     </span>
     <span class='ocr_line' id='line_1_7' title="bbox 212 896 1238 987; baseline -0.002 -21"><span class='ocrx_word' id='word_1_47' title='bbox 212 897 290 966; x_wconf 87' lang='lat' dir='ltr'><strong>iiiuc</strong></span> <span class='ocrx_word' id='word_1_48' title='bbox 302 900 387 966; x_wconf 89' lang='lat' dir='ltr'><strong>unde</strong></span> <span class='ocrx_word' id='word_1_49' title='bbox 396 900 609 966; x_wconf 88' lang='lat' dir='ltr'><strong>&#39;descenderat</strong></span> <span class='ocrx_word' id='word_1_50' title='bbox 620 901 742 976; x_wconf 87' lang='lat' dir='ltr'><strong>abiens,</strong></span> <span class='ocrx_word' id='word_1_51' title='bbox 752 900 864 965; x_wconf 82' lang='lat' dir='ltr'><strong>veteris</strong></span> <span class='ocrx_word' id='word_1_52' title='bbox 877 899 1047 964; x_wconf 78' lang='lat' dir='ltr'><strong>descensus</strong></span> <span class='ocrx_word' id='word_1_53' title='bbox 1058 896 1238 987; x_wconf 84' lang='lat' dir='ltr'><strong>principiam</strong></span> 
     </span>
     <span class='ocr_line' id='line_1_8' title="bbox 213 1003 1238 1100; baseline -0.006 -23"><span class='ocrx_word' id='word_1_54' title='bbox 213 1013 405 1088; x_wconf 80' lang='lat' dir='ltr'><strong>instaurans,</strong></span> <span class='ocrx_word' id='word_1_55' title='bbox 422 1024 458 1077; x_wconf 91' lang='lat' dir='ltr'><strong>ut</strong></span> <span class='ocrx_word' id='word_1_56' title='bbox 471 1011 588 1100; x_wconf 83' lang='lat' dir='ltr'><strong>Logos,</strong></span> <span class='ocrx_word' id='word_1_57' title='bbox 605 1011 659 1100; x_wconf 92' lang='lat' dir='ltr'><strong>qui</strong></span> <span class='ocrx_word' id='word_1_58' title='bbox 675 1003 815 1100; x_wconf 89' lang='lat' dir='ltr'><strong>primum</strong></span> <span class='ocrx_word' id='word_1_59' title='bbox 830 1033 888 1099; x_wconf 87' lang='lat' dir='ltr'><strong>per</strong></span> <span class='ocrx_word' id='word_1_60' title='bbox 904 1011 1023 1074; x_wconf 89' lang='lat' dir='ltr'><strong>rubum</strong></span> <span class='ocrx_word' id='word_1_61' title='bbox 1036 1008 1118 1073; x_wconf 85' lang='lat' dir='ltr'><strong>visus</strong></span> <span class='ocrx_word' id='word_1_62' title='bbox 1136 1007 1238 1081; x_wconf 71' lang='lat' dir='ltr'><strong>iuuat,</strong></span> 
     </span>
     <span class='ocr_line' id='line_1_9' title="bbox 210 1118 1238 1212; baseline -0.005 -24"><span class='ocrx_word' id='word_1_63' title='bbox 210 1143 268 1212; x_wconf 86' lang='lat' dir='ltr'><strong>per</strong></span> <span class='ocrx_word' id='word_1_64' title='bbox 290 1122 415 1210; x_wconf 81' lang='lat' dir='ltr'><strong>spinam</strong></span> <span class='ocrx_word' id='word_1_65' title='bbox 433 1145 542 1188; x_wconf 85' lang='lat' dir='ltr'><strong>rursus</strong></span> <span class='ocrx_word' id='word_1_66' title='bbox 561 1133 753 1210; x_wconf 83' lang='lat' dir='ltr'><strong>assumptus,</strong></span> <span class='ocrx_word' id='word_1_67' title='bbox 765 1120 952 1187; x_wconf 73' lang='lat' dir='ltr'><strong>ostenderet</strong></span> <span class='ocrx_word' id='word_1_68' title='bbox 973 1118 1045 1186; x_wconf 78' lang='lat' dir='ltr'><strong>haec</strong></span> <span class='ocrx_word' id='word_1_69' title='bbox 1063 1119 1169 1184; x_wconf 87' lang='lat' dir='ltr'><strong>omnia</strong></span> <span class='ocrx_word' id='word_1_70' title='bbox 1183 1139 1238 1184; x_wconf 78' lang='lat' dir='ltr'><strong>esse</strong></span> 
     </span>
     <span class='ocr_line' id='line_1_10' title="bbox 212 1227 1238 1320; baseline -0.003 -26"><span class='ocrx_word' id='word_1_71' title='bbox 212 1230 308 1297; x_wconf 86' lang='lat' dir='ltr'><strong>unius</strong></span> <span class='ocrx_word' id='word_1_72' title='bbox 329 1231 480 1320; x_wconf 78' lang='lat' dir='ltr'><strong>potentiae</strong></span> <span class='ocrx_word' id='word_1_73' title='bbox 505 1253 602 1319; x_wconf 83' lang='lat' dir='ltr'><strong>opus;</strong></span> <span class='ocrx_word' id='word_1_74' title='bbox 622 1253 698 1296; x_wconf 89' lang='lat' dir='ltr'><strong>cum</strong></span> <span class='ocrx_word' id='word_1_75' title='bbox 721 1230 762 1296; x_wconf 90' lang='lat' dir='ltr'><strong>sit</strong></span> <span class='ocrx_word' id='word_1_76' title='bbox 782 1253 864 1296; x_wconf 90' lang='lat' dir='ltr'><strong>unus</strong></span> <span class='ocrx_word' id='word_1_77' title='bbox 883 1227 998 1305; x_wconf 88' lang='lat' dir='ltr'><strong>Patris,</strong></span> <span class='ocrx_word' id='word_1_78' title='bbox 1014 1228 1071 1316; x_wconf 89' lang='lat' dir='ltr'><strong>qui</strong></span> <span class='ocrx_word' id='word_1_79' title='bbox 1093 1249 1175 1292; x_wconf 84' lang='lat' dir='ltr'><strong>unus</strong></span> <span class='ocrx_word' id='word_1_80' title='bbox 1188 1238 1238 1298; x_wconf 79' lang='lat' dir='ltr'><strong>eat,</strong></span> 
     </span>
     <span class='ocr_line' id='line_1_11' title="bbox 211 1335 1237 1429; baseline -0.007 -24"><span class='ocrx_word' id='word_1_81' title='bbox 211 1337 324 1416; x_wconf 84' lang='lat' dir='ltr'><strong>Filius,</strong></span> <span class='ocrx_word' id='word_1_82' title='bbox 336 1337 529 1429; x_wconf 85' lang='lat' dir='ltr'><strong>principium</strong></span> <span class='ocrx_word' id='word_1_83' title='bbox 541 1350 573 1403; x_wconf 91' lang='lat' dir='ltr'><strong>et</strong></span> <span class='ocrx_word' id='word_1_84' title='bbox 584 1337 656 1404; x_wconf 87' lang='lat' dir='ltr'><strong>[inis</strong></span> <span class='ocrx_word' id='word_1_85' title='bbox 668 1337 785 1405; x_wconf 81' lang='lat' dir='ltr'><strong>saecuii.</strong></span> <span class='ocrx_word' id='word_1_86' title='bbox 799 1338 889 1406; x_wconf 77' lang='lat' dir='ltr'><strong>Sede</strong></span> <span class='ocrx_word' id='word_1_87' title='bbox 904 1335 1106 1427; x_wconf 68' lang='lat' dir='ltr'><strong>paedagogica</strong></span> <span class='ocrx_word' id='word_1_88' title='bbox 1117 1335 1237 1402; x_wconf 88' lang='lat' dir='ltr'><strong>docendi</strong></span> 
     </span>
     <span class='ocr_line' id='line_1_12' title="bbox 212 1447 1237 1539; baseline 0 -25"><span class='ocrx_word' id='word_1_89' title='bbox 212 1448 337 1514; x_wconf 89' lang='lat' dir='ltr'><strong>ratione</strong></span> <span class='ocrx_word' id='word_1_90' title='bbox 357 1448 399 1515; x_wconf 94' lang='lat' dir='ltr'><strong>ad</strong></span> <span class='ocrx_word' id='word_1_91' title='bbox 412 1471 512 1539; x_wconf 82' lang='lat' dir='ltr'><strong>genus</strong></span> <span class='ocrx_word' id='word_1_92' title='bbox 527 1449 678 1516; x_wconf 80' lang='lat' dir='ltr'><strong>orationis</strong></span> <span class='ocrx_word' id='word_1_93' title='bbox 696 1448 783 1539; x_wconf 89' lang='lat' dir='ltr'><strong>quod</strong></span> <span class='ocrx_word' id='word_1_94' title='bbox 798 1462 943 1516; x_wconf 78' lang='lat' dir='ltr'><strong>versatur</strong></span> <span class='ocrx_word' id='word_1_95' title='bbox 956 1449 989 1515; x_wconf 92' lang='lat' dir='ltr'><strong>in</strong></span> <span class='ocrx_word' id='word_1_96' title='bbox 1005 1447 1159 1515; x_wconf 81' lang='lat' dir='ltr'><strong>docendis</strong></span> <span class='ocrx_word' id='word_1_97' title='bbox 1173 1447 1237 1536; x_wconf 73' lang='lat' dir='ltr'><strong>deg-</strong></span> 
     </span>
     <span class='ocr_line' id='line_1_13' title="bbox 211 1558 1233 1650; baseline -0.002 -24"><span class='ocrx_word' id='word_1_98' title='bbox 211 1559 365 1636; x_wconf 86' lang='lat' dir='ltr'><strong>mutibus,</strong></span> <span class='ocrx_word' id='word_1_99' title='bbox 378 1559 537 1649; x_wconf 78' lang='lat' dir='ltr'><strong>digressus</strong></span> <span class='ocrx_word' id='word_1_100' title='bbox 548 1581 619 1626; x_wconf 85' lang='lat' dir='ltr'><strong>sum</strong></span> <span class='ocrx_word' id='word_1_101' title='bbox 632 1582 642 1624; x_wconf 75' lang='lat' dir='ltr'><strong>a</strong></span> <span class='ocrx_word' id='word_1_102' title='bbox 656 1582 765 1626; x_wconf 82' lang='lat' dir='ltr'><strong>rursus</strong></span> <span class='ocrx_word' id='word_1_103' title='bbox 780 1561 876 1650; x_wconf 75' lang='lat' dir='ltr'><strong>igitur</strong></span> <span class='ocrx_word' id='word_1_104' title='bbox 895 1571 1040 1627; x_wconf 86' lang='lat' dir='ltr'><strong>revertor</strong></span> <span class='ocrx_word' id='word_1_105' title='bbox 1051 1558 1096 1624; x_wconf 87' lang='lat' dir='ltr'><strong>ad</strong></span> <span class='ocrx_word' id='word_1_106' title='bbox 1109 1558 1233 1649; x_wconf 76' lang='lat' dir='ltr'><strong>propoe&#39;·</strong></span> 
     </span>
     <span class='ocr_line' id='line_1_14' title="bbox 215 1667 1234 1758; baseline -0.003 -23"><span class='ocrx_word' id='word_1_107' title='bbox 215 1684 295 1736; x_wconf 85' lang='lat' dir='ltr'><strong>tum.</strong></span> <span class='ocrx_word' id='word_1_108' title='bbox 320 1668 419 1749; x_wconf 85' lang='lat' dir='ltr'><strong>Quod</strong></span> <span class='ocrx_word' id='word_1_109' title='bbox 440 1691 516 1758; x_wconf 78' lang='lat' dir='ltr'><strong>ergo</strong></span> <span class='ocrx_word' id='word_1_110' title='bbox 534 1667 607 1735; x_wconf 91' lang='lat' dir='ltr'><strong>loco</strong></span> <span class='ocrx_word' id='word_1_111' title='bbox 627 1669 865 1754; x_wconf 72' lang='lat' dir='ltr'><strong>medicamenti,</strong></span> <span class='ocrx_word' id='word_1_112' title='bbox 889 1668 1064 1736; x_wconf 84' lang='lat' dir='ltr'><strong>curationis</strong></span> <span class='ocrx_word' id='word_1_113' title='bbox 1086 1668 1234 1758; x_wconf 62' lang='lat' dir='ltr'><strong>gratiaet</strong></span> 
     </span>
     <span class='ocr_line' id='line_1_15' title="bbox 215 1777 1232 1867; baseline -0.003 -22"><span class='ocrx_word' id='word_1_114' title='bbox 215 1801 447 1867; x_wconf 87' lang='lat' dir='ltr'><strong>nonnunquam</strong></span> <span class='ocrx_word' id='word_1_115' title='bbox 470 1777 566 1844; x_wconf 88' lang='lat' dir='ltr'><strong>etiam</strong></span> <span class='ocrx_word' id='word_1_116' title='bbox 587 1777 760 1844; x_wconf 84' lang='lat' dir='ltr'><strong>moderatae</strong></span> <span class='ocrx_word' id='word_1_117' title='bbox 783 1777 1001 1854; x_wconf 79' lang='lat' dir='ltr'><strong>recreationis,</strong></span> <span class='ocrx_word' id='word_1_118' title='bbox 1025 1800 1093 1843; x_wconf 91' lang='lat' dir='ltr'><strong>non</strong></span> <span class='ocrx_word' id='word_1_119' title='bbox 1114 1778 1155 1843; x_wconf 85' lang='lat' dir='ltr'><strong>sit</strong></span> <span class='ocrx_word' id='word_1_120' title='bbox 1172 1777 1232 1864; x_wconf 78' lang='lat' dir='ltr'><strong>reji-</strong></span> 
     </span>
     <span class='ocr_line' id='line_1_16' title="bbox 216 1885 1229 1977; baseline -0.005 -21"><span class='ocrx_word' id='word_1_121' title='bbox 216 1889 328 1956; x_wconf 87' lang='lat' dir='ltr'><strong>cienda</strong></span> <span class='ocrx_word' id='word_1_122' title='bbox 345 1909 417 1977; x_wconf 80' lang='lat' dir='ltr'><strong>quae</strong></span> <span class='ocrx_word' id='word_1_123' title='bbox 436 1911 476 1952; x_wconf 80' lang='lat' dir='ltr'><strong>ex</strong></span> <span class='ocrx_word' id='word_1_124' title='bbox 492 1887 625 1954; x_wconf 83' lang='lat' dir='ltr'><strong>floribus</strong></span> <span class='ocrx_word' id='word_1_125' title='bbox 641 1889 776 1956; x_wconf 81' lang='lat' dir='ltr'><strong>sentitur</strong></span> <span class='ocrx_word' id='word_1_126' title='bbox 790 1885 973 1964; x_wconf 86' lang='lat' dir='ltr'><strong>oblectatio,</strong></span> <span class='ocrx_word' id='word_1_127' title='bbox 992 1900 1026 1953; x_wconf 90' lang='lat' dir='ltr'><strong>et</strong></span> <span class='ocrx_word' id='word_1_128' title='bbox 1045 1911 1117 1977; x_wconf 84' lang='lat' dir='ltr'><strong>quac</strong></span> <span class='ocrx_word' id='word_1_129' title='bbox 1138 1911 1170 1954; x_wconf 82' lang='lat' dir='ltr'><strong>er</strong></span> <span class='ocrx_word' id='word_1_130' title='bbox 1183 1909 1229 1951; x_wconf 84' lang='lat' dir='ltr'><strong>m-</strong></span> 
     </span>
     <span class='ocr_line' id='line_1_17' title="bbox 216 1994 1233 2088; baseline -0.003 -25"><span class='ocrx_word' id='word_1_131' title='bbox 216 1998 342 2087; x_wconf 77' lang='lat' dir='ltr'><strong>guentis</strong></span> <span class='ocrx_word' id='word_1_132' title='bbox 356 2009 389 2064; x_wconf 88' lang='lat' dir='ltr'><strong>et</strong></span> <span class='ocrx_word' id='word_1_133' title='bbox 404 1997 562 2064; x_wconf 82' lang='lat' dir='ltr'><strong>suffitibus</strong></span> <span class='ocrx_word' id='word_1_134' title='bbox 578 1999 733 2088; x_wconf 83' lang='lat' dir='ltr'><strong>accipitur</strong></span> <span class='ocrx_word' id='word_1_135' title='bbox 745 1995 876 2074; x_wconf 83' lang='lat' dir='ltr'><strong>utilitas,</strong></span> <span class='ocrx_word' id='word_1_136' title='bbox 892 1996 1105 2065; x_wconf 88' lang='lat' dir='ltr'><strong>ostendimus.</strong></span> <span class='ocrx_word' id='word_1_137' title='bbox 1120 1994 1233 2080; x_wconf 84' lang='lat' dir='ltr'><strong>Quodsi</strong></span> 
     </span>
     <span class='ocr_line' id='line_1_18' title="bbox 217 2106 1233 2199; baseline -0.004 -25"><span class='ocrx_word' id='word_1_138' title='bbox 217 2109 355 2176; x_wconf 85' lang='lat' dir='ltr'><strong>dixerint</strong></span> <span class='ocrx_word' id='word_1_139' title='bbox 367 2107 479 2198; x_wconf 80' lang='lat' dir='ltr'><strong>aliqui,</strong></span> <span class='ocrx_word' id='word_1_140' title='bbox 496 2108 652 2188; x_wconf 80' lang='lat' dir='ltr'><strong>Quaenam</strong></span> <span class='ocrx_word' id='word_1_141' title='bbox 666 2121 715 2176; x_wconf 92' lang='lat' dir='ltr'><strong>est</strong></span> <span class='ocrx_word' id='word_1_142' title='bbox 729 2133 805 2199; x_wconf 79' lang='lat' dir='ltr'><strong>ergo</strong></span> <span class='ocrx_word' id='word_1_143' title='bbox 816 2107 950 2198; x_wconf 90' lang='lat' dir='ltr'><strong>amplius</strong></span> <span class='ocrx_word' id='word_1_144' title='bbox 964 2107 1085 2174; x_wconf 91' lang='lat' dir='ltr'><strong>ssorum</strong></span> <span class='ocrx_word' id='word_1_145' title='bbox 1102 2108 1193 2199; x_wconf 77' lang='lat' dir='ltr'><strong>gratia</strong></span> <span class='ocrx_word' id='word_1_146' title='bbox 1204 2106 1233 2170; x_wconf 78' lang='lat' dir='ltr'><strong>iis</strong></span> 
     </span>
     <span class='ocr_line' id='line_1_19' title="bbox 217 2219 1230 2312; baseline -0.003 -27"><span class='ocrx_word' id='word_1_147' title='bbox 217 2221 274 2312; x_wconf 82' lang='lat' dir='ltr'><strong>qui</strong></span> <span class='ocrx_word' id='word_1_148' title='bbox 294 2220 340 2286; x_wconf 87' lang='lat' dir='ltr'><strong>eis</strong></span> <span class='ocrx_word' id='word_1_149' title='bbox 362 2243 426 2287; x_wconf 91' lang='lat' dir='ltr'><strong>non</strong></span> <span class='ocrx_word' id='word_1_150' title='bbox 452 2219 607 2286; x_wconf 76' lang='lat' dir='ltr'><strong>utuntur?</strong></span> <span class='ocrx_word' id='word_1_151' title='bbox 627 2220 737 2288; x_wconf 87' lang='lat' dir='ltr'><strong>Sciant</strong></span> <span class='ocrx_word' id='word_1_152' title='bbox 757 2244 797 2286; x_wconf 81' lang='lat' dir='ltr'><strong>ex</strong></span> <span class='ocrx_word' id='word_1_153' title='bbox 811 2221 856 2285; x_wconf 90' lang='lat' dir='ltr'><strong>eis</strong></span> <span class='ocrx_word' id='word_1_154' title='bbox 872 2242 1000 2309; x_wconf 89' lang='lat' dir='ltr'><strong>quoque</strong></span> <span class='ocrx_word' id='word_1_155' title='bbox 1021 2220 1170 2308; x_wconf 86' lang='lat' dir='ltr'><strong>componi</strong></span> <span class='ocrx_word' id='word_1_156' title='bbox 1185 2239 1230 2282; x_wconf 72' lang='lat' dir='ltr'><strong>aa</strong></span> 
     </span>
     <span class='ocr_line' id='line_1_20' title="bbox 217 2329 1235 2420; baseline 0 -25"><span class='ocrx_word' id='word_1_157' title='bbox 217 2343 349 2418; x_wconf 77' lang='lat' dir='ltr'><strong>guenta,</strong></span> <span class='ocrx_word' id='word_1_158' title='bbox 360 2354 460 2420; x_wconf 85' lang='lat' dir='ltr'><strong>eaque</strong></span> <span class='ocrx_word' id='word_1_159' title='bbox 475 2353 543 2397; x_wconf 91' lang='lat' dir='ltr'><strong>esse</strong></span> <span class='ocrx_word' id='word_1_160' title='bbox 558 2330 732 2397; x_wconf 79' lang='lat' dir='ltr'><strong>admodum</strong></span> <span class='ocrx_word' id='word_1_161' title='bbox 743 2329 842 2396; x_wconf 87' lang='lat' dir='ltr'><strong>utilia.</strong></span> <span class='ocrx_word' id='word_1_162' title='bbox 858 2329 1012 2396; x_wconf 89' lang='lat' dir='ltr'><strong>Susinum</strong></span> <span class='ocrx_word' id='word_1_163' title='bbox 1023 2330 1154 2419; x_wconf 88' lang='lat' dir='ltr'><strong>quidem</strong></span> <span class='ocrx_word' id='word_1_164' title='bbox 1164 2350 1235 2396; x_wconf 82' lang='lat' dir='ltr'><strong>coar-</strong></span> 
     </span>
     <span class='ocr_line' id='line_1_21' title="bbox 217 2439 1233 2531; baseline -0.002 -25"><span class='ocrx_word' id='word_1_165' title='bbox 217 2441 349 2529; x_wconf 85' lang='lat' dir='ltr'><strong>ponitur</strong></span> <span class='ocrx_word' id='word_1_166' title='bbox 362 2445 402 2506; x_wconf 85' lang='lat' dir='ltr'><strong>ex</strong></span> <span class='ocrx_word' id='word_1_167' title='bbox 414 2441 484 2508; x_wconf 85' lang='lat' dir='ltr'><strong>liliis</strong></span> <span class='ocrx_word' id='word_1_168' title='bbox 496 2454 529 2507; x_wconf 87' lang='lat' dir='ltr'><strong>et</strong></span> <span class='ocrx_word' id='word_1_169' title='bbox 548 2440 664 2508; x_wconf 87' lang='lat' dir='ltr'><strong>lerinis.</strong></span> <span class='ocrx_word' id='word_1_170' title='bbox 681 2443 736 2508; x_wconf 85' lang='lat' dir='ltr'><strong>Est</strong></span> <span class='ocrx_word' id='word_1_171' title='bbox 752 2452 859 2507; x_wconf 90' lang='lat' dir='ltr'><strong>autem</strong></span> <span class='ocrx_word' id='word_1_172' title='bbox 875 2439 1078 2518; x_wconf 78' lang='lat' dir='ltr'><strong>calefaciens,</strong></span> <span class='ocrx_word' id='word_1_173' title='bbox 1098 2441 1233 2531; x_wconf 79' lang='lat' dir='ltr'><strong>aperims.</strong></span> 
     </span>
     <span class='ocr_line' id='line_1_22' title="bbox 217 2551 1259 2641; baseline 0 -26"><span class='ocrx_word' id='word_1_174' title='bbox 217 2551 394 2629; x_wconf 83' lang='lat' dir='ltr'><strong>attrahens,</strong></span> <span class='ocrx_word' id='word_1_175' title='bbox 408 2552 637 2628; x_wconf 80' lang='lat' dir='ltr'><strong>humefaciens‚</strong></span> <span class='ocrx_word' id='word_1_176' title='bbox 654 2555 850 2641; x_wconf 82' lang='lat' dir='ltr'><strong>abstergens,</strong></span> <span class='ocrx_word' id='word_1_177' title='bbox 863 2551 1029 2620; x_wconf 80' lang='lat' dir='ltr'><strong>subtilium</strong></span> <span class='ocrx_word' id='word_1_178' title='bbox 1048 2553 1236 2638; x_wconf 78' lang='lat' dir='ltr'><strong>tenuiumqur</strong></span> <span class='ocrx_word' id='word_1_179' title='bbox 1258 2565 1259 2568; x_wconf 76' lang='grc'>’</span> 
     </span>
     <span class='ocr_line' id='line_1_23' title="bbox 217 2659 1235 2750; baseline 0.003 -25"><span class='ocrx_word' id='word_1_180' title='bbox 217 2661 476 2750; x_wconf 87' lang='lat' dir='ltr'><strong>partium,bilem</strong></span> <span class='ocrx_word' id='word_1_181' title='bbox 487 2685 631 2740; x_wconf 76' lang='lat' dir='ltr'><strong>movens,</strong></span> <span class='ocrx_word' id='word_1_182' title='bbox 642 2661 797 2730; x_wconf 90' lang='lat' dir='ltr'><strong>molliens.</strong></span> <span class='ocrx_word' id='word_1_183' title='bbox 813 2663 1029 2730; x_wconf 88' lang='lat' dir='ltr'><strong>Narcissinum</strong></span> <span class='ocrx_word' id='word_1_184' title='bbox 1040 2659 1235 2748; x_wconf 74' lang='lat' dir='ltr'><strong>autemqmd</strong></span> 
     </span>
     <span class='ocr_line' id='line_1_24' title="bbox 218 2769 1234 2862; baseline 0.005 -26"><span class='ocrx_word' id='word_1_185' title='bbox 218 2772 422 2860; x_wconf 86' lang='lat' dir='ltr'><strong>componitur</strong></span> <span class='ocrx_word' id='word_1_186' title='bbox 436 2769 643 2850; x_wconf 73' lang='lat' dir='ltr'><strong>ea&#39;narcisso,</strong></span> <span class='ocrx_word' id='word_1_187' title='bbox 658 2796 749 2862; x_wconf 83' lang='lat' dir='ltr'><strong>aequc</strong></span> <span class='ocrx_word' id='word_1_188' title='bbox 759 2775 849 2862; x_wconf 80' lang='lat' dir='ltr'><strong>juvat</strong></span> <span class='ocrx_word' id='word_1_189' title='bbox 859 2796 898 2839; x_wconf 86' lang='lat' dir='ltr'><strong>ac</strong></span> <span class='ocrx_word' id='word_1_190' title='bbox 912 2773 1067 2840; x_wconf 87' lang='lat' dir='ltr'><strong>susinum.</strong></span> <span class='ocrx_word' id='word_1_191' title='bbox 1082 2774 1234 2862; x_wconf 78' lang='lat' dir='ltr'><strong>Myrsinon</strong></span> 
     </span>
     <span class='ocr_line' id='line_1_25' title="bbox 220 2881 1235 2973; baseline 0.004 -28"><span class='ocrx_word' id='word_1_192' title='bbox 220 2903 309 2956; x_wconf 80' lang='lat' dir='ltr'><strong>acro,</strong></span> <span class='ocrx_word' id='word_1_193' title='bbox 325 2881 412 2970; x_wconf 90' lang='lat' dir='ltr'><strong>quod</strong></span> <span class='ocrx_word' id='word_1_194' title='bbox 431 2904 471 2947; x_wconf 85' lang='lat' dir='ltr'><strong>ex</strong></span> <span class='ocrx_word' id='word_1_195' title='bbox 489 2881 601 2970; x_wconf 81' lang='lat' dir='ltr'><strong>myrtis</strong></span> <span class='ocrx_word' id='word_1_196' title='bbox 616 2893 648 2947; x_wconf 92' lang='lat' dir='ltr'><strong>et</strong></span> <span class='ocrx_word' id='word_1_197' title='bbox 663 2882 802 2970; x_wconf 82' lang='lat' dir='ltr'><strong>myrsine</strong></span> <span class='ocrx_word' id='word_1_198' title='bbox 817 2893 954 2958; x_wconf 83' lang='lat' dir='ltr'><strong>coastat,</strong></span> <span class='ocrx_word' id='word_1_199' title='bbox 979 2893 1028 2948; x_wconf 87' lang='lat' dir='ltr'><strong>eat</strong></span> <span class='ocrx_word' id='word_1_200' title='bbox 1046 2885 1235 2973; x_wconf 71' lang='lat' dir='ltr'><strong>constipant</strong></span> 
     </span>
     <span class='ocr_line' id='line_1_26' title="bbox 219 2989 1236 3080; baseline -0.005 -20"><span class='ocrx_word' id='word_1_201' title='bbox 219 3015 274 3060; x_wconf 88' lang='lat' dir='ltr'><strong>eos</strong></span> <span class='ocrx_word' id='word_1_202' title='bbox 295 3004 402 3058; x_wconf 88' lang='lat' dir='ltr'><strong>autem</strong></span> <span class='ocrx_word' id='word_1_203' title='bbox 428 2991 482 3080; x_wconf 88' lang='lat' dir='ltr'><strong>qui</strong></span> <span class='ocrx_word' id='word_1_204' title='bbox 504 3014 697 3080; x_wconf 82' lang='lat' dir='ltr'><strong>excerpere</strong></span> <span class='ocrx_word' id='word_1_205' title='bbox 719 2991 910 3058; x_wconf 88' lang='lat' dir='ltr'><strong>emittuntur</strong></span> <span class='ocrx_word' id='word_1_206' title='bbox 931 2989 1049 3058; x_wconf 77' lang='lat' dir='ltr'><strong>halitus</strong></span> <span class='ocrx_word' id='word_1_207' title='bbox 1071 3000 1193 3059; x_wconf 65' lang='lat' dir='ltr'><strong>coercet</strong></span> <span class='ocrx_word' id='word_1_208' title='bbox 1208 3013 1236 3055; x_wconf 82' lang='lat' dir='ltr'><strong>aa</strong></span> 
     </span>
     <span class='ocr_line' id='line_1_27' title="bbox 220 3100 1236 3191; baseline 0 -21"><span class='ocrx_word' id='word_1_209' title='bbox 220 3103 374 3170; x_wconf 89' lang='lat' dir='ltr'><strong>continet.</strong></span> <span class='ocrx_word' id='word_1_210' title='bbox 386 3102 485 3183; x_wconf 85' lang='lat' dir='ltr'><strong>Quod</strong></span> <span class='ocrx_word' id='word_1_211' title='bbox 493 3125 532 3168; x_wconf 85' lang='lat' dir='ltr'><strong>ex</strong></span> <span class='ocrx_word' id='word_1_212' title='bbox 543 3102 622 3169; x_wconf 81' lang='lat' dir='ltr'><strong>rosis</strong></span> <span class='ocrx_word' id='word_1_213' title='bbox 634 3115 741 3168; x_wconf 90' lang='lat' dir='ltr'><strong>autem</strong></span> <span class='ocrx_word' id='word_1_214' title='bbox 753 3101 801 3180; x_wconf 89' lang='lat' dir='ltr'><strong>iit,</strong></span> <span class='ocrx_word' id='word_1_215' title='bbox 814 3113 862 3168; x_wconf 87' lang='lat' dir='ltr'><strong>est</strong></span> <span class='ocrx_word' id='word_1_216' title='bbox 874 3100 1236 3191; x_wconf 67' lang='lat' dir='ltr'><strong>refrigescentem</strong></span> 
     </span>
     <span class='ocr_line' id='line_1_28' title="bbox 220 3212 1235 3290; baseline -0.002 -10"><span class='ocrx_word' id='word_1_217' title='bbox 220 3214 320 3290; x_wconf 83' lang='lat' dir='ltr'><strong>enim,</strong></span> <span class='ocrx_word' id='word_1_218' title='bbox 338 3225 374 3278; x_wconf 91' lang='lat' dir='ltr'><strong>ut</strong></span> <span class='ocrx_word' id='word_1_219' title='bbox 396 3213 441 3279; x_wconf 88' lang='lat' dir='ltr'><strong>eis</strong></span> <span class='ocrx_word' id='word_1_220' title='bbox 463 3214 547 3280; x_wconf 82' lang='lat' dir='ltr'><strong>bene</strong></span> <span class='ocrx_word' id='word_1_221' title='bbox 568 3224 696 3279; x_wconf 84' lang='lat' dir='ltr'><strong>utamur</strong></span> <span class='ocrx_word' id='word_1_222' title='bbox 718 3236 755 3279; x_wconf 90' lang='lat' dir='ltr'><strong>ea</strong></span> <span class='ocrx_word' id='word_1_223' title='bbox 778 3212 962 3279; x_wconf 82' lang='lat' dir='ltr'><strong>factasunt.</strong></span> <span class='ocrx_word' id='word_1_224' title='bbox 983 3239 996 3274; x_wconf 82' lang='lat' dir='ltr'><strong>a</strong></span> <span class='ocrx_word' id='word_1_225' title='bbox 1016 3214 1167 3280; x_wconf 84' lang='lat' dir='ltr'><strong>Exaudite</strong></span> <span class='ocrx_word' id='word_1_226' title='bbox 1186 3235 1235 3286; x_wconf 84' lang='lat' dir='ltr'><strong>mc,</strong></span> 
     </span>
     <span class='ocr_line' id='line_1_29' title="bbox 221 3318 1236 3412; baseline 0.006 -28"><span class='ocrx_word' id='word_1_227' title='bbox 221 3351 234 3384; x_wconf 79' lang='grc' dir='ltr'><strong><em>ι</em></strong></span> <span class='ocrx_word' id='word_1_228' title='bbox 252 3321 376 3407; x_wconf 82' lang='lat' dir='ltr'><strong>inquit,</strong></span> <span class='ocrx_word' id='word_1_229' title='bbox 400 3332 433 3386; x_wconf 89' lang='lat' dir='ltr'><strong>ct</strong></span> <span class='ocrx_word' id='word_1_230' title='bbox 452 3331 605 3410; x_wconf 86' lang='lat' dir='ltr'><strong>tanquam</strong></span> <span class='ocrx_word' id='word_1_231' title='bbox 628 3344 700 3386; x_wconf 89' lang='lat' dir='ltr'><strong>rosa</strong></span> <span class='ocrx_word' id='word_1_232' title='bbox 719 3318 860 3409; x_wconf 84' lang='lat' dir='ltr'><strong>plantata</strong></span> <span class='ocrx_word' id='word_1_233' title='bbox 881 3321 914 3386; x_wconf 89' lang='lat' dir='ltr'><strong>in</strong></span> <span class='ocrx_word' id='word_1_234' title='bbox 936 3319 1066 3387; x_wconf 82' lang='lat' dir='ltr'><strong>fluentis</strong></span> <span class='ocrx_word' id='word_1_235' title='bbox 1083 3343 1236 3412; x_wconf 78' lang='lat' dir='ltr'><strong>uquarum.</strong></span> 
     </span>
     <span class='ocr_line' id='line_1_30' title="bbox 223 3421 1239 3516; baseline 0.002 -27"><span class='ocrx_word' id='word_1_236' title='bbox 223 3429 426 3516; x_wconf 77' lang='lat' dir='ltr'><strong>»germinate</strong></span> <span class='ocrx_word' id='word_1_237' title='bbox 444 3450 453 3494; x_wconf 81' lang='lat' dir='ltr'><strong>a</strong></span> <span class='ocrx_word' id='word_1_238' title='bbox 470 3440 624 3516; x_wconf 86' lang='lat' dir='ltr'><strong>tanquam</strong></span> <span class='ocrx_word' id='word_1_239' title='bbox 649 3426 772 3498; x_wconf 85' lang='lat' dir='ltr'><strong>libanus</strong></span> <span class='ocrx_word' id='word_1_240' title='bbox 792 3451 922 3498; x_wconf 83' lang='lat' dir='ltr'><strong>suavem</strong></span> <span class='ocrx_word' id='word_1_241' title='bbox 942 3421 1074 3498; x_wconf 86' lang='lat' dir='ltr'><strong>odorem</strong></span> <span class='ocrx_word' id='word_1_242' title='bbox 1092 3429 1239 3496; x_wconf 76' lang='lat' dir='ltr'><strong>emittite:</strong></span> 
     </span>
     <span class='ocr_line' id='line_1_31' title="bbox 223 3539 1237 3632; baseline 0.003 -32"><span class='ocrx_word' id='word_1_243' title='bbox 223 3567 236 3600; x_wconf 71' lang='grc' dir='ltr'><strong><em>ι</em></strong></span> <span class='ocrx_word' id='word_1_244' title='bbox 251 3551 284 3604; x_wconf 86' lang='lat' dir='ltr'><strong>et</strong></span> <span class='ocrx_word' id='word_1_245' title='bbox 295 3539 475 3606; x_wconf 90' lang='lat' dir='ltr'><strong>benedicite</strong></span> <span class='ocrx_word' id='word_1_246' title='bbox 486 3540 659 3606; x_wconf 89' lang='lat' dir='ltr'><strong>Dominum</strong></span> <span class='ocrx_word' id='word_1_247' title='bbox 671 3563 766 3629; x_wconf 86' lang='lat' dir='ltr'><strong>super</strong></span> <span class='ocrx_word' id='word_1_248' title='bbox 777 3563 873 3632; x_wconf 85' lang='lat' dir='ltr'><strong>opera</strong></span> <span class='ocrx_word' id='word_1_249' title='bbox 884 3543 954 3631; x_wconf 87' lang='lat' dir='ltr'><strong>ejus</strong></span> <span class='ocrx_word' id='word_1_250' title='bbox 964 3540 987 3608; x_wconf 88' lang='lat'><strong>¹.</strong></span> <span class='ocrx_word' id='word_1_251' title='bbox 1004 3571 1017 3604; x_wconf 74' lang='grc' dir='ltr'><strong>ι</strong></span> <span class='ocrx_word' id='word_1_252' title='bbox 1032 3541 1237 3608; x_wconf 82' lang='lat' dir='ltr'><strong>Dehisauten</strong></span> 
     </span>
     <span class='ocr_line' id='line_1_32' title="bbox 222 3645 1239 3740; baseline 0.001 -24"><span class='ocrx_word' id='word_1_253' title='bbox 222 3645 322 3716; x_wconf 88' lang='lat' dir='ltr'><strong>muita</strong></span> <span class='ocrx_word' id='word_1_254' title='bbox 341 3648 404 3719; x_wconf 86' lang='lat' dir='ltr'><strong>dici</strong></span> <span class='ocrx_word' id='word_1_255' title='bbox 423 3662 564 3740; x_wconf 85' lang='lat' dir='ltr'><strong>possent,</strong></span> <span class='ocrx_word' id='word_1_256' title='bbox 579 3671 656 3718; x_wconf 92' lang='lat' dir='ltr'><strong>cum</strong></span> <span class='ocrx_word' id='word_1_257' title='bbox 673 3672 731 3717; x_wconf 87' lang='lat' dir='ltr'><strong>nos</strong></span> <span class='ocrx_word' id='word_1_258' title='bbox 745 3649 840 3717; x_wconf 87' lang='lat' dir='ltr'><strong>ssores</strong></span> <span class='ocrx_word' id='word_1_259' title='bbox 852 3664 885 3718; x_wconf 84' lang='lat' dir='ltr'><strong>et</strong></span> <span class='ocrx_word' id='word_1_260' title='bbox 900 3665 1040 3718; x_wconf 84' lang='lat' dir='ltr'><strong>aromata</strong></span> <span class='ocrx_word' id='word_1_261' title='bbox 1050 3652 1091 3717; x_wconf 87' lang='lat' dir='ltr'><strong>ad</strong></span> <span class='ocrx_word' id='word_1_262' title='bbox 1107 3671 1239 3717; x_wconf 64' lang='lat' dir='ltr'><strong>neeess-</strong></span> 
     </span>
     <span class='ocr_line' id='line_1_33' title="bbox 224 3755 1236 3856; baseline 0 -32"><span class='ocrx_word' id='word_1_263' title='bbox 224 3760 285 3856; x_wconf 83' lang='lat' dir='ltr'><strong>¹rias</strong></span> <span class='ocrx_word' id='word_1_264' title='bbox 299 3755 461 3837; x_wconf 85' lang='lat' dir='ltr'><strong>utilitates,</strong></span> <span class='ocrx_word' id='word_1_265' title='bbox 473 3783 538 3828; x_wconf 90' lang='lat' dir='ltr'><strong>non</strong></span> <span class='ocrx_word' id='word_1_266' title='bbox 553 3761 596 3828; x_wconf 89' lang='lat' dir='ltr'><strong>ad</strong></span> <span class='ocrx_word' id='word_1_267' title='bbox 612 3759 797 3830; x_wconf 83' lang='lat' dir='ltr'><strong>deliciarum</strong></span> <span class='ocrx_word' id='word_1_268' title='bbox 814 3762 1016 3832; x_wconf 88' lang='lat' dir='ltr'><strong>insolentiam</strong></span> <span class='ocrx_word' id='word_1_269' title='bbox 1027 3763 1105 3831; x_wconf 84' lang='lat' dir='ltr'><strong>iacta</strong></span> <span class='ocrx_word' id='word_1_270' title='bbox 1119 3785 1184 3829; x_wconf 76' lang='lat' dir='ltr'><strong>esee</strong></span> <span class='ocrx_word' id='word_1_271' title='bbox 1196 3759 1236 3824; x_wconf 74' lang='lat' dir='ltr'><strong>di</strong></span> 
     </span>
    </p>
   </div>
   <div class='ocr_carea' id='block_1_3' title="bbox 259 3887 565 3949">
    <p class='ocr_par' dir='ltr' id='par_1_3' title="bbox 259 3887 565 3949">
     <span class='ocr_line' id='line_1_34' title="bbox 259 3887 565 3949; baseline 0.013 -13"><span class='ocrx_word' id='word_1_272' title='bbox 259 3887 267 3921; x_wconf 83' lang='lat'><strong>¹</strong></span> <span class='ocrx_word' id='word_1_273' title='bbox 281 3887 360 3938; x_wconf 78' lang='lat' dir='ltr'><strong>Ecoli.</strong></span> <span class='ocrx_word' id='word_1_274' title='bbox 372 3905 457 3949; x_wconf 73' lang='lat' dir='ltr'><strong>uarix,</strong></span> <span class='ocrx_word' id='word_1_275' title='bbox 474 3889 512 3949; x_wconf 71' lang='lat' dir='ltr'><strong>rt,</strong></span> <span class='ocrx_word' id='word_1_276' title='bbox 528 3890 565 3949; x_wconf 66' lang='lat' dir='ltr'><strong>ad.</strong></span> 
     </span>
    </p>
   </div>
   <div class='ocr_carea' id='block_1_4' title="bbox 0 0 1274 4608">
    <p class='ocr_par' dir='ltr' id='par_1_4' title="bbox 0 0 1274 4608">
     <span class='ocr_line' id='line_1_35' title="bbox 0 0 1274 4608; baseline 0 0"><span class='ocrx_word' id='word_1_277' title='bbox 0 0 1274 4608; x_wconf 95' lang='lat' dir='ltr'><strong> </strong></span> 
     </span>
    </p>
   </div>
  </div>
 </body>
</html>
