2546 4614
416 339 540 386 conrns
563 335 699 384 norrun.
1017 317 1084 401 449

1 465 2 468 ’
64 457 408 548 consequipoterit,nisi
416 456 564 545 dogmata
574 452 838 541 Philosophorum
848 451 1005 542 iegattsic
1016 434 1088 541 qui-=

10 625 14 631 .
62 594 191 660 cumque
209 568 355 637 volumus
370 565 521 658 pietatem
535 565 569 631 in
583 565 688 632 Deum
699 585 860 656 exercerc,
875 583 940 630 non
956 559 1084 630 aliunde

1 693 2 696 ’
63 683 225 758 discemus,
247 703 344 768 quum
364 701 404 744 ex
424 675 596 766 Scripturis
617 674 738 740 divinis.
766 675 986 762 Quaecumque
1008 694 1085 764 crgo
1178 730 1182 740 .

61 803 171 860 sanum
185 790 358 880 Scripturas
373 771 560 879 praedicunt,
579 787 732 859 sciamusr
753 796 785 851 et
798 806 1008 874 quaecumque
1024 785 1085 852 do-

61 913 141 979 cent,
157 923 386 992 cognoscamus
408 911 469 964 :et
490 897 572 964 siout
591 895 657 963 vult
673 897 765 962 Pater
786 892 885 970 credi,
902 897 948 962 sic
971 895 1087 963 creda-

59 1035 143 1087 mus;
161 1023 194 1077 et
212 1011 295 1077 sicut
312 1008 379 1076 vuit
398 1008 515 1075 Filium
537 1006 721 1098 glorificari,
738 1007 784 1072 sic
805 1003 1042 1096 glorificemusr·
1054 1021 1088 1071 et

1 1125 2 1130 ’
60 1110 138 1188 sicut
147 1118 215 1186 vult
226 1119 336 1186 donari
349 1117 503 1208 Spiritum
515 1117 731 1192 sanctum,sic
741 1117 1089 1205 accipiamuss'nousc²

1 1229 2 1266 l
59 1229 196 1299 cundum
212 1229 373 1319 propriam
384 1226 594 1302 voluntatem,
610 1235 714 1313 nequb
729 1224 904 1291 secundum
922 1225 1089 1315 proprium

0 1354 1 1363 ’
58 1365 196 1418 sensum,
213 1363 318 1429 nequo
333 1340 397 1406 vim
413 1337 584 1405 inferentes
601 1337 634 1403 in
650 1359 687 1402 ca
702 1357 772 1425 quae
789 1336 830 1401 ub
845 1357 884 1401 eo
901 1337 972 1401 data
992 1347 1085 1411 sunta

0 1432 1 1482 ³
56 1453 113 1518 sed
125 1450 286 1540 quomodo
301 1450 436 1539 ipseper
450 1460 575 1514 sanctas
587 1446 768 1535 Scripturas
780 1446 895 1512 docere
911 1443 1023 1523 voluit,
1042 1446 1089 1512 sic

0 1585 1 1598 ³
55 1558 275 1649 intelligamus.

97 1669 140 1738 Χ.
158 1671 244 1737 Deus
261 1669 346 1735 solus
361 1692 436 1734 oum
451 1679 548 1743 esset,
561 1666 703 1753 nihilque
714 1667 774 1732 sibi
786 1683 930 1733 comvum
943 1666 1087 1743 bahana

54 1779 153 1846 uoluit
174 1779 332 1844 mundum
352 1777 492 1850 efficere,
507 1787 541 1842 et
556 1774 716 1841 mundum
735 1776 890 1864 cogitans,
908 1774 1088 1851 acrolcnn

0 1908 3 1927 ³
56 1900 90 1954 ct
103 1887 224 1962 dicens,
236 1884 359 1959 effecit:
376 1887 593 1973 continuoque
605 1885 708 1951 extitit
719 1885 748 1951 ei
760 1884 861 1951 butus
875 1909 883 1950 :
896 1886 980 1952 sicut
991 1885 1090 1952 voluit

0 2032 1 2043 κ
54 1995 196 2087 perfecit.
216 1993 298 2060 Satis
313 1994 410 2084 igitur
430 1994 524 2060 nobis
541 2004 589 2059 cst
612 1993 692 2059 scire
709 1993 824 2071 solum,
842 1993 921 2060 nihil
937 2015 1005 2060 asse
1021 1993 1090 2061 Deo

1 2131 2 2136 ¹
53 2127 207 2174 coetuum.
227 2100 311 2175 Nihil
330 2114 399 2171 erat
413 2115 528 2192 praeter
547 2105 670 2192 ipsumr
683 2103 751 2192 ipse
769 2102 853 2171 solus
870 2103 990 2172 multus
1009 2117 1087 2170 crat·

51 2217 120 2285 Noc
132 2216 220 2283 onim
235 2225 304 2282 crat
326 2214 393 2280 sine
412 2213 547 2288 rationo,
568 2213 636 2278 sino
659 2212 824 2303 supientia,
848 2215 916 2281 sinc
934 2215 1089 2305 potentin,

51 2329 122 2394 sine
136 2324 279 2394 consilio.
298 2324 416 2394 Omnia
431 2334 522 2389 orant
538 2324 569 2389 in
586 2345 638 2399 oo,
655 2323 722 2412 ipse
737 2335 806 2390 erut
820 2325 936 2391 omnia.
953 2325 1090 2404 Quando

49 2434 167 2512 voluit,
184 2446 217 2499 et
232 2432 395 2523 quomodo
407 2431 520 2507 voluit,
533 2429 672 2496 ostendit
686 2429 830 2498 Verbum
848 2455 942 2498 suurn
963 2444 1090 2521 ternpo-

48 2546 143 2611 ribus
158 2544 242 2632 opud
258 2564 333 2607 oum
349 2540 504 2615 definitis3
522 2521 580 2629 pbr
598 2563 695 2629 quem
710 2541 816 2608 omnia
834 2542 918 2608 lecit.
935 2543 1091 2623 Quicum

48 2649 134 2728 vult,
153 2650 244 2723 iecitr
263 2649 392 2736 quondo
409 2648 538 2737 cogitat,
558 2647 702 2738 perficit;
722 2643 851 2737 quando
867 2648 1021 2740 loquitur,
1037 2674 1091 2736 os-

47 2759 173 2834 tenditr
188 2758 315 2849 quando
332 2758 460 2831 format.
482 2758 670 2846 sapientiam
685 2759 761 2824 odit.
785 2757 899 2826 Omnia
918 2763 1005 2827 enim
1020 2779 1091 2851 qum

46 2871 137 2936 scota
148 2877 235 2942 sunt,
247 2868 369 2932 rationo
379 2868 508 2956 quidem
521 2880 620 2944 creat,
635 2869 787 2958 supientia
799 2893 874 2935 voro
885 2883 987 2936 ornat.
1000 2869 1090 2938 Fecit

45 2977 152 3068 igitur
162 2975 246 3043 sicut
256 2975 375 3042 voluit:
390 2977 475 3044 Deus
486 2979 573 3044 enim
584 2990 663 3044 erat.
679 2980 799 3046 Eorum
810 2993 918 3047 autom
926 3003 997 3068 quae
1008 2981 1089 3050 lecta

43 3078 1087 3183 sunt‚duoom,consiliariun1ctoperariumgenerabatVorbum:

43 3197 141 3290 quod
157 3195 302 3265 Verbum
321 3219 396 3264 cum
413 3196 446 3263 in
467 3219 501 3263 co
516 3197 662 3274 baberet,
678 3212 823 3289 essetque
838 3201 961 3270 mundo
982 3214 1090 3270 creato

40 3303 293 3398 inspectabile,
315 3306 392 3372 lecit
406 3305 611 3396 aspectabile,
633 3309 781 3376 emittens
803 3311 943 3400 priorem
964 3333 1089 3390 rocem,

38 3433 78 3490 et
96 3417 210 3485 iumen
226 3441 265 3483 ex
275 3414 396 3503 lumine
410 3439 577 3506 generans,
592 3416 786 3508 deprompsit
801 3419 859 3509 ipsi
870 3431 1026 3486 creaturae
1036 3421 1090 3486 do-

37 3527 190 3602 minum,
210 3548 339 3592 sensum
353 3547 470 3591 suum:
488 3535 522 3592 ct
539 3525 594 3615 qui
608 3526 697 3614 prius
715 3526 772 3615 ipsi
790 3538 915 3593 tantum
931 3538 1000 3594 erat
1015 3530 1091 3595 visi·

34 3638 137 3715 bilis,
148 3637 270 3703 mundo
279 3649 386 3703 eutem
397 3635 574 3713 invisibilis,
587 3635 675 3702 huno
686 3636 841 3704 visibilem
848 3637 940 3715 iecit,
954 3650 989 3704 ut
999 3661 1091 3708 mun·
1126 3673 1130 3684 ·

37 3753 123 3825 dus,
137 3763 215 3814 cum
233 3770 308 3814 eum
328 3747 382 3836 qui
400 3747 547 3838 apparuit
559 3747 692 3823 videret,
710 3745 812 3814 salvus
828 3747 896 3813 lieri
912 3761 1027 3837 posset.

90 3857 156 3926 xl.
172 3859 275 3946 Atque
292 3857 336 3923 ita
352 3857 450 3926 astitit
468 3859 497 3924 ei
509 3856 600 3925 alius.
616 3858 699 3923 Cum
715 3855 811 3924 ulium
823 3859 907 3935 dioc,
926 3867 990 3936 non
1010 3860 1090 3925 duos

37 3969 135 4040 Deos
155 3967 243 4042 dico;
262 3969 318 4036 sed
340 3981 493 4059 tanquam
511 3968 620 4035 lumen
644 3991 683 4035 cx
703 3966 837 4048 lumine,
860 3983 893 4036 ct
914 3989 1029 4061 aquam
1051 3995 1090 4036 ea

142 4100 184 4142 ιν.
914 4103 954 4168 ²9
