2574 4628
229 299 287 364 rqa
536 275 709 340 clausurn
733 295 944 342 anaxannuuu

225 413 386 482 adheret?
397 412 466 502 quis
477 395 581 481 Deum
596 413 707 503 lugiet,
721 425 756 479 ut
767 412 997 481 demoniorum
1008 412 1160 478 eonviotu
1172 405 1266 478 lruaa

214 524 303 590 ‘turi’
330 523 412 612 quis,
435 545 512 590 eum
534 522 592 590 Dei
612 521 685 590 filiis
709 522 912 589 annumerari
936 519 1044 597 lioeat,
1072 521 1264 614 serriurtem

225 632 313 700 dueit
325 632 503 722 potiorem?
520 644 575 700 aut
585 633 655 722 quis
668 633 702 698 in
713 633 855 700 Erebum
870 631 969 721 recipi
983 631 1166 706 contendit,
1187 652 1264 698 eum

225 740 297 810 eoeli
319 742 395 808 aivis
415 763 483 808 esse
503 741 618 830 possit;
638 763 713 808 eum
733 743 763 808 ei
781 740 876 809 liceat
893 741 1076 831 paradisum
1090 740 1220 816 eolere,
1236 753 1265 806 et

225 849 321 920 eoelos
333 851 481 925 circuire,
494 849 659 940 vitalisque
671 861 704 916 et
720 851 869 941 perennis
887 873 956 918 esse
971 851 1066 916 sontis
1084 850 1262 941 particeps,

225 964 373 1032 luridum
383 959 470 1028 illam
480 959 602 1028 nudem
612 969 670 1052 par
683 983 755 1028 aera
772 963 930 1052 sequenti,
949 974 983 1028 et
999 960 1179 1028 salutarem
1198 959 1263 1050 plu·

224 1075 321 1149 viam,
332 1069 419 1140 velut
429 1069 510 1145 olim¹
524 1069 621 1147 Elias,
634 1068 1012 1162 contemplantilliaeteri
1023 1081 1150 1144 autem.
1164 1069 1261 1136 instar

223 1183 392 1256 vermium.
404 1181 436 1246 in
448 1178 617 1270 peludibus
628 1203 666 1246 ao
682 1202 787 1257 coeno,
800 1177 969 1270 voluptatis
984 1201 1101 1269 nempe
1117 1177 1260 1254 fluentis,

224 1291 416 1365 volutantes,
432 1286 535 1355 storto
554 1311 593 1356 oe
613 1287 778 1355 ranzanus
792 1300 970 1378 pascuntur·
985 1271 1121 1365 narrent,
1138 1289 1259 1379 poma}

224 1401 316 1494 plane
332 1400 486 1467 homines.
500 1425 513 1460 ι
527 1396 639 1465 Solent
654 1399 741 1466 enim
755 1399 858 1488 porei,
875 1410 911 1465 ut
926 1401 1027 1476 aiunt,
1044 1421 1141 1466 noeno
1158 1401 1258 1489 potius

225 1543 237 1577 ι
254 1535 351 1602 quam
362 1510 489 1600 puriore
501 1509 583 1598 aqua
594 1508 758 1587 delectari,
772 1538 784 1572 ι
800 1522 846 1586 et,
858 1511 974 1599 quoda
991 1511 1183 1578 Democrito
1198 1512 1258 1578 die·

225 1637 295 1690 tum
305 1609 500 1714 aoeepimusss
511 1618 634 1685 altadus
648 1617 843 1688 colluviones
854 1619 963 1688 insane
978 1621 1251 1709 concupiscunt.»

225 1731 433 1819 Nequaquam
448 1727 543 1818 igitur
556 1749 614 1793 nos
628 1727 801 1818 mancipari
817 1729 970 1809 sinamus,
982 1743 1038 1796 aut
1052 1728 1164 1820 porois
1182 1729 1256 1798 ellici

227 1839 356 1914 similes,
369 1839 425 1906 sed
438 1851 587 1926 tanquam
598 1839 740 1928 germani
752 1838 833 1906 lueis
843 1836 912 1928 filii
921 1839 946 1915 ¹.
956 1863 1083 1906 sursum
1095 1839 1212 1908 oeulos
1221 1852 1257 1906 at·

226 1949 373 2018 tollamus
386 1949 535 2016 adversus
548 1946 667 2026 lucem,
676 1972 716 2016 ne
730 1949 1001 2039 quemadmodum
1014 1951 1210 2042 solaquilas,
1223 1953 1254 2018 ita

227 2083 284 2128 nos
295 2059 450 2126 Dominus
461 2057 654 2126 adulterinos
664 2071 787 2149 arguat.
802 2060 940 2150 Agamus
952 2084 1027 2151 ergo
1039 2064 1257 2152 paonitentiam

143 2169 147 2180 '
227 2182 265 2236 et
274 2171 313 2238 ab
325 2169 522 2260 ignoratione
533 2177 729 2236 transeamus
741 2170 782 2236 ad
797 2170 976 2247 seientiam,
989 2173 1028 2238 ab
1044 2171 1255 2262 imprudentia

226 2281 268 2350 ad
275 2279 535 2371 prudentiam‚nh
546 2281 787 2370 intemperantia
795 2281 837 2346 ad
844 2283 1100 2371 temperantiam.
1112 2281 1155 2350 ala
1164 2285 1255 2372 injus

227 2393 270 2460 tia
277 2392 318 2459 ad
326 2391 491 2481 justitiam,
501 2391 541 2457 ab
550 2391 710 2480 impietate
718 2390 759 2457 ad
766 2391 880 2464 Deum.
892 2391 1068 2458 Pulchrum
1075 2403 1126 2460 est
1132 2394 1255 2481 per-iou⁹

228 2504 295 2572 lum
315 2502 357 2568 ad
371 2501 476 2567 Deum
491 2499 686 2590 transfugere
695 2498 717 2564 ².
737 2499 818 2567 Nam
832 2523 908 2568 oum
922 2499 982 2568 alia
997 2504 1082 2570 bona
1100 2501 1253 2591 permulta

227 2611 386 2703 preposita
398 2609 491 2678 nobis
506 2609 581 2685 sint,
598 2609 653 2697 qui
668 2609 822 2697 justitiam
835 2608 982 2686 oolimus,
996 2611 1159 2699 vitemque
1170 2625 1253 2679 eeter-

226 2745 301 2790 nam
312 2718 532 2811 persequimur
538 2743 548 2792 t
567 2730 681 2786 tumen
689 2743 764 2786 vero
772 2719 943 2809 precipue,
955 2743 1026 2809 quae
1034 2720 1122 2787 Deus
1130 2723 1253 2812 ipseper

226 2830 351 2898 Esaiam
361 2827 547 2918 significavit
556 2851 564 2892 ε
572 2827 708 2894 Constat
717 2827 895 2894 cultoribus
908 2829 1047 2896 Domini
1052 2828 1227 2898 lewa-editae
1233 2829 1253 2892 ³:

227 2936 417 3029 perpulchra
429 2959 503 3002 sane
515 2947 546 3002 et
557 2935 700 3002 amabilis
711 2935 891 3013 haeredites,
907 2960 972 3006 nou
988 2962 1117 3016 aurum,
1131 2962 1196 3006 nou
1207 2963 1255 3006 ar·

227 3059 372 3138 gentum,
388 3069 455 3114 non
468 3046 574 3121 vestis,
589 3069 686 3135 quem
703 3071 716 3104 r
732 3046 816 3112 tinea
827 3045 837 3080 ⁴
846 3071 856 3120 ς
874 3070 934 3113 neo
950 3071 1000 3114 res
1015 3037 1163 3125 terrens,
1182 3071 1251 3138 quas

228 3185 241 3218 ι
256 3154 337 3222 latro
356 3153 476 3230 nubit,
496 3151 665 3219 humilium
679 3153 941 3242 objectorumque
956 3154 1136 3222 divitiarum
1150 3179 1253 3223 umore

228 3278 339 3355 eaptus
353 3289 361 3329 :
376 3286 487 3330 verum
502 3261 672 3329 thesaur-uo
686 3259 738 3328 ille
754 3260 876 3342 salutis,
892 3264 932 3330 ud
947 3287 1044 3354 quem
1059 3289 1117 3332 nos
1132 3277 1251 3356 oportet

228 3374 434 3472 contendere,
453 3370 550 3440 Verbi
570 3384 725 3438 amotores
743 3370 854 3439 laotos.
875 3373 960 3440 llino
979 3387 1087 3440 eutem
1113 3399 1175 3442 una
1199 3376 1254 3442 mi-

228 3497 320 3574 grant
330 3486 414 3552 hono
426 3506 464 3550 ae
474 3479 626 3573 praeelara
637 3506 746 3571 opera,
755 3485 931 3574 pennisque
942 3487 1082 3552 veritatis
1093 3487 1255 3554 nobiseum

228 3593 321 3664 simul
336 3594 472 3664 evolant.
487 3596 578 3664 Hane
593 3596 683 3664 nobis
699 3597 929 3675 haerodiutem,
943 3613 1098 3666 aetornum
1113 3622 1187 3668 sane
1200 3598 1253 3666 do·

262 3795 271 3829 ¹
284 3794 376 3858 Ephos.
390 3809 414 3853 v,
427 3794 450 3842 8.

259 3867 343 3916 ²vide
357 3869 388 3916 D.
399 3867 510 3928 Guilluu,
525 3885 550 3934 p.
561 3871 617 3919 386.

261 3942 353 3992 llsaiae
364 3959 412 4004 arv,
426 3961 462 4008 ¹7·
476 3972 506 3982 -
520 3944 528 3976 ⁴
542 3945 630 3996 Mautr.
648 3963 681 4005 tr,
696 3963 732 4009 iq,
746 3965 781 3994 'Ju-
