2448 4610
274 284 344 340 ouis
357 241 454 331 'bisse
475 287 645 334 staveren.
742 305 744 308 ’
905 275 969 359 449

18 405 134 499 potiones
144 425 179 470 ac
188 401 414 478 dotes¹3fides‚
423 425 507 492 spes,
517 402 666 478 ebaritas,
676 404 742 468 veri
753 405 973 493 cognitiolbe·
1031 472 1032 475 ,
1127 497 1134 514 ,

18 516 123 606 pilas),
137 512 256 592 lenitas,
269 513 497 589 misericordia,
511 513 652 587 caelitem
668 524 704 578 ut
717 536 793 580 eum
805 516 973 582 novissima

18 623 169 690 brimundi
186 645 295 688 cineus
314 621 438 711 signum
461 621 585 688 dederit
597 634 693 711 atque
708 623 783 689 hine
797 624 974 714 emigrandi

18 731 160 810 btstadio,
178 756 217 798 ex
238 731 362 798 mortali
382 733 443 798 bac
458 733 535 808 vita,
550 733 633 800 bona
650 731 749 799 fretus
766 734 972 811 conscientia,

18 845 155 912 umnam
168 842 293 910 Prasidi
306 843 406 910 victor
420 853 640 931 presentetur,
653 843 773 911 caelesti
786 842 891 934 palam
903 846 975 935 dig-
1103 895 1110 906 .

18 954 142 1043 epatris,
162 954 194 1019 in
217 975 314 1041 quam
336 954 476 1029 coronis,
498 953 747 1043 angelorumque
760 957 921 1045 preconio
935 977 972 1022 ac

18 1087 71 1136 lusu
84 1063 204 1130 donatus
218 1062 403 1129 revertitur.

18 1173 60 1242 ll.
82 1174 136 1240 Dct
148 1174 239 1263 igitur
253 1172 347 1240 nobis
361 1171 518 1249 Salvator,
533 1184 570 1238 ut
584 1172 661 1240 hine
677 1173 836 1241 ordientes
850 1195 974 1242 sermo-

18 1305 52 1360 n.
62 1306 122 1349 vera
135 1295 165 1348 et
179 1281 414 1359 convenientia,
427 1305 560 1370 quaeque
575 1283 618 1348 ad
631 1282 766 1349 flatrum
780 1281 914 1350 salutem
928 1284 975 1350 la·

18 1403 65 1468 nt,
78 1393 279 1467 conferamusz
294 1393 436 1484 primum
450 1393 491 1460 de
506 1415 561 1482 spe
572 1395 653 1484 ipsa,
670 1375 783 1460 deinde
797 1395 835 1462 iis
848 1417 919 1483 quae
934 1395 976 1461 ad

66 1503 242 1572 conducunt.
261 1502 320 1572 llle
335 1503 465 1592 quidem
479 1503 693 1594 indigentibus
708 1502 851 1594 largitur,
868 1505 975 1571 docet·

18 1624 184 1702 augum,
202 1635 299 1703 porro
316 1612 526 1703 ignorantiam
540 1611 645 1688 solvit,
666 1623 762 1701 atque
781 1613 977 1704 desperatio·

18 1721 164 1810 proscutiu
174 1722 305 1790 eosdem
316 1745 424 1788 rursus
434 1721 473 1788 de
481 1722 630 1790 divitibus
638 1745 799 1790 maeones
807 1723 976 1800 inducens,

18 1827 83 1918 lipsi
92 1831 197 1920 scipsos
208 1833 461 1921 interpretantur
470 1843 602 1920 tutoque
612 1843 783 1921 exponant.
796 1831 881 1899 Nihil
891 1833 978 1899 enim

18 1937 152 2026 tiaratae
162 1941 226 2029 ipsa
237 1961 348 2006 rursm
361 1941 471 2008 audire
483 1939 601 2008 rerba²
617 1963 687 2028 quae
699 1941 732 2008 in
741 1940 917 2031 Evangeliis
927 1965 980 2009 er-

18 2045 78 2124 tita,
87 2051 224 2140 neojusto
236 2051 313 2118 satis
325 2053 470 2118 examine
480 2063 576 2139 atque
586 2072 694 2116 errore
705 2049 902 2118 auditoribus
913 2073 978 2142 prae

18 2155 89 2230 ltalia
95 2160 824 2250 mentiaaccepta,bactenusvosconturbarunt.
835 2163 978 2230 «Etcum

18 2267 87 2334 niret
104 2270 132 2336 iu
144 2272 237 2348 snm,
253 2271 413 2338 accedens
427 2270 558 2359 quidam
572 2291 656 2359 genu
669 2268 832 2347 flectebat,
848 2271 975 2339 dicens:

18 2373 127 2466 lapset
136 2381 229 2458 bone,
238 2382 319 2471 quid
330 2381 443 2449 seciam
455 2392 492 2446 ut
501 2379 600 2447 vitam
612 2391 763 2446 aeternam
773 2380 979 2469 possideam?

18 2481 81 2554 tau
92 2501 188 2556 autem
203 2492 248 2557 ait
262 2514 271 2556 τ
287 2489 375 2570 Quid
386 2512 438 2556 me
449 2489 528 2556 dicis
542 2490 664 2555 bonurn
673 2487 688 2553 l
698 2511 794 2554 nemo
804 2490 908 2557 bonus
919 2491 979 2556 nisi

18 2613 86 2674 mus,
95 2597 180 2665 Deus.
198 2599 364 2687 Praecepta
378 2597 474 2674 nosti,
490 2596 537 2664 Ne
552 2595 723 2674 adulteres,
736 2621 777 2663 ne
787 2599 926 2677 occidas,
939 2621 981 2665 ne

18 2696 109 2782 uaris,
122 2729 159 2774 ne
173 2707 288 2774 salsum
304 2707 520 2774 testimonium
534 2699 662 2782 dixeris,
678 2728 719 2771 ne
733 2705 878 2774 fraudem
893 2707 980 2776 feee-

18 2811 59 2886 riss
70 2814 175 2883 honora
186 2829 313 2907 patrem
323 2829 417 2882 tuum
427 2827 460 2882 et
470 2827 605 2882 matrem
617 2827 716 2882 tuam.
731 2814 774 2882 At
784 2814 837 2882 ille
847 2837 980 2906 respond

18 2917 83 2999 bns,
94 2928 132 2991 ait
144 2924 187 2992 illi
200 2951 209 2992 a
223 2929 303 2994 llaee
316 2926 422 2992 omnia
434 2925 607 2991 observari.
625 2924 717 2991 Jesus
727 2938 835 2992 antem
850 2927 982 2994 intuitus

18 3051 81 3109 ann,
93 3033 191 3102 dilexit
205 3059 296 3111 eum,
313 3047 346 3101 et
360 3033 438 3100 dixit
455 3057 462 3098 :
482 3032 589 3100 Unum
603 3033 660 3099 tibi
676 3035 777 3110 deest,
796 3033 822 3099 ai
843 3035 889 3100 vis
908 3057 983 3124 per-

18 3133 92 3214 bctus
104 3163 178 3220 esse,
188 3144 293 3210 vende
308 3163 517 3231 quecumque
531 3141 643 3216 habes,
655 3154 688 3207 et
699 3142 853 3208 distribue
867 3162 983 3233 paupe·

18 3247 92 3330 abac,
102 3252 270 3320 etbabebis
281 3252 466 3318 thesaurum
477 3252 509 3317 in
521 3249 618 3326 coel03
634 3263 666 3318 et
677 3252 761 3327 veni,
774 3275 907 3340 sequere
918 3275 979 3319 mc.

18 3352 65 3435 Qui
74 3364 263 3430 contristatus
275 3363 309 3430 in
321 3363 431 3440 verbo,
441 3361 519 3432 abiit
533 3383 686 3435 moerens3
701 3375 769 3427 erat
784 3362 869 3428 enim
884 3363 982 3439 dives,

18 3461 111 3535 mbas
124 3471 235 3538 multas
251 3473 473 3560 possessiones.
491 3469 532 3536 ns
545 3470 805 3560 circumspiciens
820 3469 925 3549 lesus,
941 3474 984 3544 ait

18 3567 148 3664 decipulis
168 3580 232 3648 auis
249 3602 257 3644 ε
273 3579 379 3658 Quam
397 3577 524 3646 difficile
544 3579 600 3667 qui
621 3579 773 3668 pecunias
796 3578 925 3656 babent,
951 3582 983 3646 in

21 3698 126 3770 Quum
136 3686 193 3754 Ilei
211 3687 405 3756 introibunt!
422 3685 576 3777 Discipuli
595 3696 703 3752 antem
718 3689 984 3778 obstupescebant

25 3818 105 3875 ‘illor-
116 3845 157 3892 aa,
166 3831 206 3890 la.

25 3891 91 3950 ²lide
100 3903 128 3954 u.
139 3905 249 3967 (luillae,
258 3921 284 3969 p.
294 3905 352 3964 lbl.

144 4013 191 4055 111.
771 4017 813 4080 up
