2738 4628
483 311 608 356 corruat
631 313 781 360 unuusss.
1105 295 1145 374 45

8 409 11 422 ’
100 429 271 518 positiones
294 429 522 517 repercutiant
540 429 747 519 multiplicem
766 431 931 521 gentilium
947 435 1144 522 injustitiam.

99 537 139 604 Bt
152 535 340 605 secundum
352 538 419 604 hoc
433 539 587 606 ministri
602 540 667 605 Dei
679 553 766 618 sunt,
781 540 835 628 qui
849 541 968 608 tributa
985 543 1117 631 exigunt
1131 565 1149 607 a

23 661 30 672 '
102 649 205 725 nebim
221 647 337 712 indeo
349 651 465 738 ipsum
474 649 659 718 meismes.

162 757 342 839 Quaerunt
360 773 548 846 potestates,
572 783 593 824 a
616 759 685 824 Dec
705 760 871 826 ordinatur
888 775 989 833 sunt,-
1005 758 1152 825 manifes-

112 879 178 934 tum
189 877 234 933 est
247 867 412 955 quoniam
428 867 583 934 mentitur
599 866 757 946 diabolus,
770 868 878 935 dicens
893 891 902 933 r
915 895 929 930 s
944 867 1021 935 Mihi
1035 867 1149 934 tradita

114 989 220 1053 nsunt,
231 989 263 1042 et
278 977 337 1043 eui
355 974 432 1043 volo
448 977 490 1043 do
502 1000 550 1043 ea.
565 975 689 1067 sCujus
708 977 794 1044 enim
809 979 899 1066 jussu
915 977 1059 1044 homines
1081 999 1151 1044 nas·

113 1097 233 1164 cuntur,
244 1086 350 1178 hujus
365 1089 458 1177 jussu
474 1098 508 1154 el
522 1111 613 1178 ¹peges
630 1089 882 1166 constituuntur,
894 1090 957 1179 apti
969 1089 1018 1155 his
1029 1088 1084 1177 qui
1096 1085 1150 1154 illo

114 1209 247 1285 tempore
262 1199 306 1265 ab
327 1199 407 1287 ipsis
424 1209 605 1287 regnantur.
621 1197 761 1278 Quidam
777 1198 864 1266 enim
880 1196 1008 1265 illorum
1022 1198 1063 1264 ad
1077 1219 1151 1264 cor-

112 1307 283 1395 reptionem
304 1320 340 1373 et
365 1305 534 1373 utilitatem
554 1309 774 1397 subjectorum
794 1308 923 1384 dantur,
936 1319 969 1375 et
987 1329 1150 1374 conserva·

108 1417 226 1482 tionem
240 1417 400 1506 justitiae3
415 1415 544 1504 quidam
559 1427 666 1484 autem
681 1419 722 1485 ad
736 1418 899 1495 timorem,
914 1429 947 1483 et
961 1437 1102 1507 poenam,
1118 1429 1151 1482 et

109 1527 386 1616 increpationem
406 1525 535 1614 quidam
553 1539 660 1594 autem
674 1527 716 1594 ed
730 1526 922 1606 illusionem,
939 1538 972 1593 et
987 1540 1150 1594 contume-

111 1635 199 1714 liam,
209 1650 242 1702 et
252 1638 456 1727 superbiam,
468 1639 737 1727 quemadmodum
747 1651 781 1706 et
791 1639 879 1728 digni
891 1650 982 1707 sunt:
994 1638 1052 1704 Dei
1066 1638 1151 1726 justo

80 1817 85 1824 ,
113 1745 245 1833 judicio,
261 1749 347 1814 sicut
366 1747 582 1837 praediximus,
594 1748 626 1815 in
648 1749 797 1816 omnibus
811 1747 975 1838 aequaliter
989 1771 1152 1837 supergre-

115 1854 231 1922 diente.
248 1856 402 1926 Diabolus
417 1869 539 1934 autem,
550 1859 669 1948 quippe
682 1868 825 1948 apostata
844 1858 981 1925 existens
998 1841 1148 1947 Angelus}

118 1965 185 2032 lroc
205 1979 325 2034 tantum
344 1980 448 2058 potest
464 1969 552 2057 quod
567 1969 685 2059 detegit
703 1970 736 2036 in
756 1968 927 2060 principio.
944 1969 1096 2035 seducere
1118 1981 1151 2034 et

129 2076 305 2144 abstrahere
324 2091 464 2148 mentem
489 2078 626 2147 hominis
647 2080 689 2145 ad
710 2079 969 2168 transgredienda
991 2088 1149 2168 precepta

128 2184 202 2264 Dei,
217 2201 249 2254 ct
269 2187 408 2276 paulatim
434 2191 599 2257 obcaecare
621 2189 717 2257 corda
740 2213 852 2256 eorum
877 2190 932 2278 qui
958 2199 1150 2256 conarentur

122 2297 240 2362 sarire
253 2299 295 2374 ei,
308 2298 348 2364 ad
361 2298 612 2366 obliviscendum
630 2297 759 2386 quidem
780 2321 890 2365 verum
912 2298 1033 2373 Deum,
1046 2297 1150 2386 ipsum

118 2419 224 2472 autem
238 2409 326 2496 quasi
340 2408 443 2475 Deum
459 2408 602 2474 adorare.

171 2516 452 2597 Quemadmodum
472 2530 579 2583 autem
600 2517 626 2582 si
646 2517 717 2604 quis
734 2527 890 2606 apostata,
915 2514 1073 2604 regionem
1096 2512 1150 2579 oli·
1232 2546 1237 2555 =

115 2651 209 2716 quam
233 2626 392 2694 hostiliter
407 2628 549 2716 capiens,
566 2627 732 2716 perturbet
750 2623 875 2714 eosqui
896 2624 929 2691 in
951 2646 988 2688 ea
1011 2632 1098 2696 sunt,
1115 2633 1150 2685 ut

113 2737 194 2826 regis
208 2734 344 2826 gloriam
365 2737 425 2802 sibi
449 2736 588 2808 vindicet
603 2735 688 2825 apud
707 2736 887 2824 ignorantes
906 2733 993 2821 quod
1006 2742 1147 2820 apostata
1205 2795 1211 2816 ,

111 2859 142 2911 et
152 2845 238 2912 latro
249 2845 313 2912 sit:
328 2846 374 2912 sic
385 2847 482 2912 etiam
493 2843 648 2922 diabolus,
661 2867 737 2911 cum
753 2845 793 2909 sit
809 2867 890 2910 unus
906 2865 945 2910 ex
957 2840 1083 2930 Angelis
1099 2839 1147 2906 his

111 2957 164 3044 qui
187 2979 287 3046 super
311 2956 459 3044 spiritum
482 2956 563 3020 e'c'ris
588 2955 746 3044 praepositi
771 2966 858 3029 sunt,
877 2949 1148 3042 quemadmodum

110 3065 230 3134 Paulus
241 3062 413 3155 Apostolus
429 3066 463 3131 in
481 3087 517 3131 ea
532 3077 665 3153 quaeest
680 3063 720 3130 ad
736 3063 906 3152 Ephesios*
923 3059 1146 3134 manifestavit,

47 3175 49 3180 ’
108 3176 258 3244 invidens
274 3174 410 3252 homini,
427 3185 568 3264 apostata
583 3197 602 3240 a
618 3173 722 3238 divina
744 3173 846 3239 lactus
860 3182 908 3238 eet
922 3169 1015 3259 lega:
1032 3167 1148 3234 invidia

108 3287 197 3354 enim
215 3283 321 3352 alienu
335 3298 384 3351 est
400 3308 418 3350 a
432 3284 511 3354 Deo.
529 3286 570 3351 Et
587 3285 737 3374 quoniam
752 3305 810 3372 per
826 3281 990 3347 hominem
1004 3280 1148 3346 traducta

109 3410 157 3462 est
172 3395 332 3486 apostasia
347 3397 430 3483 ejus,
444 3406 477 3460 ct
491 3394 680 3460 examinatio
701 3391 867 3486 sententiae
884 3390 954 3478 ejus
973 3389 1070 3497 lpomo
1087 3390 1151 3456 lac·

108 3519 161 3574 tus
183 3518 247 3579 θεῖς
266 3504 311 3572 ad
331 3505 396 3570 hoc
417 3503 517 3592 magis
538 3505 700 3593 magisque
726 3502 931 3590 semetipsum
955 3499 1151 3568 contrarium

110 3615 278 3684 constituit
299 3613 438 3689 homini,
454 3613 597 3680 invidens
618 3615 688 3680 vitae
707 3614 791 3702 ejus,
806 3623 839 3678 et
860 3613 894 3678 in
915 3635 971 3676 sua
994 3619 1149 3700 potestate

109 3727 285 3815 apostatica
296 3723 408 3792 rolens
420 3723 612 3820 concludere
624 3747 709 3790 eum.
725 3723 878 3790 Omnium
890 3722 1000 3790 artilex
1007 3719 1149 3788 Verbum

112 3837 181 3914 Dei,
192 3861 251 3929 per
266 3837 436 3904 hominem
452 3835 580 3904 vincens
596 3859 683 3912 eum,
695 3847 728 3902 et
742 3847 915 3925 apostatam
936 3811 1150 3906 ostenderes

163 3956 254 4022 pres.
269 3975 297 4016 rr,
314 3971 337 4004 a.
