2478 4594
158 243 222 308 ado
468 263 643 320 causaris
666 265 880 310 amarentur

155 385 287 473 quidem
301 385 452 474 consequi
462 409 501 452 ea
516 410 587 474 quae
603 387 655 455 laic
668 387 786 462 sunt¹,
802 387 854 452 cui
865 381 1062 474 persuasum
1077 398 1128 450 est
1138 386 1192 452 lore

157 504 193 558 ut
208 507 421 581 consequatur
435 518 472 561 oa
487 517 558 583 quae
569 518 643 561 vere
659 497 745 561 hona
756 506 830 560 sunt
841 545 850 572 ,
861 493 919 559 sed
932 517 1070 583 semper
1085 496 1190 583 optabit

157 599 280 677 talem,
304 626 374 690 qum
396 603 499 692 ipsum
525 603 590 669 voti
605 615 790 691 compotem
812 602 926 668 reddet
947 602 1058 668 iidem
1075 615 1188 669 tenne:

156 721 189 776 et
203 722 354 798 praeterea
369 709 619 800 quamplurimos
632 710 703 776 lieri
721 711 781 778 sihi
790 708 910 776 similes
923 711 967 776 ad
979 711 1046 776 Dei
1059 708 1188 799 glor-im

158 841 229 907 qua²
243 817 409 908 perficitur
423 843 482 910 per
496 820 595 908 ipsam
609 819 836 907 cognitionem.

199 925 250 992 Ad
262 947 393 992 omnem
406 927 417 960 ²
431 930 549 994 honam
563 926 723 993 actionem
736 949 861 1017 semper
873 938 1001 1016 praesto
1016 939 1053 992 et
1068 939 1190 1016 pantos,

154 1033 260 1100 omnia
279 1036 385 1124 gravia
402 1047 435 1103 ot
452 1034 585 1102 molesta
597 1032 709 1100 solitus
725 1035 912 1124 despicere:
931 1037 1075 1124 quando
1092 1034 1189 1124 aliquid

153 1141 308 1208 sustinere
329 1145 528 1232 oportuerit,
547 1142 626 1208 nihil
645 1143 878 1219 temerarium,
901 1167 1020 1232 neque
1040 1145 1126 1232 quod
1144 1147 1186 1210 sils'

152 1261 185 1314 et
199 1249 393 1339 Reipublicae
409 1275 475 1319 uon
489 1252 675 1327 conveniat,
687 1271 829 1339 unquam
844 1274 1039 1341 peragens,
1056 1253 1185 1340 providas

152 1379 191 1424 sc
206 1359 402 1448 prospiciens
413 1409 422 1435 ,
434 1371 467 1424 et
477 1359 533 1448 qui
543 1359 673 1426 minime
689 1357 828 1424 flectitur
842 1357 1078 1446 voluptatibus
1091 1361 1182 1424 nnsis

152 1489 223 1554 quae
235 1465 387 1556 vigilanti,
397 1491 493 1556 quam
504 1468 541 1534 iis
553 1491 623 1556 quae
631 1467 800 1534 somnianti
813 1467 991 1542 accidunt.
1006 1468 1107 1534 Tenui
1115 1469 1179 1533 enin

152 1573 272 1652 disus,
283 1588 315 1641 et
327 1574 496 1665 frugalitati
513 1575 725 1652 assuefactus,
741 1587 790 1640 est
801 1588 999 1663 temperans
1010 1627 1021 1652 ‚
1034 1589 1068 1640 et
1079 1577 1178 1664 expedi-

135 1695 287 1750 -tuscum
296 1685 447 1774 gravitate
458 1685 584 1774 ,paucis
592 1683 737 1750 advitam
747 1683 941 1749 necessariis
956 1681 1172 1773 indigemusad

152 1815 300 1880 quaerens
308 1794 394 1882 quod
400 1794 441 1859 sit
452 1815 723 1882 supervacaneum
735 1816 743 1856 :
754 1792 811 1858 sed
818 1814 880 1856 nec
888 1790 968 1858 haee
978 1805 1110 1880 parseet
1119 1804 1170 1856 tan

152 1924 250 1989 quam
259 1925 308 1968 res
314 1901 1173 1992 praecipuas,sedquaa'advitaecommuninnem,utpers

152 2009 321 2098 grinationi
331 2010 615 2078 carnisnecessaria
625 2020 796 2096 ,quantum
804 2030 940 2074 necesse
950 2021 1004 2074 est
1018 2009 1168 2075 admittens

195 2117 357 2207 Praecipua
371 2121 460 2185 euim
472 2129 521 2184 est
530 2118 560 2183 ei
575 2117 719 2182 omnium
735 2139 842 2182 rerum
859 2117 1024 2205 cognitio.
1042 2117 1092 2184 Per
1103 2137 1166 2180 con·

149 2226 347 2313 sequentiam
361 2251 438 2317 ergo
452 2227 489 2292 iis
505 2249 631 2314 quoque
639 2223 774 2291 attendit
782 2249 852 2314 quae
863 2237 1025 2291 exercent
1038 2222 1164 2310 negri-

150 2333 292 2411 tionem,
317 2357 445 2402 sumens
460 2356 501 2402 ex
518 2355 706 2423 unaquaque
725 2330 893 2422 disciplina
914 2333 950 2398 id
969 2335 1057 2420 quod
1069 2331 1168 2398 molest

150 2441 193 2508 ad
224 2443 398 2510 veritatem.
426 2442 473 2508 lix
507 2441 625 2508 Musica
651 2463 749 2530 ergo,
781 2464 985 2530 persequens
1012 2439 1168 2530 proportio-

148 2573 224 2618 nem
243 2567 314 2638 quae
330 2561 378 2617 est
395 2550 427 2618 in
447 2551 485 2616 iis
501 2573 572 2638 quae
590 2561 663 2616 sunt
680 2561 753 2638 apte
768 2550 951 2638 composita
968 2574 977 2615 :
992 2548 1166 2616 indritlms-

147 2657 210 2726 tica
222 2669 343 2737 autem,
357 2673 510 2730 annotans
523 2671 689 2748 augmenta
701 2670 734 2724 et
746 2657 957 2724 decrementa
971 2678 1161 2728 numerorum,

147 2778 180 2833 et
195 2765 364 2836 relationes
385 2769 468 2834 inter
490 2791 524 2834 se
543 2767 699 2844 invicem,
718 2779 751 2832 et
764 2766 855 2855 quod
870 2763 1084 2856 pleraequeres
1095 2763 1164 2829 sub-

146 2876 238 2966 jecta
249 2877 311 2942 sint
327 2878 524 2968 proportioni
539 2897 745 2943 numerorum
761 2898 769 2940 :
787 2888 819 2940 et
831 2876 1069 2942 Geometrieam
1080 2875 1167 2962 ipsam

144 2986 313 3054 essentiam
329 2985 361 3051 in
378 2987 478 3076 seipsa
494 2983 711 3074 contemplans
727 2996 759 3048 et
777 2984 806 3048 ei
825 3007 859 3048 se
877 2984 1107 3060 assuefaciens,
1120 2979 1165 3045 ali

144 3090 232 3177 quod
246 3091 434 3158 continuum
450 3089 654 3180 intelligentia
667 3088 802 3177 percipit
818 3089 980 3176 spatium,
998 3100 1031 3153 et
1041 3090 1168 3154 immuts

144 3195 242 3266 bilem
260 3199 448 3275 essentiam,
474 3221 543 3285 quae
559 3208 607 3263 est
626 3221 643 3263 a
667 3196 853 3285 corporibus
876 3193 968 3262 hisce
993 3196 1120 3264 diversa.
1135 3193 1169 3258 Et

142 3331 252 3374 narsus
261 3310 301 3374 ab
309 3307 509 3376 Astronomia
527 3332 544 3373 a
560 3319 643 3372 terra
658 3316 765 3370 mente
780 3303 943 3381 elevatus,
961 3327 1038 3372 cum
1052 3303 1167 3390 ooelo'm

141 3415 277 3484 sublimo
293 3415 440 3489 tolletur,
462 3427 494 3480 et
510 3412 604 3480 simul
625 3435 698 3480 cum
719 3425 877 3480 astrorum
893 3414 1099 3480 conversione
1114 3411 1167 3476 dr

141 3539 340 3614 cumagetur,
357 3547 482 3613 semper
496 3522 700 3590 considerans
717 3521 834 3598 divina,
846 3535 880 3587 et
892 3545 964 3588 eam
980 3547 1050 3611 qrrae
1064 3535 1111 3586 est
1125 3521 1168 3584 in

139 3643 189 3698 ter
203 3655 237 3698 se
252 3634 386 3700 invicem
402 3632 662 3706 consensionem,
680 3656 697 3698 n
712 3630 828 3722 quihus
840 3630 1001 3700 adductus
1016 3629 1166 3698 Abraham

179 3797 187 3822 ¹
204 3801 268 3849 Vide
280 3805 310 3850 D.
322 3803 422 3851 Guillon
431 3839 437 3864 ,
447 3819 502 3870 pag.
513 3799 571 3859 405.

173 3891 183 3922 ³
203 3891 260 3958 Pap.
274 3904 360 3965 779et
372 3909 414 3957 seq
