2614 4628
216 342 273 385 102
558 337 590 380 ΙΙ·
616 337 740 381 fflttuntl
765 336 883 380 muers

212 459 375 526 veritatem
390 456 535 524 homines
550 480 568 522 a
584 457 676 542 uobis
691 470 813 524 terrore
827 454 963 524 infandae
978 455 1140 544 opinionis
1160 475 1285 519 uver-

210 581 302 636 tcret.
326 566 380 634 Sic
400 567 440 633 de
455 569 513 633 isto
531 579 564 633 et
580 578 653 632 tuus
668 566 821 644 Fronto¹,
837 589 901 632 non
919 578 954 632 ut
965 565 1146 632 affirmator
1164 565 1282 631 testi·

210 679 353 745 monium
370 677 456 754 fecit,
473 678 528 745 sed
541 677 721 744 convicium
736 689 772 743 ut
787 689 895 743 orator
907 667 1049 766 aspersit.
1064 677 1149 742 llaec
1170 675 1283 740 enim

210 787 314 878 potius
330 786 370 852 de
385 789 495 856 vestris
510 788 657 876 gentibus
674 799 746 853 nata
768 798 851 853 sunt.
875 785 933 853 «lus
952 798 1000 852 est
1020 785 1110 876 apud
1134 785 1279 851 Persas

210 898 336 965 misceri
356 920 431 964 cum
447 897 611 963 matribus.
627 895 782 986 AEgyptiis
797 907 830 963 et
842 895 972 964 Athenis
989 919 1065 963 cum
1079 895 1281 962 sororibus

210 1007 349 1098 legitima
370 1007 541 1074 connubia.
563 1005 723 1074 Memoriae
745 1018 777 1072 et
799 1005 959 1097 tragoediae
983 1017 1093 1072 vestrae
1122 1005 1281 1072 incestis

212 1115 400 1208 gloriantur,
413 1140 490 1206 quas
503 1139 556 1184 vos
571 1115 709 1182 libenter
719 1127 752 1181 ct
762 1115 864 1206 legitis
874 1129 907 1182 et
917 1115 1041 1182 auditis.
1058 1114 1118 1182 Sic
1129 1125 1170 1181 et
1185 1114 1279 1180 deos

213 1225 315 1294 colitis
331 1229 480 1304 incestos,
497 1246 571 1294 cum
583 1241 697 1302 matre,
711 1250 785 1294 carm
795 1226 873 1302 filia,
887 1249 962 1294 cum
973 1248 1080 1292 sorore
1093 1227 1279 1314 conjunc·

212 1350 272 1404 tos.
292 1337 404 1404 llerito
420 1338 515 1427 igitur
529 1338 685 1403 incestum
701 1361 797 1426 penes
812 1360 866 1404 vos
883 1360 965 1426 saepe
980 1335 1275 1425 deprehenditur,

213 1469 340 1535 semper
353 1447 540 1513 admittitur.
560 1447 664 1513 Etiam
680 1447 868 1522 nescientes,
884 1447 1004 1522 miseri,
1016 1446 1157 1534 potestis
1176 1445 1219 1511 in
1238 1443 1278 1510 il·

213 1555 299 1624 licita
309 1581 472 1647 proruere.
483 1558 567 1623 Dum
576 1581 722 1624 venerem
736 1559 915 1648 promiscue
927 1547 1082 1647 spargitis,
1092 1557 1187 1622 dum
1196 1579 1276 1646 pas·

214 1668 275 1733 sim
287 1665 403 1734 liberos
415 1668 530 1744 seritis,
543 1668 620 1733 dum
632 1667 729 1734 etiam
740 1668 826 1733 domi
843 1679 933 1734 natos
945 1664 1054 1732 alienae
1068 1667 1278 1733 misericor-

152 1861 155 1870 Ι
215 1776 275 1842 diae
291 1777 473 1866 frequenter
492 1778 658 1867 exponitis,
676 1799 804 1844 necesse
820 1789 868 1844 est
883 1777 916 1843 in
930 1787 1050 1842 vestros
1066 1798 1277 1852 recurrere,

214 1888 248 1952 in
262 1885 343 1954 tilios
367 1889 517 1953 inerrare.
543 1887 597 1954 Sic
618 1887 728 1954 incesti
744 1885 884 1954 fabulam
900 1887 1038 1962 nectitis,
1053 1885 1156 1952 etiam
1179 1907 1278 1952 cum

214 1997 442 2064 conscientiam
457 2021 522 2063 non
538 1997 670 2064 bebetis.
689 1997 731 2064 At
746 2020 804 2064 nos
821 1996 977 2086 pudorem
992 2019 1058 2062 non
1078 1995 1185 2071 facie,
1211 1997 1279 2062 sed

214 2117 321 2172 mente
336 2119 531 2197 prestamus.
547 2107 646 2173 Unius
661 2107 855 2173 matrimonii
867 2105 993 2174 vinculo
1004 2105 1150 2173 libenter
1163 2105 1279 2172 inbae-

216 2239 322 2283 remus
342 2241 350 2281 τ
369 2217 542 2306 eupiditate
558 2218 746 2306 procreandi
759 2230 814 2286 aut
833 2241 930 2284 unam
951 2218 1082 2293 scimus,
1103 2231 1171 2283 aut
1193 2217 1279 2283 nul-

215 2326 289 2393 lam.
310 2327 460 2394 Convivia
479 2351 544 2394 non
559 2339 683 2394 tantum
701 2328 816 2418 pudica
832 2327 979 2405 colimus,
995 2327 1050 2394 sed
1066 2341 1100 2393 et
1118 2329 1244 2395 sobria
1265 2354 1276 2394 τ

215 2460 277 2504 nec
291 2439 377 2504 enim
393 2436 594 2528 indulgemus
605 2438 718 2527 epulis,
731 2451 786 2504 aut
797 2439 976 2506 convivium
988 2459 1077 2504 mero
1088 2437 1276 2514 ducimus.

218 2547 274 2613 sed
290 2547 441 2636 gravitate
457 2546 648 2613 bilaritatem
660 2561 884 2638 temperamus.
901 2549 995 2616 Casto
1010 2571 1186 2626 sermone,
1203 2575 1278 2617 cor·

216 2679 295 2744 porc
318 2657 470 2731 castiore,
495 2656 637 2746 plerique
656 2657 795 2724 inviolati
811 2659 952 2748 corporis
974 2659 1163 2749 virginitate
1195 2685 1277 2751 per-

219 2777 314 2854 petua
339 2765 489 2832 fruuntur
511 2768 630 2856 potius,
647 2791 743 2857 quum
759 2768 942 2859 gloriantur.
961 2769 1099 2834 Tantum
1117 2769 1278 2862 denique

219 2878 308 2942 abest
324 2877 435 2943 incesti
453 2878 583 2969 cupido,
601 2892 638 2944 ut
659 2877 820 2946 nonnullis
834 2878 944 2946 rubori
961 2881 1001 2946 sit
1022 2879 1123 2945 etiam
1141 2883 1277 2970 pudica

220 2988 418 3076 conjunctio.
433 2987 500 3055 Nec
516 2988 556 3053 de
572 2986 682 3056 ultima
699 2989 804 3055 statim
822 2987 915 3080 plebe
926 2989 1150 3070 consistimus,
1170 2993 1202 3058 si
1219 2971 1280 3058 bo·

219 3121 313 3164 nores
328 3110 447 3165 vestros
458 3111 492 3164 et
505 3121 663 3189 purpuras
674 3121 857 3166 recusamus
871 3121 879 3167 t
895 3123 956 3168 nec
966 3098 1121 3166 fastidiosi
1135 3126 1277 3177 sumus,

220 3210 246 3274 si
261 3233 372 3276 omnes
391 3233 492 3276 unum
510 3212 632 3276 bonum
653 3211 791 3299 sapimus
810 3211 922 3277 eadem
939 3212 1125 3300 cougregati
1140 3215 1279 3302 quicto,

222 3341 285 3406 qua
300 3319 414 3409 singuli
429 3344 437 3386 ι
455 3319 564 3386 necin
582 3318 704 3409 angulis
722 3317 853 3410 garruli,
874 3321 899 3386 si
920 3320 1030 3386 audire
1049 3343 1108 3386 nos
1130 3322 1281 3412 publice

223 3439 278 3492 aut
288 3430 488 3505 erubescitis,
504 3441 559 3494 aut
571 3430 699 3496 timetis.
714 3431 754 3496 Et
766 3431 852 3519 quod
864 3431 897 3496 in
909 3431 974 3497 dics
987 3430 1084 3496 nostri
1101 3454 1281 3502 numerus

222 3550 368 3625 augetur,
388 3565 451 3606 non
470 3553 519 3606 est
536 3541 658 3607 crimen
672 3541 805 3616 erroris,
824 3541 879 3606 sed
899 3540 1120 3608 testimonium
1138 3541 1278 3621 laudis;

222 3668 296 3712 nam
309 3646 341 3712 in
353 3647 486 3737 pulchro
499 3673 614 3739 genere
622 3651 746 3716 vivendi
758 3662 790 3716 et
803 3661 922 3740 perstat
933 3661 965 3716 et
975 3665 1164 3741 perseverat
1177 3678 1280 3731 suus,

223 3769 256 3824 et
265 3759 420 3823 accrescit
431 3758 562 3826 alienus.
578 3760 632 3829 Sic
645 3785 701 3827 nos
714 3761 850 3849 denique
861 3783 926 3828 non
939 3759 1089 3828 notaculo
1100 3767 1280 3853 corporis,

224 3879 259 3934 ut
275 3868 405 3958 putatis,
422 3875 477 3935 sed
494 3871 684 3939 innocentie
698 3895 736 3939 ac
750 3871 913 3940 modestiae
925 3873 1014 3964 siguo
1025 3871 1119 3942 lacile
1139 3873 1281 3966 dignos·

255 3997 263 4032 ¹
275 3995 349 4052 ldcrn
360 4016 391 4050 ac
401 3999 515 4053 Cirtensis
526 4003 558 4054 dc
570 4019 620 4070 quo
632 4019 717 4068 supra,
727 4019 752 4057 n.
765 4019 799 4053 n.
