2478 4594
190 289 254 354 ses
288 347 292 352 .
502 305 676 354 cremare
698 307 909 353 amrrnarrr

189 421 355 509 »constan
378 455 439 524 qna
454 457 530 500 vero
545 434 650 523 specie
675 433 734 510 sit,
757 457 821 499 non
838 433 942 521 liquet.
960 433 1006 499 Ae
1021 456 1059 498 ne
1079 431 1125 498 sol
1142 434 1195 520 ipse

140 571 147 584 ·
190 544 359 631 squidem,
382 554 419 609 ut
437 541 542 610 lucem
566 565 693 631 quoque
716 565 843 608 versum
864 541 1036 607 diffirndere
1052 541 1193 613 rideatur,

189 653 339 740 »impune
350 663 457 718 lamen
471 673 539 716 sose
553 650 652 716 rideri
667 649 788 739 patitur
807 673 815 714 :
833 649 969 738 quisquis
987 650 1072 718 enim
1090 649 1124 714 in
1135 669 1192 714 orm

188 759 412 848 »impudenter
421 759 537 826 intueri
551 771 705 834 conetur,
723 759 825 824 risum
839 758 963 824 amittit.
977 786 991 819 s

288 909 366 984 Qun
380 925 450 967 earo
463 925 570 968 rernm
586 905 698 978 oeulis,
716 904 978 982 immortalemque
988 905 1123 974 rideret,

287 1009 512 1090 Caelestemque
527 1011 625 1070 Deum
635 1008 746 1086 ,eujus
759 1025 848 1086 super
862 1005 975 1068 aethera
990 1006 1099 1068 sedes?

285 1111 426 1191 Quippe,
440 1127 496 1170 nee
506 1107 622 1169 adrersi
638 1108 784 1168 radiantia
795 1107 909 1190 spicula
925 1107 1002 1166 solis

288 1208 431 1268 Mortales
443 1206 567 1267 subeant
582 1203 678 1265 defixo
693 1203 807 1262 lumine
820 1205 903 1264 visus
917 1228 926 1275 3

186 1354 223 1408 ui
242 1343 308 1431 jam
328 1339 404 1409 olim
430 1337 550 1432 Sibylla
574 1341 699 1408 cecinit.
717 1339 796 1408 June
811 1341 907 1431 igitur
926 1363 967 1408 ae
985 1341 1100 1406 merito
1113 1340 1193 1407 ,iias

184 1451 305 1542 phanes
322 1450 375 1518 ille
392 1449 628 1541 Colophonius,
645 1451 749 1518 Deum
765 1473 865 1516 unum
879 1501 889 1526 ,
905 1462 939 1515 ot
953 1451 1097 1540 oqrporis
1110 1473 1192 1540 aqam

185 1571 251 1626 tom
262 1581 331 1626 esse
343 1559 481 1636 doeens,
494 1561 537 1626 iia
549 1559 665 1626 cecinit
681 1582 689 1623 :

286 1709 436 1768 hluimns
450 1707 533 1767 idem
554 1705 713 1767 hominum
728 1725 762 1766 ae
781 1725 925 1787 superum
943 1708 1032 1766 Dens
1052 1709 1136 1765 uniens
1149 1703 1187 1762 ille

291 1804 389 1879 Quem
397 1804 530 1864 morlelis
536 1802 628 1865 homo
636 1813 804 1866 neumenia
816 1793 1007 1886 ant'eorpore
1016 1803 1122 1864 reddat
1139 1803 1191 1877 id,

187 1936 292 2026 Atque
307 1938 443 2004 iterum:

288 2109 299 2128 .
322 2110 332 2126 .
357 2110 364 2123 .
390 2111 397 2125 .
422 2069 474 2126 Ast
483 2063 621 2126 homines
634 2067 769 2146 generari
783 2065 916 2126 linmina
930 2067 1079 2138 eredunt,

283 2163 400 2242 lllaqne
414 2181 492 2224 rose
507 2163 565 2225 sihi
580 2163 724 2242 saltuque
735 2173 767 2224 et
779 2181 907 2246 corpore
920 2183 1052 2246 prorsus

221 2325 228 2337 ⁸
287 2259 469 2322 Assimilant.

142 2425 145 2441 ·
187 2397 353 2485 llenqnea
461 2421 463 2426 ·

294 2589 300 2602 .
328 2588 335 2601 .
362 2587 369 2601 .
396 2587 403 2600 .
427 2541 460 2603 Sl
479 2561 587 2602 manns
601 2543 767 2624 aptabori,
783 2563 889 2606 manus
904 2556 978 2628 apta
990 2545 1093 2618 leoni,

289 2645 449 2724 Pingues,
467 2655 555 2722 atque
568 2643 727 2705 hominum
742 2654 869 2704 tractare
881 2659 1073 2708 assuesceret
1083 2657 1156 2706 eries:

285 2744 343 2805 llla
356 2745 426 2806 hori
442 2743 556 2804 slmiles
568 2763 693 2824 superos
708 2745 880 2822 similesque
895 2745 981 2806 leoni

284 2846 444 2925 Fingere&
458 2851 526 2905 noer
536 2863 631 2923 equus
642 2846 743 2926 speeie
756 2845 901 2906 lormaret
914 2848 1048 2925 equina:

286 2947 422 3025 inerpe
436 2963 493 3006 sao
504 2947 663 3026 propriam
676 2947 806 3006 vestiret
820 2963 948 3025 corpore
957 2947 1092 3009 llnmen.

185 3085 304 3163 Rursus
327 3093 360 3151 el
381 3081 608 3172 Bacchylidem
631 3081 780 3174 Lyricum
805 3085 847 3150 ita
877 3083 917 3149 de
947 3083 1066 3151 Divino
1093 3081 1198 3152 dume
1234 3035 1235 3074 i

184 3191 367 3284 loquentem
378 3189 562 3258 audiamus:

286 3344 327 3401 Hi
342 3341 426 3400 laedis
439 3359 557 3424 semper
568 3339 769 3422 graribusque
780 3339 893 3402 morbis
905 3341 1049 3402 indomiti
1063 3361 1071 3398 :

285 3441 465 3502 Innooanles
474 3481 484 3516 ,
501 3461 557 3504 nso
573 3441 634 3500 ulla
649 3439 727 3504 iure
743 3441 920 3503 modalibus
936 3441 1060 3502 similes.

184 3581 226 3648 Es
248 3577 435 3646 Cleanthem
458 3577 623 3654 Stoicum,
645 3579 738 3668 cnjus
752 3579 785 3644 in
801 3579 943 3666 quodam
959 3585 1108 3668 podrnate
1121 3587 1199 3643 sunl,

185 3709 254 3775 qnae
270 3699 465 3775 sequunlur:

285 3835 439 3911 Quidnam
450 3835 566 3894 bonnm
582 3831 621 3894 sit
636 3853 685 3893 me
696 3831 937 3914 rogasijamjam
949 3838 1057 3915 accipe.
1111 3825 1118 3838 ’
1210 3901 1213 3908 ⁴

285 3933 375 4010 Quod
386 3935 560 3996 ordinatum
572 3945 616 3996 esi
629 3937 801 4014 integram,
818 3947 974 4008 sanosum,
984 3937 1085 4016 pium,
