2522 4608
200 235 263 300 380
510 253 685 300 cnnunnnn
709 256 919 301 nnusnnnnn

1238 395 1241 432 l

1238 435 1241 470 i

209 496 1202 522 fflfflfflfflfflmmmfflmfflhstmmmfflu

441 691 642 794 LIBER
677 689 992 806 TERTIUS.

567 954 856 996 ...κὰμ-

615 1155 771 1228 CAPUT
800 1157 826 1226 Ι.

543 1339 898 1416 Davarapulctrinudioe.

250 1527 308 1597 Est
317 1553 406 1623 ergo,
420 1547 456 1602 ut
470 1531 607 1630 videtur,
622 1532 862 1628 disciplinarum
872 1535 1017 1605 omnium
1027 1531 1208 1625 pulchenins

206 1650 240 1705 et
258 1641 408 1722 maxims,
429 1645 569 1738 seipsum
589 1645 706 1716 nesse¹
729 1672 738 1715 τ
759 1647 869 1740 siquis
883 1648 971 1716 enim
991 1644 1131 1736 seipsum
1142 1643 1209 1716 non't.

207 1747 311 1818 Deum
331 1770 510 1845 cognoscet.
536 1760 635 1840 Quod
648 1760 675 1826 si
694 1759 800 1826 Deum
818 1769 1002 1849 cognoscet,
1018 1757 1048 1822 ei
1065 1751 1209 1824 assimilati

208 1869 278 1938 tur3
302 1889 367 1931 non
387 1890 501 1934 nurum
518 1882 659 1961 gestans,
676 1893 737 1939 nec
757 1867 890 1938 telniem
910 1881 1031 1937 vestem
1053 1867 1161 1942 lenens,
1175 1861 1209 1929 el

208 1973 427 2054 benefaciens,
450 1992 484 2046 et
508 2003 606 2069 quem
628 1959 826 2072 paucissimis
848 1981 917 2048 fieri
942 1980 1061 2071 peterit
1090 1975 1208 2065 indigen

207 2081 301 2151 Solus
316 2097 424 2153 nutem
437 2087 524 2156 Deus
541 2089 628 2160 nulle
643 2116 678 2160 ne
694 2093 825 2160 omnino
840 2091 973 2183 indiget,
990 2103 1022 2156 et
1034 2083 1211 2174 maximeqn'·

210 2194 284 2262 dem
298 2196 415 2287 gaudet
432 2201 562 2290 quando
583 2201 669 2270 videt
685 2212 807 2269 mentes
823 2213 947 2267 nostres
969 2211 1086 2267 ornatu
1100 2195 1211 2265 mundat.

210 2305 325 2375 deinde
339 2321 372 2377 ct
386 2332 424 2377 eo
440 2313 495 2401 qui
516 2325 601 2380 casta
625 2312 768 2402 eorporis
783 2323 882 2389 veste,
896 2333 1013 2400 nempe
1027 2303 1211 2398 temperantis.

209 2415 340 2486 indutus
358 2433 416 2486 est.
444 2421 528 2488 Cum
553 2421 593 2488 sit
615 2421 723 2510 itaque
746 2419 852 2486 enimn
874 2414 1007 2509 triplex,
1031 2413 1211 2506 intelligentis,
1239 2417 1241 2486 l

211 2551 282 2616 quse
292 2531 502 2599 ratiocinandi
514 2529 646 2599 incultas
658 2527 849 2620 appellatur,
860 2529 1005 2596 internus
1016 2527 1115 2594 homo
1125 2520 1213 2610 αμφὶ
1239 2551 1241 2592 i

211 2639 286 2706 hnic
306 2640 429 2708 homini
448 2642 503 2732 qni
525 2641 648 2708 videtur
663 2642 799 2732 imperat
818 2665 826 2707 s
843 2664 918 2707 eum
934 2640 1041 2730 ipsum
1056 2633 1214 2706 antemnis
1239 2637 1241 2734 ]

210 2750 264 2838 qni
281 2749 366 2816 Deus
378 2752 451 2840 egit.
470 2749 528 2822 Illn
542 2774 616 2840 pers
630 2773 726 2839 quam
742 2750 798 2816 irae
812 2751 971 2827 tribuunt,
988 2771 1060 2837 quae
1075 2759 1122 2814 est
1135 2746 1214 2812 senet
1240 2735 1241 2798 l

102 2909 106 2914 .
211 2859 370 2938 immanis,
385 2862 472 2928 haud
486 2862 530 2930 itn
545 2859 658 2953 procul
673 2886 691 2927 e
708 2860 815 2928 furore
828 2860 961 2926 habitet.
979 2859 1017 2926 In
1029 2857 1127 2925 venies
1139 2865 1215 2921 auten
1240 2879 1241 2936 f

211 2972 328 3040 formes
343 2995 377 3039 se
391 2985 507 3050 mutet,
524 2997 595 3063 quae
614 2973 706 3039 tertie
723 2983 785 3048 est,
800 2969 971 3060 cupiditas,
995 2991 1067 3058 qnae
1085 2965 1215 3056 plusquam

212 3081 356 3159 Proteus,
381 3082 521 3149 marinus
544 3080 669 3148 daemon
684 3079 802 3158 verius,
823 3101 911 3180 nunc
930 3077 1026 3154 hanc,
1050 3071 1215 3144 nuncillsn.

213 3215 301 3258 nunc
316 3189 411 3256 eliam
421 3191 556 3282 figuram
566 3191 709 3279 suscipit,
722 3202 755 3256 et
770 3189 810 3255 ad
822 3187 982 3264 libidines,
994 3199 1101 3276 stupra
1116 3198 1145 3252 et
1157 3179 1216 3250 adnl-
1240 3227 1241 3230 κ

215 3301 293 3367 teris
304 3299 414 3378 allicit,

314 3441 505 3520 Efficiturqne
517 3439 564 3499 leo
579 3438 724 3519 primum,
735 3437 783 3496 cui
797 3433 923 3496 maxima
936 3433 1027 3494 bnrbn
1041 3446 1084 3493 est
1099 3457 1107 3491 ι

214 3579 247 3632 et
262 3567 339 3634 dum
353 3581 502 3647 ornatum
524 3571 629 3637 adhuc
644 3570 772 3643 retinet,
793 3567 898 3634 virum
914 3589 993 3642 esse,
1010 3565 1115 3632 bnrbae
1130 3559 1174 3652 pili
1185 3580 1219 3622 ns

216 3676 362 3744 tendunt.

316 3805 373 3864 Sesl
388 3820 454 3886 post
470 3807 519 3866 illa
538 3807 639 3881 draco,
654 3809 700 3867 vel
715 3809 839 3888 pardus,
856 3829 904 3868 sus
917 3827 1029 3887 quoque
1047 3822 1172 3883 magnus:

223 3907 226 3914 '
251 3924 335 3976 lvide
352 3927 383 3974 n.
398 3927 510 3988 caenon,
524 3944 549 3992 p.
561 3929 616 3989 ps.
