<?xml version="1.0" encoding="UTF-8"?>
<!DOCTYPE html PUBLIC "-//W3C//DTD XHTML 1.0 Transitional//EN"
    "http://www.w3.org/TR/xhtml1/DTD/xhtml1-transitional.dtd">
<html xmlns="http://www.w3.org/1999/xhtml" xml:lang="en" lang="en">
 <head>
  <title>
</title>
<meta http-equiv="Content-Type" content="text/html;charset=utf-8" />
  <meta name='ocr-system' content='tesseract 3.04.00' />
  <meta name='ocr-capabilities' content='ocr_page ocr_carea ocr_par ocr_line ocrx_word'/>
</head>
<body>
  <div class='ocr_page' id='page_1' title='image "./collectioselect00guilgoog_0869.png"; bbox 0 0 2532 4608; ppageno 0'>
   <div class='ocr_carea' id='block_1_1' title="bbox 400 295 1101 380">
    <p class='ocr_par' dir='ltr' id='par_1_1' title="bbox 400 295 1101 380">
     <span class='ocr_line' id='line_1_1' title="bbox 400 295 1101 380; baseline 0 -22"><span class='ocrx_word' id='word_1_1' title='bbox 400 312 592 358; x_wconf 77' lang='lat' dir='ltr'><strong>srnonsreu</strong></span> <span class='ocrx_word' id='word_1_2' title='bbox 615 314 676 356; x_wconf 80' lang='lat' dir='ltr'><strong>ure.</strong></span> <span class='ocrx_word' id='word_1_3' title='bbox 705 315 759 357; x_wconf 84' lang='lat' dir='ltr'><strong>ru.</strong></span> <span class='ocrx_word' id='word_1_4' title='bbox 1037 295 1101 380; x_wconf 72' lang='lat'><strong>575</strong></span> 
     </span>
    </p>
   </div>
   <div class='ocr_carea' id='block_1_2' title="bbox 0 431 1190 3882">
    <p class='ocr_par' dir='ltr' id='par_1_2' title="bbox 0 431 1190 3882">
     <span class='ocr_line' id='line_1_2' title="bbox 54 431 1103 524; baseline -0.004 -18"><span class='ocrx_word' id='word_1_5' title='bbox 54 435 162 512; x_wconf 73' lang='lat' dir='ltr'><strong>bum,</strong></span> <span class='ocrx_word' id='word_1_6' title='bbox 180 457 221 501; x_wconf 87' lang='lat' dir='ltr'><strong>ne</strong></span> <span class='ocrx_word' id='word_1_7' title='bbox 235 433 288 502; x_wconf 91' lang='lat' dir='ltr'><strong>ille</strong></span> <span class='ocrx_word' id='word_1_8' title='bbox 300 431 454 510; x_wconf 82' lang='lat' dir='ltr'><strong>salutare,</strong></span> <span class='ocrx_word' id='word_1_9' title='bbox 469 433 590 522; x_wconf 89' lang='lat' dir='ltr'><strong>inquit,</strong></span> <span class='ocrx_word' id='word_1_10' title='bbox 607 457 670 521; x_wconf 85' lang='lat' dir='ltr'><strong>qua</strong></span> <span class='ocrx_word' id='word_1_11' title='bbox 688 433 767 500; x_wconf 85' lang='lat' dir='ltr'><strong>hera</strong></span> <span class='ocrx_word' id='word_1_12' title='bbox 792 433 995 524; x_wconf 73' lang='lat' dir='ltr'><strong>cognoverit,</strong></span> <span class='ocrx_word' id='word_1_13' title='bbox 1011 435 1053 500; x_wconf 81' lang='lat' dir='ltr'><strong>nd</strong></span> <span class='ocrx_word' id='word_1_14' title='bbox 1067 459 1103 502; x_wconf 82' lang='lat' dir='ltr'><strong>cs</strong></span> 
     </span>
     <span class='ocr_line' id='line_1_3' title="bbox 56 541 1103 632; baseline -0.004 -21"><span class='ocrx_word' id='word_1_15' title='bbox 56 566 128 631; x_wconf 75' lang='lat' dir='ltr'><strong>que</strong></span> <span class='ocrx_word' id='word_1_16' title='bbox 140 556 210 611; x_wconf 81' lang='lat' dir='ltr'><strong>sunt</strong></span> <span class='ocrx_word' id='word_1_17' title='bbox 227 556 311 609; x_wconf 82' lang='lat' dir='ltr'><strong>retro</strong></span> <span class='ocrx_word' id='word_1_18' title='bbox 324 553 515 608; x_wconf 78' lang='lat' dir='ltr'><strong>coaretatur</strong></span> <span class='ocrx_word' id='word_1_19' title='bbox 530 541 607 608; x_wconf 85' lang='lat' dir='ltr'><strong>sicut</strong></span> <span class='ocrx_word' id='word_1_20' title='bbox 623 565 701 607; x_wconf 74' lang='lat' dir='ltr'><strong>uuor</strong></span> <span class='ocrx_word' id='word_1_21' title='bbox 714 541 825 619; x_wconf 65' lang='lat' dir='ltr'><strong>laam,</strong></span> <span class='ocrx_word' id='word_1_22' title='bbox 842 564 946 631; x_wconf 89' lang='lat' dir='ltr'><strong>neque</strong></span> <span class='ocrx_word' id='word_1_23' title='bbox 964 542 1004 610; x_wconf 89' lang='lat' dir='ltr'><strong>ad</strong></span> <span class='ocrx_word' id='word_1_24' title='bbox 1016 544 1103 632; x_wconf 56' lang='lat' dir='ltr'><strong>prio*</strong></span> 
     </span>
     <span class='ocr_line' id='line_1_4' title="bbox 56 648 1104 740; baseline -0.002 -22"><span class='ocrx_word' id='word_1_25' title='bbox 56 675 131 720; x_wconf 85' lang='lat' dir='ltr'><strong>rem</strong></span> <span class='ocrx_word' id='word_1_26' title='bbox 154 651 344 740; x_wconf 69' lang='lat' dir='ltr'><strong>vitamque</strong></span> <span class='ocrx_word' id='word_1_27' title='bbox 367 651 420 717; x_wconf 89' lang='lat' dir='ltr'><strong>dat</strong></span> <span class='ocrx_word' id='word_1_28' title='bbox 441 673 571 740; x_wconf 88' lang='lat' dir='ltr'><strong>operam</strong></span> <span class='ocrx_word' id='word_1_29' title='bbox 593 651 689 716; x_wconf 86' lang='lat' dir='ltr'><strong>rebus</strong></span> <span class='ocrx_word' id='word_1_30' title='bbox 711 648 900 727; x_wconf 89' lang='lat' dir='ltr'><strong>sensilibus,</strong></span> <span class='ocrx_word' id='word_1_31' title='bbox 924 650 981 716; x_wconf 88' lang='lat' dir='ltr'><strong>scd</strong></span> <span class='ocrx_word' id='word_1_32' title='bbox 1001 673 1104 739; x_wconf 88' lang='lat' dir='ltr'><strong>neque</strong></span> 
     </span>
     <span class='ocr_line' id='line_1_5' title="bbox 56 758 1104 846; baseline -0.004 -18"><span class='ocrx_word' id='word_1_33' title='bbox 56 771 207 828; x_wconf 87' lang='lat' dir='ltr'><strong>recurrat</strong></span> <span class='ocrx_word' id='word_1_34' title='bbox 222 760 264 826; x_wconf 89' lang='lat' dir='ltr'><strong>ad</strong></span> <span class='ocrx_word' id='word_1_35' title='bbox 279 759 425 824; x_wconf 72' lang='lat' dir='ltr'><strong>haereses.</strong></span> <span class='ocrx_word' id='word_1_36' title='bbox 452 759 490 824; x_wconf 94' lang='lat' dir='ltr'><strong>ln</strong></span> <span class='ocrx_word' id='word_1_37' title='bbox 508 758 771 825; x_wconf 88' lang='lat' dir='ltr'><strong>consuetudinem</strong></span> <span class='ocrx_word' id='word_1_38' title='bbox 791 758 878 826; x_wconf 89' lang='lat' dir='ltr'><strong>enim</strong></span> <span class='ocrx_word' id='word_1_39' title='bbox 898 758 1006 824; x_wconf 87' lang='lat' dir='ltr'><strong>nescio</strong></span> <span class='ocrx_word' id='word_1_40' title='bbox 1022 783 1104 846; x_wconf 90' lang='lat' dir='ltr'><strong>quo-</strong></span> 
     </span>
     <span class='ocr_line' id='line_1_6' title="bbox 56 865 1104 957; baseline -0.004 -21"><span class='ocrx_word' id='word_1_41' title='bbox 56 868 159 936; x_wconf 88' lang='lat' dir='ltr'><strong>modo</strong></span> <span class='ocrx_word' id='word_1_42' title='bbox 174 891 265 934; x_wconf 85' lang='lat' dir='ltr'><strong>suam</strong></span> <span class='ocrx_word' id='word_1_43' title='bbox 283 865 495 957; x_wconf 86' lang='lat' dir='ltr'><strong>pertrahunt,</strong></span> <span class='ocrx_word' id='word_1_44' title='bbox 511 888 586 932; x_wconf 91' lang='lat' dir='ltr'><strong>cum</strong></span> <span class='ocrx_word' id='word_1_45' title='bbox 602 889 677 932; x_wconf 91' lang='lat' dir='ltr'><strong>eum</strong></span> <span class='ocrx_word' id='word_1_46' title='bbox 696 866 750 954; x_wconf 87' lang='lat' dir='ltr'><strong>qui</strong></span> <span class='ocrx_word' id='word_1_47' title='bbox 766 889 876 932; x_wconf 84' lang='lat' dir='ltr'><strong>revera</strong></span> <span class='ocrx_word' id='word_1_48' title='bbox 897 879 946 934; x_wconf 87' lang='lat' dir='ltr'><strong>est</strong></span> <span class='ocrx_word' id='word_1_49' title='bbox 963 889 1027 932; x_wconf 92' lang='lat' dir='ltr'><strong>non</strong></span> <span class='ocrx_word' id='word_1_50' title='bbox 1044 890 1104 932; x_wconf 69' lang='lat' dir='ltr'><strong>no«</strong></span> 
     </span>
     <span class='ocr_line' id='line_1_7' title="bbox 56 973 1104 1062; baseline -0.004 -18"><span class='ocrx_word' id='word_1_51' title='bbox 56 977 165 1044; x_wconf 79' lang='lat' dir='ltr'><strong>verint</strong></span> <span class='ocrx_word' id='word_1_52' title='bbox 175 977 292 1043; x_wconf 89' lang='lat' dir='ltr'><strong>Deum.</strong></span> <span class='ocrx_word' id='word_1_53' title='bbox 309 974 373 1057; x_wconf 85' lang='lat' dir='ltr'><strong>Qui</strong></span> <span class='ocrx_word' id='word_1_54' title='bbox 390 973 468 1040; x_wconf 84' lang='lat' dir='ltr'><strong>caim</strong></span> <span class='ocrx_word' id='word_1_55' title='bbox 489 973 596 1062; x_wconf 78' lang='lat' dir='ltr'><strong>diligit</strong></span> <span class='ocrx_word' id='word_1_56' title='bbox 603 986 720 1060; x_wconf 79' lang='lat' dir='ltr'><strong>putrem</strong></span> <span class='ocrx_word' id='word_1_57' title='bbox 730 977 775 1039; x_wconf 84' lang='lat' dir='ltr'><strong>ael</strong></span> <span class='ocrx_word' id='word_1_58' title='bbox 790 985 916 1040; x_wconf 83' lang='lat' dir='ltr'><strong>matrem</strong></span> <span class='ocrx_word' id='word_1_59' title='bbox 929 976 999 1060; x_wconf 83' lang='lat' dir='ltr'><strong>plus</strong></span> <span class='ocrx_word' id='word_1_60' title='bbox 1016 998 1104 1062; x_wconf 85' lang='lat' dir='ltr'><strong>quam</strong></span> 
     </span>
     <span class='ocr_line' id='line_1_8' title="bbox 56 1078 1105 1169; baseline -0.003 -21"><span class='ocrx_word' id='word_1_61' title='bbox 56 1105 124 1157; x_wconf 80' lang='lat' dir='ltr'><strong>nse,</strong></span> <span class='ocrx_word' id='word_1_62' title='bbox 142 1081 197 1169; x_wconf 90' lang='lat' dir='ltr'><strong>qui</strong></span> <span class='ocrx_word' id='word_1_63' title='bbox 211 1103 283 1146; x_wconf 90' lang='lat' dir='ltr'><strong>sum</strong></span> <span class='ocrx_word' id='word_1_64' title='bbox 298 1101 371 1144; x_wconf 86' lang='lat' dir='ltr'><strong>vere</strong></span> <span class='ocrx_word' id='word_1_65' title='bbox 385 1089 519 1168; x_wconf 86' lang='lat' dir='ltr'><strong>pateret</strong></span> <span class='ocrx_word' id='word_1_66' title='bbox 537 1078 687 1167; x_wconf 76' lang='lat' dir='ltr'><strong>magister</strong></span> <span class='ocrx_word' id='word_1_67' title='bbox 704 1078 862 1154; x_wconf 72' lang='lat' dir='ltr'><strong>veritatis,</strong></span> <span class='ocrx_word' id='word_1_68' title='bbox 880 1078 935 1168; x_wconf 87' lang='lat' dir='ltr'><strong>qui</strong></span> <span class='ocrx_word' id='word_1_69' title='bbox 951 1102 1105 1168; x_wconf 79' lang='lat' dir='ltr'>regenero</span> 
     </span>
     <span class='ocr_line' id='line_1_9' title="bbox 56 1184 1104 1276; baseline -0.01 -19"><span class='ocrx_word' id='word_1_70' title='bbox 56 1202 95 1258; x_wconf 90' lang='lat' dir='ltr'><strong>et</strong></span> <span class='ocrx_word' id='word_1_71' title='bbox 110 1212 239 1265; x_wconf 89' lang='lat' dir='ltr'><strong>recreo,</strong></span> <span class='ocrx_word' id='word_1_72' title='bbox 254 1188 409 1276; x_wconf 82' lang='lat' dir='ltr'><strong>soveoque</strong></span> <span class='ocrx_word' id='word_1_73' title='bbox 424 1199 456 1254; x_wconf 89' lang='lat' dir='ltr'><strong>et</strong></span> <span class='ocrx_word' id='word_1_74' title='bbox 471 1185 522 1253; x_wconf 90' lang='lat' dir='ltr'><strong>alo</strong></span> <span class='ocrx_word' id='word_1_75' title='bbox 533 1184 670 1254; x_wconf 88' lang='lat' dir='ltr'><strong>electam</strong></span> <span class='ocrx_word' id='word_1_76' title='bbox 686 1187 823 1253; x_wconf 83' lang='lat' dir='ltr'><strong>ammam</strong></span> <span class='ocrx_word' id='word_1_77' title='bbox 834 1239 849 1263; x_wconf 79' lang='grc'><strong>,,</strong></span> <span class='ocrx_word' id='word_1_78' title='bbox 860 1210 921 1254; x_wconf 79' lang='lat' dir='ltr'><strong>nori</strong></span> <span class='ocrx_word' id='word_1_79' title='bbox 935 1187 1104 1276; x_wconf 60' lang='lat' dir='ltr'><strong>estnwdr&#39;g,</strong></span> 
     </span>
     <span class='ocr_line' id='line_1_10' title="bbox 59 1292 1106 1384; baseline -0.004 -18"><span class='ocrx_word' id='word_1_80' title='bbox 59 1297 162 1375; x_wconf 79' lang='lat' dir='ltr'><strong>nus&#39;,</strong></span> <span class='ocrx_word' id='word_1_81' title='bbox 179 1296 222 1364; x_wconf 69' lang='lat' dir='ltr'><strong>ut‘</strong></span> <span class='ocrx_word' id='word_1_82' title='bbox 232 1297 292 1372; x_wconf 91' lang='lat' dir='ltr'><strong>sit,</strong></span> <span class='ocrx_word' id='word_1_83' title='bbox 308 1297 428 1384; x_wconf 89' lang='lat' dir='ltr'><strong>inquit,</strong></span> <span class='ocrx_word' id='word_1_84' title='bbox 445 1295 503 1360; x_wconf 88' lang='lat' dir='ltr'><strong>Dei</strong></span> <span class='ocrx_word' id='word_1_85' title='bbox 518 1293 617 1372; x_wconf 86' lang='lat' dir='ltr'><strong>filius,</strong></span> <span class='ocrx_word' id='word_1_86' title='bbox 633 1306 668 1360; x_wconf 87' lang='lat' dir='ltr'><strong>et</strong></span> <span class='ocrx_word' id='word_1_87' title='bbox 681 1292 740 1361; x_wconf 85' lang='lat' dir='ltr'><strong>Dei</strong></span> <span class='ocrx_word' id='word_1_88' title='bbox 757 1293 948 1384; x_wconf 88' lang='lat' dir='ltr'><strong>discipulus,</strong></span> <span class='ocrx_word' id='word_1_89' title='bbox 963 1307 996 1360; x_wconf 88' lang='lat' dir='ltr'><strong>et</strong></span> <span class='ocrx_word' id='word_1_90' title='bbox 1011 1294 1106 1362; x_wconf 91' lang='lat' dir='ltr'><strong>simul</strong></span> 
     </span>
     <span class='ocr_line' id='line_1_11' title="bbox 59 1403 1106 1493; baseline -0.004 -19"><span class='ocrx_word' id='word_1_91' title='bbox 59 1407 160 1475; x_wconf 87' lang='lat' dir='ltr'><strong>etiam</strong></span> <span class='ocrx_word' id='word_1_92' title='bbox 182 1405 303 1472; x_wconf 88' lang='lat' dir='ltr'><strong>amicus</strong></span> <span class='ocrx_word' id='word_1_93' title='bbox 321 1415 353 1470; x_wconf 88' lang='lat' dir='ltr'><strong>et</strong></span> <span class='ocrx_word' id='word_1_94' title='bbox 372 1415 522 1493; x_wconf 78' lang='lat' dir='ltr'><strong>cognatus</strong></span> <span class='ocrx_word' id='word_1_95' title='bbox 544 1403 697 1472; x_wconf 76' lang='lat' dir='ltr'><strong>:aNemo</strong></span> <span class='ocrx_word' id='word_1_96' title='bbox 719 1403 806 1470; x_wconf 93' lang='lat' dir='ltr'><strong>enim</strong></span> <span class='ocrx_word' id='word_1_97' title='bbox 827 1403 872 1470; x_wconf 86' lang='lat' dir='ltr'><strong>sd</strong></span> <span class='ocrx_word' id='word_1_98' title='bbox 885 1427 922 1470; x_wconf 89' lang='lat' dir='ltr'><strong>ea</strong></span> <span class='ocrx_word' id='word_1_99' title='bbox 943 1426 1013 1492; x_wconf 74' lang='lat' dir='ltr'><strong>quur</strong></span> <span class='ocrx_word' id='word_1_100' title='bbox 1031 1417 1106 1470; x_wconf 87' lang='lat' dir='ltr'><strong>sunt</strong></span> 
     </span>
     <span class='ocr_line' id='line_1_12' title="bbox 1 1511 1106 1602; baseline 0 -24"><span class='ocrx_word' id='word_1_101' title='bbox 1 1553 2 1586; x_wconf 49' lang='lat' dir='ltr'><strong>i</strong></span> <span class='ocrx_word' id='word_1_102' title='bbox 62 1523 174 1580; x_wconf 73' lang='lat' dir='ltr'><strong>»retro</strong></span> <span class='ocrx_word' id='word_1_103' title='bbox 186 1513 556 1602; x_wconf 86' lang='lat' dir='ltr'><strong>respiciens,etmanum</strong></span> <span class='ocrx_word' id='word_1_104' title='bbox 574 1533 665 1584; x_wconf 88' lang='lat' dir='ltr'><strong>suam</strong></span> <span class='ocrx_word' id='word_1_105' title='bbox 680 1511 809 1578; x_wconf 89' lang='lat' dir='ltr'><strong>mittens</strong></span> <span class='ocrx_word' id='word_1_106' title='bbox 828 1512 869 1578; x_wconf 87' lang='lat' dir='ltr'><strong>ed</strong></span> <span class='ocrx_word' id='word_1_107' title='bbox 883 1523 1026 1578; x_wconf 77' lang='lat' dir='ltr'><strong>aratrum</strong></span> <span class='ocrx_word' id='word_1_108' title='bbox 1037 1563 1046 1588; x_wconf 93' lang='lat'><strong><em>‚</em></strong></span> <span class='ocrx_word' id='word_1_109' title='bbox 1057 1525 1106 1578; x_wconf 85' lang='lat' dir='ltr'><strong>est</strong></span> 
     </span>
     <span class='ocr_line' id='line_1_13' title="bbox 63 1619 1103 1710; baseline 0 -24"><span class='ocrx_word' id='word_1_110' title='bbox 63 1634 175 1710; x_wconf 79' lang='lat' dir='ltr'><strong>raptus</strong></span> <span class='ocrx_word' id='word_1_111' title='bbox 191 1643 288 1709; x_wconf 77' lang='lat' dir='ltr'><strong>regno</strong></span> <span class='ocrx_word' id='word_1_112' title='bbox 305 1620 362 1686; x_wconf 86' lang='lat' dir='ltr'><strong>Dei</strong></span> <span class='ocrx_word' id='word_1_113' title='bbox 370 1619 412 1686; x_wconf 71' lang='grc' dir='ltr'><strong>’.ι</strong></span> <span class='ocrx_word' id='word_1_114' title='bbox 431 1619 515 1697; x_wconf 89' lang='lat' dir='ltr'><strong>Sed,</strong></span> <span class='ocrx_word' id='word_1_115' title='bbox 536 1632 571 1685; x_wconf 90' lang='lat' dir='ltr'><strong>ut</strong></span> <span class='ocrx_word' id='word_1_116' title='bbox 585 1620 729 1696; x_wconf 90' lang='lat' dir='ltr'><strong>videtur,</strong></span> <span class='ocrx_word' id='word_1_117' title='bbox 741 1619 849 1686; x_wconf 90' lang='lat' dir='ltr'><strong>multis</strong></span> <span class='ocrx_word' id='word_1_118' title='bbox 862 1620 894 1684; x_wconf 93' lang='lat' dir='ltr'><strong>iu</strong></span> <span class='ocrx_word' id='word_1_119' title='bbox 910 1620 1103 1688; x_wconf 87' lang='lat' dir='ltr'><strong>bodiemuna</strong></span> 
     </span>
     <span class='ocr_line' id='line_1_14' title="bbox 0 1725 1105 1817; baseline -0.003 -19"><span class='ocrx_word' id='word_1_120' title='bbox 0 1778 1 1799; x_wconf 50' lang='lat' dir='ltr'><strong>i</strong></span> <span class='ocrx_word' id='word_1_121' title='bbox 60 1729 867 1817; x_wconf 76' lang='lat' dir='ltr'><strong>diemvideturlllariaessepucrpcraprepterortnm</strong></span> <span class='ocrx_word' id='word_1_122' title='bbox 880 1725 1105 1802; x_wconf 84' lang='lat' dir='ltr'><strong>lilii,cumnon</strong></span> 
     </span>
     <span class='ocr_line' id='line_1_15' title="bbox 62 1834 1106 1924; baseline 0 -23"><span class='ocrx_word' id='word_1_123' title='bbox 62 1837 104 1901; x_wconf 88' lang='lat' dir='ltr'><strong>sit</strong></span> <span class='ocrx_word' id='word_1_124' title='bbox 126 1857 291 1924; x_wconf 85' lang='lat' dir='ltr'><strong>puerpera.</strong></span> <span class='ocrx_word' id='word_1_125' title='bbox 311 1834 454 1914; x_wconf 79' lang='lat' dir='ltr'><strong>Quidam</strong></span> <span class='ocrx_word' id='word_1_126' title='bbox 469 1835 557 1899; x_wconf 90' lang='lat' dir='ltr'><strong>enim</strong></span> <span class='ocrx_word' id='word_1_127' title='bbox 577 1834 707 1910; x_wconf 87' lang='lat' dir='ltr'><strong>dicunt,</strong></span> <span class='ocrx_word' id='word_1_128' title='bbox 728 1856 800 1900; x_wconf 84' lang='lat' dir='ltr'><strong>eam</strong></span> <span class='ocrx_word' id='word_1_129' title='bbox 818 1845 987 1922; x_wconf 80' lang='lat' dir='ltr'><strong>postquam</strong></span> <span class='ocrx_word' id='word_1_130' title='bbox 1006 1859 1106 1924; x_wconf 88' lang='lat' dir='ltr'><strong>pepe-</strong></span> 
     </span>
     <span class='ocr_line' id='line_1_16' title="bbox 64 1940 1108 2034; baseline 0.002 -27"><span class='ocrx_word' id='word_1_131' title='bbox 64 1943 177 2017; x_wconf 78' lang='lat' dir='ltr'><strong>risset,</strong></span> <span class='ocrx_word' id='word_1_132' title='bbox 193 1941 368 2029; x_wconf 78' lang='lat' dir='ltr'><strong>inspectam</strong></span> <span class='ocrx_word' id='word_1_133' title='bbox 384 1941 424 2005; x_wconf 87' lang='lat' dir='ltr'><strong>ab</strong></span> <span class='ocrx_word' id='word_1_134' title='bbox 438 1940 629 2016; x_wconf 86' lang='lat' dir='ltr'><strong>obstetrice,</strong></span> <span class='ocrx_word' id='word_1_135' title='bbox 645 1941 807 2007; x_wconf 85' lang='lat' dir='ltr'><strong>inventam</strong></span> <span class='ocrx_word' id='word_1_136' title='bbox 825 1941 922 2008; x_wconf 87' lang='lat' dir='ltr'><strong>fuisse</strong></span> <span class='ocrx_word' id='word_1_137' title='bbox 936 1943 1108 2034; x_wconf 70' lang='lat' dir='ltr'><strong>virginem.¹</strong></span> 
     </span>
     <span class='ocr_line' id='line_1_17' title="bbox 63 2047 1108 2140; baseline 0.002 -22"><span class='ocrx_word' id='word_1_138' title='bbox 63 2047 156 2118; x_wconf 81' lang='lat' dir='ltr'><strong>&#39;l&#39;ales</strong></span> <span class='ocrx_word' id='word_1_139' title='bbox 165 2059 272 2116; x_wconf 85' lang='lat' dir='ltr'><strong>autem</strong></span> <span class='ocrx_word' id='word_1_140' title='bbox 284 2058 358 2114; x_wconf 91' lang='lat' dir='ltr'><strong>sunt</strong></span> <span class='ocrx_word' id='word_1_141' title='bbox 372 2047 464 2113; x_wconf 89' lang='lat' dir='ltr'><strong>nobis</strong></span> <span class='ocrx_word' id='word_1_142' title='bbox 480 2047 651 2136; x_wconf 72' lang='lat' dir='ltr'><strong>Scripturas</strong></span> <span class='ocrx_word' id='word_1_143' title='bbox 663 2048 855 2126; x_wconf 82' lang='lat' dir='ltr'><strong>Dominicae,</strong></span> <span class='ocrx_word' id='word_1_144' title='bbox 871 2051 1037 2116; x_wconf 84' lang='lat' dir='ltr'><strong>veritatem</strong></span> <span class='ocrx_word' id='word_1_145' title='bbox 1052 2075 1108 2140; x_wconf 76' lang='lat' dir='ltr'><strong>pa·</strong></span> 
     </span>
     <span class='ocr_line' id='line_1_18' title="bbox 63 2155 1107 2248; baseline 0 -24"><span class='ocrx_word' id='word_1_146' title='bbox 63 2158 199 2232; x_wconf 82' lang='lat' dir='ltr'><strong>aientes,</strong></span> <span class='ocrx_word' id='word_1_147' title='bbox 222 2168 256 2222; x_wconf 89' lang='lat' dir='ltr'><strong>et</strong></span> <span class='ocrx_word' id='word_1_148' title='bbox 271 2167 435 2223; x_wconf 84' lang='lat' dir='ltr'><strong>manentes</strong></span> <span class='ocrx_word' id='word_1_149' title='bbox 450 2155 585 2246; x_wconf 79' lang='lat' dir='ltr'><strong>virgines</strong></span> <span class='ocrx_word' id='word_1_150' title='bbox 604 2179 679 2222; x_wconf 90' lang='lat' dir='ltr'><strong>cum</strong></span> <span class='ocrx_word' id='word_1_151' title='bbox 703 2155 916 2224; x_wconf 81' lang='lat' dir='ltr'><strong>occultatione</strong></span> <span class='ocrx_word' id='word_1_152' title='bbox 932 2159 1107 2248; x_wconf 85' lang='lat' dir='ltr'><strong>mysterio-</strong></span> 
     </span>
     <span class='ocr_line' id='line_1_19' title="bbox 62 2262 1106 2356; baseline 0.002 -24"><span class='ocrx_word' id='word_1_153' title='bbox 62 2289 137 2332; x_wconf 88' lang='lat' dir='ltr'><strong>rum</strong></span> <span class='ocrx_word' id='word_1_154' title='bbox 153 2264 306 2332; x_wconf 85' lang='lat' dir='ltr'><strong>veritatis.</strong></span> <span class='ocrx_word' id='word_1_155' title='bbox 325 2262 447 2350; x_wconf 77' lang='lat' dir='ltr'><strong>Peperit</strong></span> <span class='ocrx_word' id='word_1_156' title='bbox 466 2274 494 2328; x_wconf 86' lang='lat' dir='ltr'><strong>et</strong></span> <span class='ocrx_word' id='word_1_157' title='bbox 508 2287 568 2330; x_wconf 81' lang='lat' dir='ltr'><strong>non</strong></span> <span class='ocrx_word' id='word_1_158' title='bbox 584 2263 736 2352; x_wconf 76' lang='lat' dir='ltr'><strong>peperit⁴,</strong></span> <span class='ocrx_word' id='word_1_159' title='bbox 753 2265 855 2353; x_wconf 83' lang='lat' dir='ltr'><strong>inquit</strong></span> <span class='ocrx_word' id='word_1_160' title='bbox 870 2265 1052 2356; x_wconf 79' lang='lat' dir='ltr'><strong>Scriptura,</strong></span> <span class='ocrx_word' id='word_1_161' title='bbox 1070 2277 1106 2334; x_wconf 87' lang='lat' dir='ltr'><strong>ut</strong></span> 
     </span>
     <span class='ocr_line' id='line_1_20' title="bbox 62 2373 1103 2464; baseline 0.005 -24"><span class='ocrx_word' id='word_1_162' title='bbox 62 2397 135 2464; x_wconf 76' lang='lat' dir='ltr'><strong>quse</strong></span> <span class='ocrx_word' id='word_1_163' title='bbox 150 2397 191 2440; x_wconf 81' lang='lat' dir='ltr'><strong>ex</strong></span> <span class='ocrx_word' id='word_1_164' title='bbox 208 2396 258 2450; x_wconf 87' lang='lat' dir='ltr'><strong>se,</strong></span> <span class='ocrx_word' id='word_1_165' title='bbox 280 2395 346 2438; x_wconf 95' lang='lat' dir='ltr'><strong>non</strong></span> <span class='ocrx_word' id='word_1_166' title='bbox 365 2395 404 2438; x_wconf 83' lang='lat' dir='ltr'><strong>ex</strong></span> <span class='ocrx_word' id='word_1_167' title='bbox 423 2373 649 2461; x_wconf 87' lang='lat' dir='ltr'><strong>conjunctione</strong></span> <span class='ocrx_word' id='word_1_168' title='bbox 669 2373 862 2463; x_wconf 87' lang='lat' dir='ltr'><strong>conceperit.</strong></span> <span class='ocrx_word' id='word_1_169' title='bbox 883 2377 1103 2456; x_wconf 83' lang='lat' dir='ltr'><strong>Quamobrem</strong></span> 
     </span>
     <span class='ocr_line' id='line_1_21' title="bbox 63 2469 1190 2572; baseline 0.002 -22"><span class='ocrx_word' id='word_1_170' title='bbox 63 2480 225 2550; x_wconf 88' lang='lat' dir='ltr'><strong>Gnosticis</strong></span> <span class='ocrx_word' id='word_1_171' title='bbox 244 2480 375 2568; x_wconf 89' lang='lat' dir='ltr'><strong>quidem</strong></span> <span class='ocrx_word' id='word_1_172' title='bbox 397 2493 614 2570; x_wconf 84' lang='lat' dir='ltr'><strong>conceperunt</strong></span> <span class='ocrx_word' id='word_1_173' title='bbox 635 2478 818 2571; x_wconf 73' lang='lat' dir='ltr'><strong>Scriptura.</strong></span> <span class='ocrx_word' id='word_1_174' title='bbox 838 2482 935 2564; x_wconf 90' lang='lat' dir='ltr'><strong>Quod</strong></span> <span class='ocrx_word' id='word_1_175' title='bbox 950 2484 1024 2572; x_wconf 86' lang='lat' dir='ltr'><strong>quia</strong></span> <span class='ocrx_word' id='word_1_176' title='bbox 1040 2509 1105 2552; x_wconf 90' lang='lat' dir='ltr'><strong>uon</strong></span> <span class='ocrx_word' id='word_1_177' title='bbox 1184 2469 1190 2480; x_wconf 41' lang='lat'>⁸</span> 
     </span>
     <span class='ocr_line' id='line_1_22' title="bbox 62 2587 1107 2680; baseline -0.002 -25"><span class='ocrx_word' id='word_1_178' title='bbox 62 2587 248 2656; x_wconf 82' lang='lat' dir='ltr'><strong>intellexere</strong></span> <span class='ocrx_word' id='word_1_179' title='bbox 265 2588 418 2664; x_wconf 74' lang='lat' dir='ltr'><strong>hereses,</strong></span> <span class='ocrx_word' id='word_1_180' title='bbox 440 2589 529 2676; x_wconf 86' lang='lat' dir='ltr'><strong>quasi</strong></span> <span class='ocrx_word' id='word_1_181' title='bbox 546 2612 616 2677; x_wconf 69' lang='lat' dir='ltr'><strong>quse</strong></span> <span class='ocrx_word' id='word_1_182' title='bbox 631 2613 696 2656; x_wconf 91' lang='lat' dir='ltr'><strong>non</strong></span> <span class='ocrx_word' id='word_1_183' title='bbox 712 2602 929 2680; x_wconf 84' lang='lat' dir='ltr'><strong>conceperunt</strong></span> <span class='ocrx_word' id='word_1_184' title='bbox 943 2615 998 2659; x_wconf 88' lang='lat' dir='ltr'><strong>eas</strong></span> <span class='ocrx_word' id='word_1_185' title='bbox 1015 2590 1107 2658; x_wconf 46' lang='lat' dir='ltr'><strong>able*</strong></span> 
     </span>
     <span class='ocr_line' id='line_1_23' title="bbox 61 2695 1106 2788; baseline 0.005 -25"><span class='ocrx_word' id='word_1_186' title='bbox 61 2709 149 2788; x_wconf 73' lang='lat' dir='ltr'><strong>gant.</strong></span> <span class='ocrx_word' id='word_1_187' title='bbox 169 2695 251 2762; x_wconf 89' lang='lat' dir='ltr'><strong>Cum</strong></span> <span class='ocrx_word' id='word_1_188' title='bbox 268 2707 374 2762; x_wconf 88' lang='lat' dir='ltr'><strong>autem</strong></span> <span class='ocrx_word' id='word_1_189' title='bbox 389 2717 500 2763; x_wconf 82' lang='lat' dir='ltr'><strong>omnes</strong></span> <span class='ocrx_word' id='word_1_190' title='bbox 511 2695 658 2764; x_wconf 87' lang='lat' dir='ltr'><strong>homines</strong></span> <span class='ocrx_word' id='word_1_191' title='bbox 673 2697 759 2764; x_wconf 90' lang='lat' dir='ltr'><strong>idem</strong></span> <span class='ocrx_word' id='word_1_192' title='bbox 769 2697 909 2766; x_wconf 84' lang='lat' dir='ltr'><strong>babeant</strong></span> <span class='ocrx_word' id='word_1_193' title='bbox 926 2701 1106 2788; x_wconf 88' lang='lat' dir='ltr'><strong>judicium,</strong></span> 
     </span>
     <span class='ocr_line' id='line_1_24' title="bbox 64 2802 1103 2898; baseline 0.007 -27"><span class='ocrx_word' id='word_1_194' title='bbox 64 2802 116 2872; x_wconf 79' lang='lat' dir='ltr'><strong>alii</strong></span> <span class='ocrx_word' id='word_1_195' title='bbox 126 2803 255 2892; x_wconf 91' lang='lat' dir='ltr'><strong>quidem</strong></span> <span class='ocrx_word' id='word_1_196' title='bbox 268 2804 355 2891; x_wconf 91' lang='lat' dir='ltr'><strong>quod</strong></span> <span class='ocrx_word' id='word_1_197' title='bbox 365 2804 468 2894; x_wconf 75' lang='lat' dir='ltr'><strong>Leges</strong></span> <span class='ocrx_word' id='word_1_198' title='bbox 480 2805 578 2873; x_wconf 87' lang='lat' dir='ltr'><strong>dictet</strong></span> <span class='ocrx_word' id='word_1_199' title='bbox 591 2819 758 2894; x_wconf 84' lang='lat' dir='ltr'><strong>sequentes</strong></span> <span class='ocrx_word' id='word_1_200' title='bbox 769 2805 889 2876; x_wconf 78' lang='lat' dir='ltr'><strong>faciunt</strong></span> <span class='ocrx_word' id='word_1_201' title='bbox 900 2823 1103 2898; x_wconf 81' lang='lat' dir='ltr'><strong>arguments:</strong></span> 
     </span>
     <span class='ocr_line' id='line_1_25' title="bbox 65 2909 1104 3007; baseline 0.008 -29"><span class='ocrx_word' id='word_1_202' title='bbox 65 2909 118 2978; x_wconf 82' lang='lat' dir='ltr'><strong>alli</strong></span> <span class='ocrx_word' id='word_1_203' title='bbox 130 2922 237 2978; x_wconf 87' lang='lat' dir='ltr'><strong>autem</strong></span> <span class='ocrx_word' id='word_1_204' title='bbox 254 2933 328 2976; x_wconf 90' lang='lat' dir='ltr'><strong>cum</strong></span> <span class='ocrx_word' id='word_1_205' title='bbox 339 2912 456 3000; x_wconf 88' lang='lat' dir='ltr'><strong>seipsos</strong></span> <span class='ocrx_word' id='word_1_206' title='bbox 471 2913 652 2982; x_wconf 88' lang='lat' dir='ltr'><strong>dediderint</strong></span> <span class='ocrx_word' id='word_1_207' title='bbox 666 2911 1104 3007; x_wconf 83' lang='lat' dir='ltr'><strong>voluptatibus,Scripturam</strong></span> 
     </span>
     <span class='ocr_line' id='line_1_26' title="bbox 63 3009 1104 3114; baseline 0.008 -30"><span class='ocrx_word' id='word_1_208' title='bbox 63 3029 216 3105; x_wconf 86' lang='lat' dir='ltr'><strong>torquent</strong></span> <span class='ocrx_word' id='word_1_209' title='bbox 231 3017 272 3083; x_wconf 88' lang='lat' dir='ltr'><strong>ad</strong></span> <span class='ocrx_word' id='word_1_210' title='bbox 286 3040 356 3084; x_wconf 83' lang='lat' dir='ltr'><strong>suas</strong></span> <span class='ocrx_word' id='word_1_211' title='bbox 375 3020 571 3108; x_wconf 87' lang='lat' dir='ltr'><strong>cupiditates.</strong></span> <span class='ocrx_word' id='word_1_212' title='bbox 592 3021 682 3112; x_wconf 88' lang='lat' dir='ltr'><strong>Opus</strong></span> <span class='ocrx_word' id='word_1_213' title='bbox 702 3034 749 3093; x_wconf 87' lang='lat' dir='ltr'><strong>eet</strong></span> <span class='ocrx_word' id='word_1_214' title='bbox 771 3035 898 3100; x_wconf 88' lang='lat' dir='ltr'><strong>autem,</strong></span> <span class='ocrx_word' id='word_1_215' title='bbox 917 3036 953 3090; x_wconf 86' lang='lat' dir='ltr'><strong>ut</strong></span> <span class='ocrx_word' id='word_1_216' title='bbox 967 3009 1104 3114; x_wconf 87' lang='lat' dir='ltr'><strong>opinor,</strong></span> 
     </span>
     <span class='ocr_line' id='line_1_27' title="bbox 38 3126 1105 3204; baseline 0 -10"><span class='ocrx_word' id='word_1_217' title='bbox 38 3134 45 3146; x_wconf 93' lang='grc'><strong>’</strong></span> <span class='ocrx_word' id='word_1_218' title='bbox 64 3127 201 3194; x_wconf 84' lang='lat' dir='ltr'><strong>amatori</strong></span> <span class='ocrx_word' id='word_1_219' title='bbox 219 3126 357 3194; x_wconf 81' lang='lat' dir='ltr'><strong>veritatis</strong></span> <span class='ocrx_word' id='word_1_220' title='bbox 373 3128 488 3192; x_wconf 89' lang='lat' dir='ltr'><strong>robore</strong></span> <span class='ocrx_word' id='word_1_221' title='bbox 499 3129 607 3196; x_wconf 85' lang='lat' dir='ltr'><strong>animi.</strong></span> <span class='ocrx_word' id='word_1_222' title='bbox 622 3129 760 3198; x_wconf 85' lang='lat' dir='ltr'><strong>Necesse</strong></span> <span class='ocrx_word' id='word_1_223' title='bbox 771 3133 858 3204; x_wconf 82' lang='lat' dir='ltr'><strong>enim</strong></span> <span class='ocrx_word' id='word_1_224' title='bbox 873 3131 938 3199; x_wconf 85' lang='lat' dir='ltr'><strong>labi</strong></span> <span class='ocrx_word' id='word_1_225' title='bbox 954 3135 987 3200; x_wconf 92' lang='lat' dir='ltr'><strong>in</strong></span> <span class='ocrx_word' id='word_1_226' title='bbox 1001 3136 1105 3202; x_wconf 45' lang='lat' dir='ltr'><strong>maxia</strong></span> 
     </span>
     <span class='ocr_line' id='line_1_28' title="bbox 54 3234 1105 3332; baseline 0.007 -30"><span class='ocrx_word' id='word_1_227' title='bbox 54 3235 144 3332; x_wconf 21' lang='lat' dir='ltr'><strong>umis,</strong></span> <span class='ocrx_word' id='word_1_228' title='bbox 159 3257 214 3300; x_wconf 90' lang='lat' dir='ltr'><strong>eos</strong></span> <span class='ocrx_word' id='word_1_229' title='bbox 225 3234 281 3322; x_wconf 90' lang='lat' dir='ltr'><strong>qui</strong></span> <span class='ocrx_word' id='word_1_230' title='bbox 292 3257 343 3298; x_wconf 83' lang='lat' dir='ltr'><strong>res</strong></span> <span class='ocrx_word' id='word_1_231' title='bbox 362 3234 513 3302; x_wconf 81' lang='lat' dir='ltr'><strong>maximas</strong></span> <span class='ocrx_word' id='word_1_232' title='bbox 530 3237 774 3326; x_wconf 75' lang='lat' dir='ltr'><strong>aggrediuntur,</strong></span> <span class='ocrx_word' id='word_1_233' title='bbox 791 3241 851 3306; x_wconf 91' lang='lat' dir='ltr'><strong>nisi</strong></span> <span class='ocrx_word' id='word_1_234' title='bbox 865 3241 1007 3330; x_wconf 84' lang='lat' dir='ltr'><strong>regulam</strong></span> <span class='ocrx_word' id='word_1_235' title='bbox 1019 3245 1105 3312; x_wconf 83' lang='lat' dir='ltr'><strong>veri-</strong></span> 
     </span>
     <span class='ocr_line' id='line_1_29' title="bbox 63 3341 1106 3432; baseline 0.007 -22"><span class='ocrx_word' id='word_1_236' title='bbox 63 3343 139 3412; x_wconf 83' lang='lat' dir='ltr'><strong>tatis</strong></span> <span class='ocrx_word' id='word_1_237' title='bbox 155 3345 195 3408; x_wconf 86' lang='lat' dir='ltr'><strong>ab</strong></span> <span class='ocrx_word' id='word_1_238' title='bbox 210 3343 277 3430; x_wconf 88' lang='lat' dir='ltr'><strong>ipsa</strong></span> <span class='ocrx_word' id='word_1_239' title='bbox 293 3341 423 3409; x_wconf 84' lang='lat' dir='ltr'><strong>veritate</strong></span> <span class='ocrx_word' id='word_1_240' title='bbox 438 3355 603 3432; x_wconf 85' lang='lat' dir='ltr'><strong>acceptam</strong></span> <span class='ocrx_word' id='word_1_241' title='bbox 617 3348 784 3414; x_wconf 86' lang='lat' dir='ltr'><strong>tenuerint.</strong></span> <span class='ocrx_word' id='word_1_242' title='bbox 801 3348 865 3430; x_wconf 90' lang='lat' dir='ltr'><strong>Qui</strong></span> <span class='ocrx_word' id='word_1_243' title='bbox 878 3363 1032 3416; x_wconf 88' lang='lat' dir='ltr'><strong>autemeo</strong></span> <span class='ocrx_word' id='word_1_244' title='bbox 1047 3351 1106 3418; x_wconf 68' lang='lat' dir='ltr'><strong>de«</strong></span> 
     </span>
     <span class='ocr_line' id='line_1_30' title="bbox 64 3443 1105 3531; baseline 0.012 -13"><span class='ocrx_word' id='word_1_245' title='bbox 64 3462 242 3526; x_wconf 83' lang='lat' dir='ltr'><strong>venerunt,</strong></span> <span class='ocrx_word' id='word_1_246' title='bbox 258 3463 294 3516; x_wconf 87' lang='lat' dir='ltr'><strong>ut</strong></span> <span class='ocrx_word' id='word_1_247' title='bbox 310 3475 328 3516; x_wconf 84' lang='lat' dir='ltr'><strong>a</strong></span> <span class='ocrx_word' id='word_1_248' title='bbox 343 3451 493 3518; x_wconf 78' lang='lat' dir='ltr'><strong>rectario</strong></span> <span class='ocrx_word' id='word_1_249' title='bbox 506 3452 701 3531; x_wconf 83' lang='lat' dir='ltr'><strong>exciderint,</strong></span> <span class='ocrx_word' id='word_1_250' title='bbox 717 3456 832 3524; x_wconf 89' lang='lat' dir='ltr'><strong>merito</strong></span> <span class='ocrx_word' id='word_1_251' title='bbox 842 3443 939 3524; x_wconf 81' lang='lat' dir='ltr'><strong>eliam</strong></span> <span class='ocrx_word' id='word_1_252' title='bbox 954 3457 1105 3530; x_wconf 77' lang='lat' dir='ltr'><strong>falluntur</strong></span> 
     </span>
     <span class='ocr_line' id='line_1_31' title="bbox 61 3556 1106 3653; baseline 0.01 -27"><span class='ocrx_word' id='word_1_253' title='bbox 61 3561 97 3626; x_wconf 90' lang='lat' dir='ltr'><strong>in</strong></span> <span class='ocrx_word' id='word_1_254' title='bbox 113 3557 261 3649; x_wconf 85' lang='lat' dir='ltr'><strong>plurimis</strong></span> <span class='ocrx_word' id='word_1_255' title='bbox 281 3556 510 3648; x_wconf 75' lang='lat' dir='ltr'><strong>singularibus,</strong></span> <span class='ocrx_word' id='word_1_256' title='bbox 530 3571 696 3652; x_wconf 85' lang='lat' dir='ltr'><strong>propterea</strong></span> <span class='ocrx_word' id='word_1_257' title='bbox 712 3564 798 3653; x_wconf 91' lang='lat' dir='ltr'><strong>quod</strong></span> <span class='ocrx_word' id='word_1_258' title='bbox 813 3589 878 3631; x_wconf 92' lang='lat' dir='ltr'><strong>non</strong></span> <span class='ocrx_word' id='word_1_259' title='bbox 893 3565 1030 3634; x_wconf 84' lang='lat' dir='ltr'><strong>habeant</strong></span> <span class='ocrx_word' id='word_1_260' title='bbox 1049 3593 1106 3636; x_wconf 85' lang='lat' dir='ltr'><strong>ve-</strong></span> 
     </span>
     <span class='ocr_line' id='line_1_32' title="bbox 62 3664 1104 3767; baseline 0.008 -31"><span class='ocrx_word' id='word_1_261' title='bbox 62 3691 174 3736; x_wconf 93' lang='lat' dir='ltr'><strong>rorum</strong></span> <span class='ocrx_word' id='word_1_262' title='bbox 193 3679 226 3732; x_wconf 89' lang='lat' dir='ltr'><strong>et</strong></span> <span class='ocrx_word' id='word_1_263' title='bbox 241 3664 393 3734; x_wconf 82' lang='lat' dir='ltr'><strong>salsorum</strong></span> <span class='ocrx_word' id='word_1_264' title='bbox 407 3668 564 3756; x_wconf 88' lang='lat' dir='ltr'><strong>judicium</strong></span> <span class='ocrx_word' id='word_1_265' title='bbox 580 3668 673 3758; x_wconf 82' lang='lat' dir='ltr'><strong>plene</strong></span> <span class='ocrx_word' id='word_1_266' title='bbox 688 3672 915 3751; x_wconf 88' lang='lat' dir='ltr'><strong>exercitatum,</strong></span> <span class='ocrx_word' id='word_1_267' title='bbox 931 3675 964 3740; x_wconf 92' lang='lat' dir='ltr'><strong>in</strong></span> <span class='ocrx_word' id='word_1_268' title='bbox 979 3676 1015 3742; x_wconf 91' lang='lat' dir='ltr'><strong>iis</strong></span> <span class='ocrx_word' id='word_1_269' title='bbox 1034 3701 1104 3767; x_wconf 77' lang='lat' dir='ltr'><strong>quse</strong></span> 
     </span>
     <span class='ocr_line' id='line_1_33' title="bbox 64 3773 1105 3882; baseline 0.01 -38"><span class='ocrx_word' id='word_1_270' title='bbox 64 3787 192 3868; x_wconf 80' lang='lat' dir='ltr'><strong>oportet</strong></span> <span class='ocrx_word' id='word_1_271' title='bbox 214 3773 377 3866; x_wconf 80' lang='lat' dir='ltr'><strong>eligendis.</strong></span> <span class='ocrx_word' id='word_1_272' title='bbox 402 3776 435 3843; x_wconf 89' lang='lat' dir='ltr'><strong>Si</strong></span> <span class='ocrx_word' id='word_1_273' title='bbox 459 3779 545 3844; x_wconf 84' lang='lat' dir='ltr'><strong>enim</strong></span> <span class='ocrx_word' id='word_1_274' title='bbox 566 3779 746 3882; x_wconf 70' lang='lat' dir='ltr'><strong>haberent,</strong></span> <span class='ocrx_word' id='word_1_275' title='bbox 768 3795 916 3871; x_wconf 85' lang='lat' dir='ltr'><strong>parerent</strong></span> <span class='ocrx_word' id='word_1_276' title='bbox 931 3785 1105 3875; x_wconf 76' lang='lat' dir='ltr'><strong>Scripturis</strong></span> 
     </span>
    </p>
   </div>
   <div class='ocr_carea' id='block_1_3' title="bbox 105 3913 1106 3996">
    <p class='ocr_par' dir='ltr' id='par_1_3' title="bbox 105 3913 1106 3996">
     <span class='ocr_line' id='line_1_34' title="bbox 105 3913 1106 3996; baseline 0.011 -28"><span class='ocrx_word' id='word_1_277' title='bbox 105 3915 115 3941; x_wconf 89' lang='lat'><strong>¹</strong></span> <span class='ocrx_word' id='word_1_278' title='bbox 129 3921 187 3968; x_wconf 84' lang='lat' dir='ltr'><strong>Luc.</strong></span> <span class='ocrx_word' id='word_1_279' title='bbox 197 3935 268 3984; x_wconf 74' lang='lat' dir='ltr'><strong>asu,</strong></span> <span class='ocrx_word' id='word_1_280' title='bbox 280 3915 329 3981; x_wconf 80' lang='grc'><strong>31,</strong></span> <span class='ocrx_word' id='word_1_281' title='bbox 343 3913 1106 3996; x_wconf 42' lang='lat' dir='ltr'><strong>dae-²blattb.1,37.—&#39;Lue·u‚62.-‘Exspocryph0</strong></span> 
     </span>
    </p>
   </div>
   <div class='ocr_carea' id='block_1_4' title="bbox 0 0 1277 4608">
    <p class='ocr_par' dir='ltr' id='par_1_4' title="bbox 0 0 1277 4608">
     <span class='ocr_line' id='line_1_35' title="bbox 0 0 1277 4608; baseline 0 0"><span class='ocrx_word' id='word_1_282' title='bbox 0 0 1277 4608; x_wconf 95' lang='lat' dir='ltr'><strong> </strong></span> 
     </span>
    </p>
   </div>
  </div>
 </body>
</html>
