2522 4608
179 262 241 327 dno
474 281 646 328 casnsurrs
669 278 880 328 ιιιιιιιιιιιιι

177 389 344 455 »tionibus
359 399 392 454 et
405 389 623 466 ebrietatibus,
637 413 703 458 non
721 391 754 458 in
768 389 929 458 cubilibus
943 403 976 456 et
990 389 1024 456 in
1040 392 1205 481 impudici*

177 527 191 562 ι
208 499 259 566 tiis
273 510 432 565 versantes
440 496 467 563 .¹.
486 528 500 562 r
519 496 640 566 Fistula
657 499 764 589 itaque
784 501 942 568 tribuatur
955 501 1148 588 pastoribus,
1165 504 1203 567 ti-

177 612 229 678 bia
243 621 351 675 autem
362 609 584 698 superstitiosis
600 610 783 676 hominibus
795 609 847 697 qni
862 611 904 676 ad
916 608 1042 676 cultum
1052 607 1204 676 idolorum

177 719 384 786 contendunt.
411 719 531 786 Revera
554 719 639 786 enim
660 719 729 786 haec
749 720 958 786 instrumenta
978 731 1054 802 sunt
1068 743 1088 784 a
1105 721 1204 786 sobrio

175 829 321 908 convivio
341 829 554 906 amandanda,
577 852 647 917 quaa
662 829 761 919 magis
779 830 889 898 bestiis
909 853 1005 916 quam
1027 829 1207 896 homiuibus

177 939 382 1014 conveniunt,
398 939 482 1004 eliis
497 938 692 1015 hominibus,
708 938 763 1027 qui
778 961 795 1002 a
811 939 934 1005 ratione
944 949 1020 1004 sunt
1030 936 1203 1004 alieniores

177 1048 293 1114 Cervus
307 1049 394 1114 enim
408 1045 520 1113 fistulis
535 1045 708 1114 demulceri
723 1048 919 1136 accepimus,
932 1059 965 1113 et
979 1048 1012 1113 in
1024 1044 1155 1136 laqueos
1165 1045 1207 1110 in-

175 1169 225 1224 ter
233 1157 414 1224 venandum
421 1169 517 1224 cantu
526 1157 600 1224 duci
610 1156 848 1224 avenatoribus.
860 1158 958 1246 Equis
969 1168 1079 1222 autem
1091 1163 1206 1224 codun-

175 1268 273 1344 tibus,
289 1266 386 1335 saluti
400 1266 741 1356 quidamhymenaeus,
763 1268 840 1333 tibia
856 1291 985 1334 carmen
1003 1269 1132 1334 canitur
1149 1290 1158 1331 ε
1176 1267 1206 1332 id

175 1390 283 1444 autem
292 1379 330 1442 ab
339 1376 1097 1469 incitandisequismusiciappellaruntimttopos.
1108 1377 1204 1444 Omne

175 1500 282 1554 autem
295 1499 389 1577 turpe
404 1486 634 1578 spectaculum,
650 1511 841 1577 omnemque
857 1499 985 1577 turpem
1000 1487 1203 1562 auditionem,

174 1611 221 1675 et,
236 1609 272 1664 ut
287 1598 468 1665 summatim
485 1598 603 1677 dicam,
619 1610 747 1688 turpem
761 1621 891 1665 omnem
909 1620 1040 1665 sensum
1052 1599 1203 1688 intempe-

174 1707 304 1785 rantia,
324 1730 394 1795 quar
413 1730 521 1775 revera
544 1708 674 1797 quidem
696 1721 746 1773 est
766 1719 876 1775 seusus
897 1709 1052 1797 privatio,
1073 1710 1202 1776 maxime

128 1891 134 1904 .
174 1828 300 1907 oportet
314 1840 372 1883 nos
383 1817 563 1893 excindere,
578 1816 785 1906 voluptatem,
800 1839 871 1903 quaa
885 1815 996 1883 oculos
1012 1830 1046 1882 et
1062 1841 1152 1884 ames
1164 1818 1201 1882 ti-

174 1923 254 1993 tillat
264 1937 298 1992 et
307 1927 494 2002 effeminat,
513 1938 659 1992 caventes
673 1948 682 1990 ι
695 1924 870 1991 lractorum
887 1925 975 1993 enim
990 1938 1156 2004 cantuum,
1169 1939 1199 1992 et

173 2034 328 2102 flebilium
341 2035 460 2103 Garicae
471 2059 569 2102 musae
581 2034 749 2102 modorum
762 2035 846 2102 varia
857 2035 1010 2102 veneficia
1023 2059 1131 2104 mores
1142 2061 1202 2102 eor·

173 2156 339 2234 rumpunt,
354 2145 578 2234 intemperanti
592 2157 625 2209 et
644 2167 742 2234 pravo
756 2145 886 2212 musicae
901 2144 1040 2212 artificio
1054 2147 1098 2213 ad
1113 2147 1201 2236 hujus

173 2255 410 2324 comessationis
431 2255 704 2343 perturbationem
725 2254 897 2321 trabentes.
923 2254 1080 2322 Divinum
1101 2269 1200 2327 autem

171 2364 383 2434 ministerium
400 2365 440 2431 ab
461 2362 511 2430 his
535 2385 695 2453 separans,
718 2361 826 2454 psallit
846 2361 984 2455 Spiritus
1007 2364 1202 2432 :sLaudste

73 2545 77 2554 ,
172 2499 274 2544 reum
288 2476 322 2546 in
336 2497 415 2542 sono
430 2471 537 2540 tubae²
552 2496 560 2540 ι
573 2473 629 2541 sin
644 2473 824 2564 sonoenim
838 2477 923 2543 tubae
937 2476 1108 2542 suscitabit
1121 2499 1201 2542 mor-

131 2611 137 2626 ·
171 2597 253 2654 tuos.
272 2584 422 2652 masao
434 2605 511 2648 sum
524 2583 563 2647 in
575 2581 744 2672 psalterio,
763 2583 913 2670 quoniam
928 2582 1039 2674 lingua
1054 2597 1106 2650 est
1123 2582 1202 2674 psal-

156 2695 286 2760 terium
302 2691 439 2759 Domini.
454 2691 502 2757 Et
516 2693 555 2756 ias
571 2691 701 2759 cithara
719 2692 852 2758 laudate
866 2717 940 2760 eam
951 2718 963 2756 :
974 2717 1034 2783 per
1052 2694 1204 2760 citharam

170 2827 206 2870 os
227 2801 433 2891 intelligatur,
456 2801 543 2890 quod
558 2802 695 2893 Spiritu,
717 2813 870 2891 tanquam
890 2802 1028 2894 plectro,
1049 2803 1200 2894 pulsatur.

169 2912 215 2981 In
230 2928 387 3003 tympano
405 2928 436 2977 ct
451 2911 548 2978 cboro
564 2912 696 2979 actara
709 2935 785 2978 aum
806 2937 817 2978 :
838 2914 914 2980 dicit
928 2915 1120 2992 Ecclesiam,
1135 2937 1204 3006 qus

169 3021 435 3104 resurrectionem
445 3023 549 3089 carnis
560 3020 705 3088 meditari
719 3019 798 3090 solet
815 3024 848 3090 in
864 3023 946 3113 pelle
962 3039 1142 3093 resonante.
1159 3025 1206 3090 ln

168 3123 339 3200 abacista
349 3155 476 3222 organo
490 3131 622 3198 laudate
632 3156 707 3198 eum
718 3157 730 3196 .·
741 3156 897 3223 organum
912 3134 990 3202 dicit
1001 3159 1117 3227 corpus
1131 3159 1207 3202 nos-

168 3255 268 3320 trum,
277 3253 309 3309 et
320 3240 454 3308 chordas
466 3241 535 3332 ejus
547 3265 672 3320 nervos,
681 3265 738 3333 per
745 3268 824 3333 quos
834 3267 1006 3312 numerose
1014 3246 1206 3320 intenditur,

169 3365 202 3419 ot
216 3351 336 3441 Spiritu
350 3351 525 3442 pulsatum,
541 3374 634 3419 rocos
649 3354 716 3421 edit
731 3355 896 3422 humanas.
916 3355 1066 3422 Laudato
1080 3379 1157 3422 enm
1169 3357 1209 3418 ιἰι

86 3527 89 3534 ,
169 3463 328 3552 madalis
333 3462 574 3550 jubilationis:
591 3464 654 3529 oris
670 3465 853 3554 cymbalum
868 3465 945 3533 dicit
962 3464 1111 3557 linguam,
1130 3487 1210 3556 qua

168 3570 298 3662 pulsatis
309 3570 404 3638 labris
416 3583 542 3638 resonat
553 3592 563 3637 ι
578 3583 611 3636 et
621 3571 694 3638 ideo
705 3574 852 3642 humanae
862 3587 986 3641 naturae
997 3574 1208 3644 acclamarit:

171 3680 290 3760 Omnis
299 3683 437 3770 spiritus
448 3682 558 3748 madet
569 3681 755 3749 Dominam
763 3710 775 3748 .·
785 3686 935 3772 quoniam
947 3688 1050 3752 omnis
1060 3686 1210 3775 spiritus,

86 3785 90 3793 ¹
169 3791 366 3880 quemfecit,
382 3815 491 3859 curam
504 3792 607 3883 gessit.
623 3792 706 3862 Vere
721 3794 807 3860 enim
822 3795 993 3886 pacificum
1007 3798 1210 3864 instrumen-

202 3920 213 3956 ¹
224 3921 296 3975 Rom.
313 3937 368 3984 ιιιι,
384 3939 421 3986 12,
437 3924 475 3973 ιδ.
490 3921 740 3987 —2Psal.c1.,5,t‚
753 3927 812 3988 5‚s.
