2452 4602
297 288 495 345 rnnaooous,
519 289 580 333 nan.
609 289 657 333 ιιι.
931 266 994 357 595

4 407 73 474 usn
93 404 297 495 proferentes.
327 407 396 474 iioo
418 408 474 474 viri
497 408 635 500 signum,
658 410 758 478 barba
780 407 915 486 scilicet,
936 433 995 511 per

1 512 50 579 od
62 514 107 580 rir
115 527 261 604 apparet,
273 525 322 582 est
336 515 401 582 Era
412 518 587 606 antiquius,
602 529 635 584 et
645 519 770 609 signum
784 517 924 586 melioris
935 541 995 586 na-

4 645 52 690 re.
67 623 148 691 Eum
162 624 248 690 Deus
263 647 390 713 aequum
412 625 536 692 censuit
558 625 678 693 hirtum
695 649 763 694 esse
778 637 939 717 oportere,
962 639 995 692 et

8 743 131 803 rtotum
146 735 206 800 viri
222 757 337 824 corpus
350 734 433 825 pilos
453 737 669 804 disseminavit
688 759 697 802 z
716 737 872 827 quidquid
885 747 993 801 antem

8 853 104 908 uerat
114 840 193 909 ltere
203 866 243 910 ao
253 843 362 921 molle,
375 869 393 910 a
405 843 504 912 latere
515 847 659 924 abstulit,
671 847 713 916 ad
724 848 852 914 seminis
862 869 994 938 suscop-

10 973 77 1022 κω
87 951 220 1020 mollem
231 977 270 1020 ac
282 955 480 1023 tractabilem
492 957 656 1024 foeminam
667 958 851 1035 fabricatus,
860 979 930 1046 quac
943 980 995 1047 ge-

8 1064 127 1131 ntionis
144 1073 179 1130 et
197 1065 312 1132 domus
332 1066 483 1132 custodiar
498 1077 581 1133 esset
596 1060 788 1156 opitulatrii.
809 1065 865 1133 ille
885 1076 992 1132 autem
1109 1127 1111 1134 ,

11 1172 69 1240 ud
82 1171 160 1240 lere
180 1175 268 1240 enim
282 1187 352 1243 erat
366 1178 564 1268 projecerat)
582 1190 615 1244 et
634 1179 681 1244 vir
696 1179 826 1255 mansit,
841 1189 875 1242 et
888 1177 993 1242 virutn

13 1281 111 1356 ndit3
129 1293 162 1348 et
181 1284 211 1349 ei
227 1307 339 1373 agere,
355 1286 626 1374 quemadmodum
640 1285 685 1353 iili
704 1288 787 1379 pati,
804 1308 993 1354 conoessum

44 1404 113 1460 sunt
131 1393 219 1460 enim
236 1405 349 1462 natura
364 1396 497 1463 sicciora
512 1408 544 1461 et
559 1395 722 1472 calidiora,
742 1420 814 1485 qun
834 1405 908 1462 eunt
926 1393 994 1460 hir-

12 1521 44 1578 a,
61 1499 203 1574 taribus.
223 1504 383 1583 Quocirca
404 1517 436 1570 et
455 1503 629 1572 masculina
651 1505 802 1582 ioeminis,
823 1517 857 1572 et
871 1502 993 1575 coiecta

51 1612 86 1688 “.
110 1625 144 1678 et
164 1611 306 1702 perfecta
323 1613 529 1703 imperfectis,
544 1625 576 1678 et
588 1613 759 1680 hirsutiora
774 1623 848 1679 sunt
862 1624 895 1679 et
914 1610 993 1679 caii-

1 1742 55 1789 ιι.
69 1721 107 1788 id
124 1745 202 1811 ergo
219 1721 338 1789 uiolare
349 1724 437 1810 quod
455 1735 503 1789 est
519 1720 616 1789 virilis
633 1736 753 1790 naturae
769 1723 909 1813 signum,
929 1722 993 1786 sci-

1 1839 33 1901 zt
50 1829 231 1907 hirsutum,
255 1844 304 1896 est
318 1833 463 1922 impium.
481 1831 618 1900 Laevoris
641 1845 748 1899 autem
769 1843 994 1899 ornamentum

11 1961 89 2009 cnm
98 1943 182 2008 enim
193 1941 337 2010 Verbum
348 1965 401 2008 me
411 1944 575 2032 accendit)
589 1944 616 2010 si
627 1957 759 2036 propter
768 1945 852 2010 viros
864 1941 934 2018 fiat,
946 1953 995 2008 est

11 2051 162 2126 nminati3
186 2054 212 2118 si
234 2065 367 2144 propter
380 2053 526 2120 immines
540 2065 666 2128 autem,
682 2051 816 2118 adulteri
837 2075 846 2118 z
866 2064 993 2116 utrum-

9 2169 143 2237 aautem
157 2175 237 2228 esta
253 2171 361 2228 nostra
380 2161 546 2251 republica
568 2161 749 2250 longissime
771 2160 988 2250 relegandum.

9 2269 173 2354 ⁸iainctiaru
188 2273 284 2340 vestri
306 2295 433 2361 qnoque
449 2273 562 2362 capitis
582 2297 693 2340 omnes
708 2270 812 2362 capilli
834 2271 992 2338 numerati

7 2391 69 2477 pt,
81 2382 132 2448 ait
146 2382 315 2450 Dominus
324 2382 347 2448 ¹.
361 2411 374 2446 r
388 2383 472 2450 Sunt
482 2397 591 2450 autem
601 2383 699 2450 etiam
709 2382 765 2472 pili
777 2384 810 2449 in
821 2383 921 2449 barba
932 2406 995 2448 uu·

9 2477 80 2568 flii,
90 2505 190 2582 atque
202 2493 285 2561 adeo
296 2496 392 2560 etiam
405 2495 460 2584 qui
475 2507 550 2561 sunt
563 2495 597 2560 in
614 2507 680 2565 toto
695 2515 852 2584 corpore:
868 2507 992 2561 nonest

9 2601 215 2687 patiendus
236 2617 353 2694 praeter
372 2606 431 2672 Dei
448 2606 643 2680 institutum,
663 2608 718 2695 qui
741 2605 904 2672 voluntate
921 2607 991 2695 ejus

7 2722 184 2795 meratus
197 2727 257 2781 est.
277 2715 342 2782 Nisi
358 2717 467 2804 utique
476 2743 490 2778 ι
500 2738 555 2782 vos
568 2716 651 2804 ipsos
662 2739 727 2782 non
739 2715 921 2806 agnoscitis,
935 2717 991 2781 ia-

7 2823 51 2897 ἁ
61 2825 244 2901 omanus,
259 2827 346 2916 quod
358 2826 502 2892 Christus
512 2826 605 2892 Jesus
617 2838 665 2892 est
675 2827 708 2893 in
721 2824 832 2894 vobis²
848 2850 856 2892 ε
871 2849 990 2914 »quem

5 2927 230 3018 finitimum
248 2937 340 3002 nobis
360 2936 572 3013 scivissemus,
585 2937 693 3003 nascio
708 2937 870 3026 quomodo
884 2939 990 3028 ipsum

2 3038 68 3132 δῦ
81 3043 215 3110 afficere
234 3045 267 3110 in
286 3045 430 3112 animum
445 3035 688 3112 induxissemus.
705 3045 808 3112 Pinari
829 3057 937 3111 autem
953 3067 991 3112 ac

4 3148 24 3225 i
46 3153 185 3240 (vercor
205 3156 292 3223 hane
313 3157 545 3246 turpitudinem
564 3155 615 3223 vei
635 3157 822 3244 nominare)
845 3176 990 3232 aversos,

3 3279 144 3342 matos,
158 3275 192 3332 et
203 3289 319 3334 arcana
331 3281 454 3334 naturae
465 3279 573 3357 aperte
584 3267 794 3342 denudantes,
806 3267 990 3355 prodentes,

3 3375 121 3453 andos,
142 3387 190 3454 et,
207 3400 284 3444 oum
304 3380 533 3446 erubescendae
548 3379 610 3444 sint
628 3401 739 3444 eorum
760 3377 884 3467 figure,
908 3377 992 3466 ipsos

2 3487 275 3570 pemheecontcs,
291 3489 324 3556 in
339 3490 408 3579 ipso
422 3489 577 3580 juvenum
591 3499 678 3555 ooetu
693 3497 724 3554 et
740 3486 848 3553 medio
862 3471 993 3576 gymna-

4 3597 82 3686 ,opi
102 3598 205 3664 virtus
226 3599 370 3665 virorum
392 3598 587 3689 exploratur,
609 3621 643 3664 se
663 3596 814 3665 indecore
832 3609 990 3686 gerentes.

4 3723 15 3772 a
23 3717 141 3794 preter
151 3719 302 3774 naturam
316 3710 463 3799 persequi
477 3710 679 3784 exercitium,
695 3709 855 3797 quomodo
867 3731 931 3775 non
940 3721 990 3774 est

4 3837 100 3880 reme
115 3817 395 3909 intemperantiae?
411 3821 473 3904 Qui
497 3821 583 3888 enim
599 3821 631 3887 in
647 3832 756 3911 aperto
770 3820 840 3889 haec
855 3820 987 3918 iaciunt,

5 3945 100 3994 blattis.
115 3963 139 4007 x,
151 3947 254 3999 30.-¹
269 3952 351 4003 aCor.
367 3969 419 4013 ιιιι,
429 3957 451 4003 5.
