2478 4594
351 269 541 336 memsam
563 289 626 334 crs.
651 289 694 334 rr.
983 271 1046 355 249
1082 357 1085 367 Ι
1116 287 1121 294 ·

15 415 106 484 bunt.
124 411 172 480 Ac
188 414 300 480 tacebo
320 412 449 502 quidem
467 435 579 480 eorum
606 412 754 502 dogmata
777 411 811 478 in
827 407 1045 502 philosophia,

15 543 88 588 cum
100 521 224 610 seriptis
240 520 498 610 fnoeantrniiqui
508 522 546 587 in
562 533 663 588 sectas
674 519 927 597 distribuuntur,
942 541 984 587 ne
999 521 1050 587 in·

13 629 92 720 grati
114 629 212 695 animi
232 630 372 696 criminis
394 615 678 707 convincerentur,
692 653 732 696 se
750 629 878 696 damete
890 631 1051 720 praecipua

14 738 205 827 accepisses
221 737 365 808 Socrate.
393 739 476 808 Cum
500 751 607 808 autem
624 731 700 806 usus
721 737 813 806 suero
835 738 945 827 paucis
961 737 1051 804 testi-

14 846 129 912 moniis
148 869 261 913 corum
283 849 337 935 qui
364 848 564 916 sermonibus
586 847 805 924 celebrantur,
826 847 911 912 etin
936 868 1051 935 magna

12 954 245 1020 existimatione
271 954 432 1021 habentur
458 957 542 1046 apud
565 955 694 1022 Graecos
709 1006 718 1033 ‚
736 967 768 1021 et
791 949 903 1020 eorum
925 952 1051 1018 furandi

12 1085 116 1154 genus
131 1062 164 1128 in
181 1063 309 1132 diversis
321 1063 519 1156 temporibus
535 1064 662 1132 abunde
678 1063 866 1140 conuicero,
884 1073 1053 1129 convertar

13 1171 56 1242 ad
67 1195 105 1238 ea
117 1194 187 1258 quae
200 1171 347 1260 deinceps
362 1185 548 1261 sequuntur.
569 1173 649 1239 Nam
661 1195 736 1238 cum
747 1169 872 1239 fecisset
885 1169 1049 1260 Orpheus:

121 1301 257 1359 Desertus
273 1301 419 1381 pejusque
432 1300 613 1384 aliudquam
625 1300 802 1360 seminanti
816 1312 863 1361 est
871 1317 881 1372 ;

11 1419 174 1486 Homerus
190 1429 296 1508 aperte
309 1418 405 1484 dicit:

121 1547 255 1606 Deterius
266 1549 445 1626 graviusque
456 1547 538 1608 aliud
553 1538 644 1628 quam
657 1549 779 1608 semina
796 1544 838 1605 nil
852 1557 912 1606 est.

9 1666 55 1738 Et
71 1687 148 1733 cum
162 1665 335 1754 scripsisset
346 1665 497 1732 Musaeus:
696 1635 701 1645 ¹

119 1794 153 1852 vi
164 1794 254 1872 longe
266 1793 393 1866 melior,
408 1795 497 1877 longe
513 1795 698 1874 praestantior
708 1804 755 1864 cst
771 1810 836 1862 ers;

7 1909 94 1978 dicit
106 1910 282 1976 Homerus:
638 1983 647 1998 =

121 2021 224 2080 Mente
235 2039 294 2079 una
306 2019 358 2098 qui
374 2019 455 2098 ligna
466 2029 547 2078 secat
562 2037 622 2078 non
635 2017 743 2078 robore
760 2019 863 2078 vincit.

6 2139 56 2212 Et
70 2162 182 2206 rursus
193 2161 269 2210 cum
285 2135 410 2204 iecisset
420 2135 574 2204 Musaeus:

120 2268 156 2326 In
170 2266 271 2326 lucem
287 2275 374 2344 atquc
388 2266 474 2326 rides
487 2265 598 2324 almam
613 2265 684 2326 tolia
699 2265 788 2326 cdere
800 2274 907 2325 terrem
915 2305 925 2340 ,

123 2369 222 2444 Atque
235 2369 332 2447 perire
343 2364 398 2424 ulie
413 2369 444 2424 in
458 2367 568 2436 ramis,
582 2385 615 2425 ac
627 2385 730 2426 rursus
744 2367 816 2426 oriri

124 2466 242 2536 Altera,
259 2467 302 2525 sic
316 2464 476 2526 bominum
490 2465 614 2528 seclum
627 2468 782 2545 generatio
794 2465 904 2541 rolrit3

4 2565 207 2640 transcribit
222 2566 398 2631 Homerus:

120 2693 241 2756 Ventus
253 2694 352 2754 fundit
360 2693 447 2754 humi
458 2695 530 2755 tolia
540 2694 650 2769 altera,
664 2694 809 2773 syisaqus
821 2709 926 2754 rursus

124 2792 223 2852 Altera
235 2794 376 2874 producit
387 2795 545 2856 viridantia
558 2807 696 2878 tempore
710 2812 803 2857 verno
817 2815 827 2854 ε

125 2891 264 2951 Nascitur
276 2890 445 2951 humanum
454 2895 496 2952 sic
506 2893 649 2966 saeolum,
665 2896 767 2972 sicque
780 2892 903 2953 recedit.

4 3007 59 3078 Et
75 3033 188 3080 rursus
204 3033 279 3078 cum
295 3009 421 3084 dixisset
435 3011 612 3078 Homerus:

127 3141 170 3198 De
181 3141 241 3200 tato
257 3141 366 3200 functis
377 3141 502 3198 minime
517 3159 549 3200 sc
563 3140 706 3201 extoliere
722 3142 766 3200 ias
778 3152 842 3214 est,

11 3258 176 3328 scribunt
187 3257 396 3327 Archilochus
410 3271 443 3324 et
460 3258 625 3328 Cratinus:
643 3257 696 3326 ille
711 3260 861 3348 quidem,

129 3387 196 3446 Non
209 3388 290 3445 enim
304 3387 390 3448 decet
405 3387 564 3450 destructos
576 3390 721 3469 prosequi
731 3389 878 3450 conviciis
892 3408 901 3444 ε

10 3481 181 3552 Cratinus
199 3494 304 3550 eutem
319 3484 352 3548 in
363 3484 563 3550 Laconibus:

63 3609 272 3671 Terribileest
284 3609 507 3674 hominibusde
525 3613 650 3673 mortuis
661 3611 837 3673 homiuibus
857 3631 888 3674 se
906 3612 1069 3692 auceiae..

5 3794 68 3870 Et
84 3813 195 3857 rursus
208 3789 417 3860 Archilochus
424 3789 509 3862 ‘illud
524 3793 716 3862 transferens
731 3793 955 3864 Homericum:
979 3717 1068 3794 [imi

135 3921 210 3988 tum
223 3921 310 3986 lesus
323 3964 331 4001 ,
346 3943 401 3986 nec
417 3945 472 4005 ego
486 3945 542 4006 pro
558 3923 661 3988 multis
675 3928 750 3988 terre
763 3945 884 4000 rccus03
