2738 4628
425 271 551 316 couraa
573 271 723 314 annaeus.
818 247 820 250 ’
1050 245 1088 311 15

64 419 150 488 qaam
166 417 175 458 :
192 391 355 484 perlectus
369 403 484 460 autem
504 391 615 469 homo,
636 391 820 460 commixtio
838 403 871 457 et
886 391 1029 460 adunitio
1045 405 1093 458 est

16 503 18 536 ³
64 509 168 574 animae
177 502 368 570 assumentis
378 500 537 592 Spiritum
548 502 660 578 Patris,
674 515 707 568 et
717 502 857 568 admixta
867 503 897 569 ei
910 503 1013 578 carni,
1024 526 1095 591 que

16 607 18 688 ᾖ
62 625 104 679 est
122 611 274 703 plasmata
298 612 482 678 secundum
504 611 676 701 imaginem
701 611 772 679 Dei.
797 610 931 700 Propter
952 612 1042 701 quod
1063 623 1095 676 et

16 711 18 796 s
62 723 223 814 Apostolus
233 723 300 789 ait:
314 721 531 812 Sapientiam
542 723 709 810 loquimus·
720 724 809 788 inter
816 723 1012 812 perfectos¹,
1026 747 1096 814 per-

18 819 22 861 l
63 836 155 902 lectos
165 833 276 900 dicens
290 856 347 902 eos
360 833 417 925 qui
429 844 642 923 perceperunt
652 831 807 921 Spiritum
819 832 890 909 Dei,
902 846 934 898 et
944 834 1094 902 omnibus

61 945 168 1035 linguis
182 943 361 1034 loquuntur
375 967 435 1034 per
449 943 605 1033 Spiritum
618 944 691 1020 Dei,
704 943 973 1033 quemadmodum
985 946 1094 1036 etipse
1201 1029 1203 1038 Ι

60 1059 257 1146 loquebatur.
282 1054 567 1136 Quemadmodum
590 1067 624 1122 et
644 1053 763 1124 multos
784 1055 962 1122 audivimus
982 1056 1093 1122 fratres

61 1171 90 1234 in
103 1166 261 1244 Ecclesia,
277 1167 465 1257 prophetica
480 1165 633 1234 habentes
648 1167 852 1244 charismata,
870 1180 904 1234 et
917 1191 975 1258 per
992 1167 1094 1259 Spiri-

60 1292 126 1345 tum
143 1279 300 1344 universis
322 1276 439 1366 linguis
458 1276 636 1366 loquentes.
653 1289 687 1342 et
700 1279 854 1344 absconsa
876 1259 1043 1345 hominum
1060 1279 1094 1343 in

60 1388 262 1456 manifestum
291 1387 507 1476 producentes
535 1387 577 1454 ad
601 1386 781 1464 utilitatem,
805 1400 839 1454 et
861 1390 1011 1477 mysteria
1037 1387 1095 1455 Dei

60 1509 255 1574 enarrantes,
269 1520 351 1585 quos
367 1508 402 1562 et
416 1494 593 1585 spirituales
607 1495 777 1587 Apostolus
793 1509 904 1572 socan
919 1499 1097 1566 secandum

63 1609 339 1698 participationem
360 1606 498 1696 Spiritus
513 1609 680 1674 existentes
695 1607 885 1698 spirituales,
898 1610 955 1676 sed
971 1633 1037 1677 non
1051 1633 1098 1676 se·

64 1719 200 1786 eandam
213 1715 492 1784 defraudationem
506 1727 540 1782 et
553 1717 817 1806 interceptionem
832 1720 950 1796 carnis,
965 1731 999 1786 et
1012 1719 1098 1786 nude

66 1829 124 1895 hoc
136 1829 243 1918 ipsum
257 1824 375 1894 solum.
390 1825 424 1892 Si
436 1827 522 1892 enim
533 1825 742 1893 substantiam
753 1826 844 1896 tollat
854 1827 967 1917 aliquis
982 1829 1098 1905 carnis,

70 1938 165 2015 idest,
181 1935 362 2028 plasmatis,
379 1947 413 2004 et
431 1938 518 2005 nube
533 1937 638 2028 ipsum
652 1935 757 2004 solum
771 1937 918 2027 spiritum
933 1937 1097 2029 intelligat,

77 2049 131 2131 iarn
144 2070 206 2115 non
227 2043 403 2136 spiritualis
423 2045 520 2113 homo
538 2054 599 2124 est,
618 2045 706 2136 quod
726 2058 774 2113 est
796 2027 875 2125 tale,
894 2049 950 2115 sed
972 2049 1099 2138 spiritus

80 2157 209 2234 hominis,
230 2167 291 2222 aut
313 2154 451 2246 Spiritus
467 2155 539 2222 Dei.
564 2155 649 2222 Cum
665 2168 774 2223 autem
790 2155 926 2246 Spiritus
942 2157 997 2225 hie
1015 2181 1102 2224 com-

22 2341 23 2358 ,
75 2265 307 2333 munanimae
319 2265 430 2330 unitur
440 2263 600 2354 plasmati,
612 2274 744 2355 propter
757 2264 945 2334 effusionem
953 2265 1099 2356 Spiritus,

20 2359 23 2446 l
72 2375 231 2466 spiritualis
247 2387 283 2442 et
298 2375 461 2466 perlectus
476 2374 577 2441 homo
594 2374 697 2442 factus
713 2385 762 2442 est
776 2365 786 2440 ἑ
804 2388 836 2443 et
852 2374 906 2444 hic
920 2388 968 2442 est
984 2379 1038 2467 qui
1053 2401 1103 2444 se-

56 2487 205 2554 ·cundum
216 2486 392 2576 imaginem
402 2497 436 2552 et
446 2483 687 2553 similitudinem
699 2483 801 2552 lactus
812 2495 861 2552 ast
871 2484 941 2553 Dei.
953 2485 987 2552 Si
998 2497 1103 2554 atatem

69 2597 199 2665 desuerit
211 2597 330 2663 animae
345 2594 495 2684 Spiritus,
511 2592 655 2661 animalis
670 2605 719 2661 est
734 2617 821 2672 rere,
837 2595 893 2684 qui
908 2607 956 2662 est
975 2592 1057 2675 talis,
1073 2608 1106 2663 et

18 2689 19 2720 ¹
69 2705 198 2774 carnalis
213 2697 388 2772 derelictus
404 2701 607 2792 imperfectus
621 2702 704 2769 erit:
719 2703 890 2793 imaginem
903 2704 1033 2794 quidem
1044 2703 1104 2774 ha·

16 2893 17 2902 χ
69 2821 144 2885 heus
165 2816 200 2884 in
221 2815 393 2906 plasmate,
417 2810 656 2880 similitudinem
679 2834 754 2880 vero
775 2837 841 2882 non
862 2838 1025 2884 assumens
1046 2839 1104 2906 per

16 2993 17 2998 ,
70 2927 231 3016 Spiritum.
256 2924 350 2992 Sicut
371 2935 480 2991 autem
496 2922 551 2991 hic
570 2924 774 3014 imperfectus
789 2937 853 3000 est;
871 2927 919 2994 sic
942 2928 1060 2994 iterum
1079 2930 1103 2994 si

71 3039 140 3126 quis
155 3035 243 3104 tollat
259 3035 446 3124 imaginem,
458 3047 490 3100 et
501 3045 629 3124 spernat
639 3033 771 3124 plasma,
786 3035 851 3124 jam
863 3059 928 3103 non
942 3034 1105 3104 hominem

72 3145 245 3236 intelligere
259 3155 378 3237 potest,
395 3144 521 3211 sedant
536 3153 659 3234 partem
674 3141 812 3232 aliquam
823 3144 977 3221 hominis,
993 3168 1105 3234 quem-
1155 3221 1157 3227 y

72 3256 244 3324 admodum
261 3253 478 3346 praediximus,
495 3253 544 3321 rel
558 3252 646 3321 aliud
660 3253 780 3342 aliquid
798 3266 915 3343 praeter
929 3254 1101 3345 hominem.

76 3367 179 3456 Neque
190 3367 279 3434 enim
295 3364 464 3455 plasmatio
479 3364 582 3432 carnis
598 3365 663 3454 ipsa
679 3364 905 3458 seeundumse
921 3363 1019 3433 horno
1036 3392 1106 3457 per-

76 3476 172 3542 lectus
192 3488 260 3551 est;
284 3475 342 3542 aed
363 3497 481 3565 corpus
500 3474 651 3550 hominis,
673 3481 708 3539 et
730 3495 802 3562 pars
823 3473 970 3540 hominis.
997 3475 1105 3567 Neque

82 3586 158 3651 enim
171 3597 205 3651 et
222 3583 330 3652 anima
345 3585 414 3674 ipsa
433 3582 610 3650 secundum
628 3604 663 3648 se
679 3581 795 3657 homor
811 3583 869 3648 aed
882 3585 986 3652 anima
1001 3585 1106 3654 homi-

86 3695 137 3770 nis,
152 3707 266 3784 etpars
278 3682 429 3762 hominis.
449 3691 558 3782 Neque
574 3691 711 3782 Spiritus
726 3691 821 3760 homo
833 3715 842 3757 τ
856 3691 992 3783 Spiritus
1008 3698 1105 3772 enim,

90 3814 115 3866 et
127 3824 185 3869 non
205 3803 306 3871 homo
322 3814 467 3872 vocatur.
494 3801 685 3871 Commiatio
701 3813 806 3870 autem
826 3815 857 3869 et
876 3803 976 3872 unitio
992 3803 1108 3872 horum

117 3929 124 3962 ¹
135 3947 143 3978 r
154 3931 209 3982 Gor.
220 3951 248 3994 u,
257 3931 284 3982 6.
