2574 4628
354 198 557 246 eononrnrro
581 195 622 242 sn
645 196 775 244 cerrus.
1020 175 1075 260 167

46 315 146 392 teria,
156 325 189 383 et
201 314 403 392 convivie„et
414 316 495 384 risus
506 317 590 384 inter
603 315 731 408 poculo,
742 337 842 407 queen
853 314 964 385 vestris
974 327 1081 383 tuoto·

43 428 139 494 ribus
153 423 266 492 nullibi
281 447 348 492 non
362 425 632 516 perstringuntur,
651 422 818 515 impellunt
831 443 895 500 me,
907 420 983 489 lieet
998 422 1080 490 invi-

46 549 117 604 tum
137 547 170 602 et
191 547 298 623 tacere
317 535 515 624 cupientem,
538 547 573 600 ut
593 531 768 601 exclamem
788 531 840 598 :0
861 530 1076 620 impietatemt

45 645 175 716 edun
184 647 385 714 convertistis
400 646 434 712 in
450 668 590 720 scenam.
606 657 752 713 sanctum
768 643 827 710 Dei
841 666 960 732 numen
971 639 1078 709 fabulo

46 758 137 826 vobis
154 768 216 833 est,
233 755 333 845 idque
354 755 508 846 impositis
526 754 756 822 demoniorum
774 752 914 842 personis
928 749 1077 818 ludifice-

44 865 139 945 u'nii,
160 889 337 954 suumque
353 867 423 956 ejus
439 863 562 934 cultum
580 877 683 932 vestro
696 864 916 956 superstitione
930 861 1075 940 deriden-

47 979 123 1051 dum
137 980 180 1046 ub
196 979 347 1048 cnutus
362 976 528 1067 exponitis.

123 1141 268 1202 ueremur
279 1141 340 1216 ille,
352 1141 465 1202 cithare
473 1141 583 1217 ludens,
593 1143 711 1222 incoepit
722 1141 842 1223 pulchre
854 1157 965 1200 canere.

52 1295 132 1366 done
145 1299 237 1366 nodis
250 1298 275 1378 ¹,
292 1299 445 1377 Homero,
461 1299 627 1390 puichrem
640 1298 727 1368 illam
742 1296 955 1384 eontilenmy:

124 1454 227 1514 {erdo
237 1412 387 1527 eruorem,
398 1439 577 1536 prdeirreqne
589 1427 733 1516 eoronutae
742 1455 876 1532 Veneris,

124 1559 164 1615 Ut
178 1555 308 1633 primum
319 1554 470 1618 commixti
483 1568 550 1614 sunt
558 1555 680 1616 Vulcani
694 1555 725 1614 iu
738 1554 828 1616 domu

124 1656 221 1719 cun:
233 1656 363 1735 plurima
371 1655 556 1717 autemdedit
563 1699 573 1732 ‚
588 1656 753 1737 tectumque
764 1652 931 1736 deturpavit
943 1663 973 1712 et
980 1648 1077 1712 cubito

127 1755 246 1816 volem
256 1755 345 1836 regis.
366 1795 376 1814 .
398 1799 405 1816 .
425 1797 435 1816 .

63 1903 182 1982 bonine,
196 1927 309 1994 queso,
326 1903 532 1984 cantilenam,
547 1907 694 1975 Homero.
713 1907 841 1975 Minime
854 1905 983 1996 quidem
997 1903 1069 1995 pul-

66 2013 139 2084 chro
154 2025 199 2080 eu
218 2037 227 2079 t
247 2015 335 2080 docet
357 2014 444 2081 enim
464 2012 751 2108 adulteriumque
772 2015 821 2082 vel
842 2038 932 2083 eures
947 2026 1069 2082 nostros

67 2123 219 2212 inquinare
239 2121 339 2213 religio
361 2135 420 2188 est.
438 2121 555 2190 Sumus
570 2124 656 2190 enim
676 2147 747 2202 nos,
763 2147 870 2192 sumus
884 2125 938 2214 qui
960 2126 993 2192 in
1007 2124 1071 2192 hoe

65 2233 190 2323 spirante
202 2245 235 2297 et
247 2244 394 2298 movente
409 2229 593 2309 simulacro,
609 2231 750 2298 humano
765 2231 910 2300 videlieet
923 2254 1068 2322 corpore,

63 2339 307 2409 contubernalem
322 2341 429 2416 nohis,
447 2339 684 2418 consultricem,
700 2341 831 2419 sociam,
846 2351 879 2408 et
893 2353 1072 2410 consortem

60 2451 131 2526 rite,
145 2473 277 2540 queque
292 2447 462 2538 participet
473 2461 597 2517 nostros
610 2447 755 2527 effeetus,
767 2462 800 2517 ot
809 2447 868 2540 pro
879 2451 971 2519 nobis
982 2473 1072 2518 eom-

56 2573 196 2638 moretur,
211 2561 390 2652 imaginem
404 2557 463 2624 Dei
478 2559 739 2626 circumferimus.
758 2559 874 2626 Christi
888 2561 987 2650 gratie
1002 2559 1069 2628 Deo

56 2671 210 2738 moscenti
225 2691 353 2737 sumus.
366 2667 451 2735 Nos«
463 2689 561 2758 genus
572 2666 721 2747 electum,
729 2668 832 2760 regule
844 2669 1068 2748 secerdotium,

57 2805 145 2873 egens
164 2793 292 2857 uncta,
315 2776 451 2869 populus
466 2801 562 2868 quem
580 2779 638 2846 sibi
657 2779 741 2847 Deus
755 2792 791 2846 ut
810 2782 975 2873 proprium
991 2807 1069 2850 ven-

57 2889 163 2968 rdicat,
184 2890 239 2982 qui
266 2888 433 2978 quendem
452 2882 520 2953 ¹non
537 2887 684 2978 populus,
701 2911 786 2957 nune
804 2903 911 2958 eutem
931 2891 1067 2984 populus

57 2999 290 3067 ritei²rsumus
306 3021 315 3063 z
330 2997 398 3086 qni,
412 3008 447 3062 ut
457 2995 660 3075 uitJoonnes,
676 3020 854 3066 nonsumns
864 3023 906 3066 ero
916 2999 1064 3088 inferie⁸,

56 3109 101 3176 sed
113 3112 150 3176 eb
169 3134 208 3177 eo
225 3110 294 3198 qui
306 3131 445 3197 superne
457 3107 568 3173 oeuit⁸
585 3107 698 3175 omniu
714 3108 881 3177 didicimus
891 3109 921 3176 ⁸:
941 3111 995 3200 qui
1009 3109 1068 3179 Dei

57 3217 308 3308 dispensationem
320 3216 481 3306 cognitam
492 3229 586 3306 atque
599 3229 795 3308 perspectum
806 3218 982 3286 hebernus:
1000 3223 1066 3312 qui,

58 3327 186 3418 denique,
198 3329 241 3395 od
250 3327 289 3395 id
301 3349 412 3394 snmus
426 3326 565 3403 exerciti,
578 3337 614 3392 ut
624 3327 661 3392 in
672 3327 821 3394 novitate
829 3327 910 3394 vite
923 3327 1068 3398 ambute-

61 3439 149 3506 Μ’.
163 3439 258 3506 Haud
274 3451 387 3503 tumen
408 3435 520 3502 eodem
535 3437 642 3503 enimo
662 3449 736 3503 sunt
750 3435 855 3506 effecti
869 3457 980 3529 magno
995 3462 1067 3530 pars
1111 3489 1118 3502 .

60 3546 219 3629 hominum,
235 3549 309 3626 sed,
329 3559 419 3615 metu
435 3547 521 3615 omni
535 3559 629 3638 utque
647 3547 769 3638 pudore
785 3547 944 3639 depositis,
962 3563 1068 3643 turpes
1107 3631 1114 3654 ι

84 3695 431 3764 ¹tiden.euittun‚p.380.
568 3667 573 3676 .

83 3769 112 3820 ιι
122 3773 220 3846 Petri.
230 3789 257 3840 9,
272 3771 377 3824 ro.-⁸
392 3773 466 3827 torn.
477 3771 576 3841 Errng.
587 3786 644 3836 eru,
658 3771 696 3824 ιδ.
710 3800 740 3812 -
750 3773 760 3808 ⁸
770 3771 877 3839 ididrn,
890 3775 928 3830 δι.
942 3777 993 3821 -·⁸
1003 3775 1065 3829 tttd.

61 3859 88 3906 ιι,
101 3849 134 3898 rt.
146 3875 176 3890 ·-
185 3847 195 3883 ⁸
204 3849 287 3900 Rern.
297 3863 331 3912 rr,
343 3846 369 3906 4.
