2412 4596
228 249 274 332 61,
542 267 715 321 numurus
739 271 951 324 munuum

227 395 385 464 Praeterea
399 389 499 484 legale
511 395 640 484 quidem
655 395 696 462 ad
715 393 970 488 generationem,
980 393 1181 486 politicum

231 504 272 572 ad
283 503 452 572 amicitiam
466 515 499 571 et
513 505 722 572 concordiam
737 508 917 596 pertinere,
930 507 1006 574 dicit
1019 507 1129 596 adjutu
1144 518 1148 541 ¹

229 597 317 680 unde
330 613 466 704 Legibus
484 613 615 703 quidem
624 611 724 691 eum,
747 617 802 706 qui
817 629 865 683 est
880 617 913 682 in
934 616 1128 706 Epinomide,
1152 652 1153 659 ¹
1189 628 1193 637 '

229 722 366 812 sophum
378 723 564 814 conjrmxit,
585 725 639 815 qui
650 725 738 793 novit
754 727 904 792 transitus
919 726 1022 794 omnis
1035 749 1137 816 genera
1144 758 1163 779 ··
1179 725 1195 761 '¹

215 826 300 922 'quae
314 831 351 898 fit
366 856 424 922 per
435 834 573 902 errantia
587 857 596 900 a
613 832 839 935 philosophum
855 847 962 906 autem
983 834 1077 904 adum
1090 837 1141 903 Tu
1153 872 1165 893 ·-

229 941 285 1032 qui
295 955 344 1008 est
354 955 388 1008 ct
398 941 607 1012 Astronomiae
624 945 764 1034 peritus,
779 943 951 1013 utiliorum
962 957 1167 1022 mommo

231 1063 356 1142 qtraeest
366 1053 452 1122 inter
461 1077 513 1131 se,
526 1053 768 1122 consensionem
779 1066 812 1121 et
823 1055 1011 1122 societatem
1020 1078 1079 1122 con
1097 1086 1100 1093 ·
1115 1086 1143 1111 ιιι
1193 1098 1195 1101 -

232 1162 397 1252 conjungit
410 1160 500 1229 libris
517 1163 556 1230 de
567 1161 752 1252 Republica.
769 1163 857 1230 Finis
871 1165 960 1230 enim
977 1177 1046 1242 est,
1061 1177 1094 1229 ut
1109 1196 1112 1203 ·
1129 1165 1167 1220 t«.

230 1282 264 1339 et
278 1270 402 1338 Politici
413 1323 422 1349 ,
435 1283 469 1338 ct
484 1273 553 1361 ojus
568 1273 623 1360 qui
634 1271 750 1362 exlege
766 1273 859 1350 vivit,
876 1273 1107 1364 contemplatio.
1124 1274 1175 1342 Na»

231 1391 280 1446 cst
298 1404 374 1471 orgo
388 1381 548 1449 civitatum
562 1394 649 1448 recte
665 1381 903 1449 administrare:
924 1385 1081 1473 optimum
1093 1395 1133 1450 est

232 1487 457 1581 philosophari.
483 1491 547 1572 Qui
571 1492 657 1558 enim
672 1491 771 1580 sepit,
794 1492 899 1559 omnia
918 1517 975 1560 suu
998 1493 1039 1560 ad
1055 1494 1160 1584 segur>

232 1599 318 1665 vivet
334 1599 491 1678 referens,
515 1600 611 1667 vitam
635 1600 764 1690 quidem
784 1623 875 1668 suam
898 1601 991 1669 bonis
1005 1601 1091 1669 sactis
1112 1634 1125 1659 ιι
1157 1648 1163 1657 «

233 1732 305 1798 quse
320 1719 426 1778 sutem
436 1720 512 1775 sunt
526 1709 684 1776 contrarie
693 1709 887 1800 despiciens,
905 1719 938 1776 et
950 1760 960 1787 ‚
973 1710 1090 1801 quaead
1100 1735 1133 1777 ra
1144 1711 1163 1759 '·

233 1803 616 1907 conserunt,⁶discipliuas
632 1841 835 1908 persequens.
855 1817 922 1886 Lex
936 1831 1044 1886 autem
1054 1831 1116 1895 est,
1128 1841 1171 1885 nou

163 1951 166 1958 ·
234 1949 305 2016 quae
327 1925 396 2017 loge
415 1927 634 2022 decernuntur
660 1927 747 2014 (nam
761 1950 824 2001 nec
838 1939 913 1993 sunt
933 1951 990 2006 ca,
1013 1949 1082 2017 qum
1109 1962 1134 1983 ¹1
1191 1968 1195 1975 ι

232 2035 345 2126 visus),
366 2060 471 2126 nequo
481 2037 597 2126 quaevis
609 2037 716 2126 opinio
732 2035 908 2123 (nonenim
923 2059 962 2104 ea
977 2057 1173 2127 quoque,quz

232 2143 351 2236 mula),
368 2146 424 2212 scd
437 2143 488 2212 lex
502 2157 551 2212 est
564 2146 671 2236 opinio
687 2147 794 2213 bona:
815 2147 897 2213 bona
919 2157 969 2212 est
991 2159 1112 2222 autem.
1128 2167 1182 2234 qn

233 2277 329 2322 vera:
348 2278 420 2322 vera
434 2267 482 2321 est
498 2266 623 2333 autem,
636 2279 707 2345 quse
722 2255 774 2332 id,
791 2255 870 2343 quod
880 2268 924 2320 est
938 2255 1078 2334 invenit,
1093 2253 1148 2322 ut

233 2364 361 2454 quitur:
377 2364 440 2447 Qui
454 2377 499 2431 est
513 2377 630 2443 autem,
647 2363 731 2430 misit
744 2387 792 2430 mc
806 2363 818 2398 ¹
835 2413 848 2442 ,
867 2363 1096 2454 inquitMoscs.
1112 2363 1168 2429 cu

233 2485 423 2564 sequenter,
439 2475 531 2542 house
545 2472 666 2542 scilicet
679 2473 838 2564 opinioni,
854 2473 987 2562 quidam
1003 2473 1136 2540 dixerint
1159 2514 1173 2547 ι,

233 2605 302 2648 esse
316 2595 437 2650 rectam
447 2585 621 2660 rationem,
634 2605 704 2673 quac
721 2583 813 2672 jubet
832 2581 963 2671 quidem
974 2605 1032 2659 en,
1049 2606 1112 2671 qun
1123 2589 1173 2647 ssd

233 2690 345 2760 cienda
351 2717 360 2767 ;
377 2693 526 2782 prohibet
544 2704 672 2769 autem,
690 2715 761 2782 quse
772 2715 837 2758 non
852 2703 927 2757 sunt
941 2690 1091 2759 facienda.

278 2799 370 2866 Unde
386 2802 501 2869 merito
513 2802 635 2869 dictum
651 2813 717 2879 est,
734 2800 851 2891 Legem
866 2801 977 2868 datam
993 2825 1060 2868 esse
1074 2823 1122 2891 per
1137 2840 1146 2855 t
1158 2834 1170 2849 «ν

235 2919 272 2974 ut
281 2933 352 2997 qum
364 2909 404 2976 sit
419 2910 526 3001 regula
536 2913 695 3002 justorum
706 2922 738 2975 et
750 2911 961 3000 injustorum:
975 2923 1010 2976 et
1020 2935 1087 2977 eam
1104 2944 1108 2967 ι
1133 2944 1150 2963 ··

234 3031 332 3108 θεσμόν
344 3020 514 3088 dixerimus
526 3071 534 3097 ‚
547 3043 618 3110 quae
633 3045 652 3087 a
668 3019 735 3086 Deo
750 3041 807 3108 per
820 3019 929 3084 Mosen
949 3031 999 3084 est
1014 3015 1167 3085 traditadt

234 3151 298 3217 que
314 3128 353 3196 ad
367 3129 470 3196 Deum
487 3127 626 3196 deducit.
644 3128 729 3196 Dicit
745 3139 850 3194 autem
869 3125 988 3194 Paulus
1009 3119 1178 3219 quoquezt'

236 3264 250 3300 s
257 3249 388 3328 propter
400 3237 673 3328 praevaricationes
687 3249 734 3302 est
748 3236 869 3325 posita,
890 3235 995 3303 donec
1015 3236 1124 3304 veniret
1145 3272 1150 3285 τ

237 3348 311 3414 »cui
326 3347 516 3437 promissum
536 3358 594 3412 cst.
613 3374 627 3409 s
647 3347 752 3427 Quam
773 3345 961 3412 sententiam
979 3357 1015 3410 ut
1030 3343 1137 3434 plonius
1150 3368 1166 3391 .-
1188 3346 1191 3353 *

238 3468 343 3533 curet,
359 3456 464 3523 statim
475 3455 570 3522 insert
585 3479 593 3520 :
615 3455 825 3545 «Priusquam
839 3465 945 3520 autem
959 3454 1076 3520 veniret
1088 3449 1161 3522 fids,

236 3563 340 3654 »Lego
355 3563 632 3641 custodiebamur,
651 3561 810 3638 conclusi,
827 3561 934 3627 timore
949 3560 1100 3627 scitisne
1180 3590 1181 3593 ¹

216 3671 290 3754 'sin
302 3695 373 3739 eam
388 3672 506 3750 fidem,
523 3695 593 3761 quae
604 3685 672 3740 crat
684 3669 850 3738 revclaudu
867 3695 875 3736 t
893 3693 990 3758 quare
1001 3671 1059 3737 Lex

237 3785 366 3847 inoster
386 3783 446 3849 suit
470 3782 503 3849 iu
531 3781 711 3858 Christum,
738 3792 775 3846 ut
794 3803 834 3846 ex
854 3779 918 3850 fide
939 3772 1165 3874 justificemus
1180 3778 1191 3819 s

271 3899 869 3988 diffisi·⁸³2¹3·:'fi¹¹¹!·¹²¹v¹⁹r²³s²⁴·
