2532 4608
346 315 536 363 srsousruu
559 315 620 362 ιιι.
648 317 702 362 vrr.
989 291 1052 359 565

33 432 153 506 niodum
170 450 217 506 est
232 431 363 517 c'nutus,
382 461 425 508 ne
442 441 522 506 forte
540 463 604 506 nou
619 436 831 528 intelligatur,
853 449 908 504 sut
926 459 1055 506 necom-

32 547 160 614 modstio
175 547 230 614 dot
244 545 374 615 tandem
386 549 558 638 dispositio.

26 709 30 718 .
70 655 150 722 Xdss.
173 657 343 745 Nunquam
362 658 508 723 meminit
528 680 658 733 eorum,
679 656 786 745 quiin
808 679 842 722 se
862 667 1056 745 peccarunt,

27 764 83 830 scd
92 765 132 830 eis
147 765 277 834 remittit
292 791 300 831 ι
315 761 467 854 quocircsi
478 766 563 854 juste
577 766 672 832 etiam
685 777 773 843 oret,
791 765 846 830 ubi
862 765 958 840 dicit,
975 765 1058 830 ‹Dr-

25 873 131 939 »mitte
151 856 263 950 nobis,
287 897 362 941 nam
385 895 443 939 nos
464 895 592 967 quoque
616 874 803 939 dimittimus
816 872 840 937 ¹.
862 901 875 934 s
896 872 976 939 Num
994 871 1058 938 hoe

24 1004 143 1070 quoque
156 1002 254 1048 unum
266 994 366 1048 estex
380 983 417 1048 iis
433 979 504 1071 qum
515 981 584 1048 vult
597 982 702 1058 Deus,
719 979 798 1047 nibil
809 981 1039 1068 concupiscere
1047 984 1057 1056 3

25 1087 144 1156 nudum
166 1090 287 1158 habere
309 1087 382 1156 odio
402 1112 411 1156 t
430 1091 523 1156 unius
547 1090 634 1156 euim
654 1087 823 1168 voluntatis
846 1111 925 1178 opus
948 1083 1058 1154 omnes

23 1195 171 1264 homines.
203 1195 321 1266 Annon
343 1209 450 1266 eutem
472 1198 660 1264 Gnosticum
681 1195 788 1264 volens
804 1199 968 1288 perfectum
989 1219 1060 1262 esse

23 1305 165 1372 Servatur
180 1317 306 1384 noster,
322 1306 400 1373 sicut
414 1307 539 1372 Patrem
555 1307 698 1372 celestem
709 1305 740 1382 ²,
757 1306 820 1375 boc
839 1319 887 1389 est
902 1305 1057 1393 scipsum,

23 1413 128 1480 dicens
142 1437 150 1478 ε
166 1412 198 1476 V
197 1413 288 1491 enite,
300 1414 376 1503 filii,
389 1413 492 1481 audite
502 1437 522 1480 a
532 1439 579 1480 me
591 1413 727 1480 timorem
738 1413 868 1480 Domini
877 1411 902 1490 ⁵,
915 1437 980 1479 non
992 1411 1060 1478 vult

22 1521 108 1588 bunc
119 1521 249 1610 amplius
261 1546 341 1613 opus
352 1523 472 1590 babere
483 1522 600 1590 auxilio
617 1524 704 1613 quod
720 1523 814 1590 detur
827 1545 887 1612 per
901 1519 1057 1610 Angelos,

23 1629 76 1694 sed
91 1653 107 1694 a
122 1630 225 1720 scipso
241 1651 315 1696 cum
337 1631 449 1721 dignus
465 1633 599 1698 evaserit
614 1633 779 1719 accipere,
799 1641 832 1694 et
848 1654 865 1695 a
882 1631 984 1718 seipso
999 1629 1061 1696 bo-¹

23 1737 92 1802 bere
113 1739 294 1826 presidium
318 1763 376 1828 per
398 1739 636 1806 obedientiam?
660 1740 724 1819 Qui
742 1737 813 1805 tulis
835 1750 903 1813 est,
925 1735 1020 1825 exigit
1041 1763 1059 1805 a

23 1845 172 1920 Domino,
188 1868 253 1910 non
267 1847 349 1934 petit
369 1869 377 1912 t
395 1859 429 1912 et
443 1848 598 1936 siegeent
624 1846 754 1922 fratres,
770 1869 835 1911 non
854 1855 941 1933 petet
961 1845 1060 1911 Gnos-

23 1951 116 2028 ticu's,
131 1953 274 2039 pecuniae
290 1953 395 2043 copias
408 1955 544 2043 quassis
563 1954 764 2042 impertiatur
778 1976 786 2018 ι
804 1953 861 2018 sed
876 1953 1060 2041 precabitur

23 2055 78 2124 diis
100 2059 294 2149 suppeditari
321 2085 358 2128 ea
386 2063 501 2150 quibus
528 2061 680 2152 indigent.
709 2062 789 2130 Nam
815 2062 860 2128 sic
888 2063 943 2128 dat
964 2061 1060 2127 ctiam

23 2167 188 2234 Gnosticus
209 2192 320 2258 preces
346 2170 382 2234 iis
408 2171 462 2258 qui
482 2167 644 2258 indigent,
663 2181 696 2235 et
715 2193 781 2234 non
802 2193 860 2258 per
879 2191 990 2258 preces
1010 2169 1061 2234 in-

23 2276 155 2342 scienter
177 2276 272 2344 simul
293 2280 414 2367 praebet
435 2289 467 2345 et
482 2276 676 2367 simpliciter.
694 2279 735 2344 Et
747 2289 915 2368 paupertas
931 2279 1060 2366 quidem

23 2407 99 2478 sepe
126 2393 159 2450 et
184 2388 336 2466 morbus,
361 2384 501 2476 talosque
527 2385 717 2452 tentationes
741 2385 812 2452 ioco
835 2386 1061 2451 admonitionis

23 2494 206 2580 praebentur
219 2494 251 2560 in
267 2496 498 2561 correctionem
510 2494 765 2583 preteritorum,
782 2505 815 2558 et
831 2494 872 2560 ed
887 2517 997 2559 curam
1014 2494 1066 2560 su-

23 2623 175 2668 nrorum.
193 2603 256 2683 Qui
268 2615 316 2668 est
327 2604 505 2692 ejusmodi,
522 2611 610 2692 petet
623 2614 658 2667 ut
670 2602 703 2669 bi
715 2599 940 2675 subleventur;
961 2603 1066 2690 utqui

23 2710 131 2774 tabeat
144 2710 295 2777 eximium
309 2712 497 2802 cognitionis
511 2735 629 2777 munus
643 2734 711 2777 uon
727 2711 761 2777 in
776 2733 892 2778 venem
907 2709 1062 2800 glorium:

23 2839 128 2882 rerum
140 2818 254 2885 exhoc
269 2820 338 2908 ipso
352 2821 440 2910 quod
454 2819 494 2885 sit
510 2820 702 2895 Gnosticus,
719 2831 845 2886 exercet
856 2821 924 2908 ipse
941 2818 1066 2885 benefi‘-

23 2925 178 3002 :cntiam‚
195 2928 298 3013 utqui
313 2927 416 2996 factus
434 2929 473 2995 sit
489 2927 740 2996 instrumentum
753 2928 812 2994 Dei
827 2928 989 2994 honitatis.
1009 2924 1067 2993 Di-

23 3043 97 3097 :uut
115 3044 223 3098 autem
238 3033 271 3100 in
285 3035 524 3112 traditionibus,
540 3035 709 3104 Matthiem
726 3035 915 3125 Apostolum
929 3035 1067 3102 subinde

23 3140 133 3205 dixisse
154 3165 162 3206 :
182 3139 247 3208 «Si
269 3139 362 3208 electi
384 3144 505 3210 vicinus
527 3146 728 3234 peccaverit,
752 3144 894 3234 peccavit
920 3142 1064 3211 electus:

30 3272 114 3315 nam
131 3250 157 3314 si
174 3273 207 3315 se
219 3251 261 3315 ita
275 3251 421 3340 gessisset
434 3263 469 3315 ut
482 3252 575 3340 jubet
590 3254 714 3342 Logos,
730 3254 800 3341 ejus
814 3253 910 3319 vitem
926 3253 968 3319 itn
984 3266 1066 3319 esset

31 3358 195 3424 reveritus
215 3358 337 3424 ricinus
359 3371 395 3424 ut
415 3383 480 3424 non
501 3372 702 3449 peccasset.»
722 3361 810 3442 Quid
828 3383 905 3450 ergo
920 3360 1063 3427 dicemus

23 3468 51 3532 ie
68 3465 254 3534 Gnostico?
269 3468 325 3534 An
343 3468 481 3544 nescitis,
498 3469 600 3558 inquit
618 3469 808 3559 Apostolus,
826 3468 908 3556 'quod
924 3472 1064 3557 temptum

23 3575 76 3640 >et
86 3577 163 3642 estis
174 3575 184 3609 ⁴
195 3577 209 3642 ἱ)
222 3577 355 3644 Divinus
370 3601 448 3668 ergo
462 3590 511 3643 est
522 3579 708 3654 Gnostieus,
728 3591 761 3644 et
776 3580 841 3666 jam
854 3591 997 3657 sanctus,
1010 3582 1064 3669 qui

23 3687 120 3751 teum
138 3685 201 3752 sert
219 3699 252 3753 et
272 3690 312 3755 ab
328 3710 367 3754 ec
380 3686 523 3756 effletur.
541 3687 615 3754 dam
631 3711 706 3754 vero
721 3687 889 3754 ostendens
901 3689 1064 3780 Scriptura
1130 3709 1136 3716 “

51 3845 58 3870 ¹
72 3849 170 3898 Muttb.
181 3866 223 3913 vr,
242 3865 280 3903 ιι.
300 3855 359 3902 Luc.
371 3871 410 3914 ιι,
434 3857 457 3915 4.
470 3881 501 3890 -
515 3851 616 3901 ’Martis¹
629 3869 659 3912 ι’,
673 3851 713 3913 48.
728 3881 759 3888 -
773 3851 780 3876 ¹
792 3851 855 3902 Psrt.
867 3871 961 3917 xxxxv,
977 3871 1016 3903 ιι.
1030 3881 1063 3892 -

36 3957 47 3988 r
65 3938 130 3990 Cor.
141 3959 187 4004 ιιι,
204 3944 243 3992 rii.
