2478 4594
370 255 562 300 srnouaruu
585 257 646 298 nro.
674 251 715 300 vr.
747 270 750 278 ν
1001 252 1064 319 279

17 388 174 465 praestat,
186 347 441 465 quedelectione
453 375 623 454 Gnostica,
641 399 698 466 per
712 375 903 442 charitatem
911 376 999 463 prius
1016 397 1065 440 ac-

17 486 110 574 cepit
126 485 306 552 Gnosticus.
330 484 446 552 Annon
461 485 547 551 enim
563 485 767 574 peregrinans
788 483 875 572 opud
886 484 1064 558 ,Dominum

16 615 80 681 per
95 617 186 659 suam
202 595 235 660 in
250 617 324 660 eum
338 592 543 670 charitatem,
554 593 678 659 etiamsi
694 593 727 658 in
740 604 824 658 terro
838 593 1066 678 cernaturejus

16 699 291 778 tabernaculum,
308 702 447 791 seipsum
462 701 593 790 quidem
609 724 626 766 a
640 701 706 767 rita
720 723 785 768 non
801 700 909 766 educit
925 700 1007 787 (non
1018 709 1068 764 cst

14 809 110 876 enim
122 810 151 875 ei
168 809 394 899 permittam),
404 809 460 874 sed
472 809 609 876 animem
626 808 781 876 abducite
790 808 989 896 passionibus
1001 807 1067 893 (est

14 917 109 983 enim
136 909 200 983 boc
226 919 255 982 ei
278 919 508 1006 concessum),
527 917 603 982 vivit
629 918 726 982 etiem
751 916 979 1005 cupiditatibus
1001 916 1065 981 suis

15 1037 128 1092 morte
142 1025 284 1102 affectis,
299 1037 331 1091 et
349 1047 484 1114 corpore
503 1047 568 1091 non
590 1023 727 1113 amplius
750 1024 869 1102 utitur,
890 1023 946 1090 sed
961 1022 1065 1090 solum

7 1135 48 1212 ¹ei
64 1134 222 1223 permittit
241 1132 286 1198 uti
302 1133 505 1210 necessariis,
523 1155 564 1199 ne
575 1131 604 1197 ei
620 1134 760 1221 praebeat
783 1152 912 1198 causam
929 1121 1065 1198 dissolu-

7 1242 117 1308 ·tionis
127 1243 144 1307 i
154 1241 326 1324 Quomodo
341 1264 418 1331 ergo
428 1251 477 1308 est
492 1242 521 1307 ei
538 1239 672 1330 amplius
688 1264 769 1330 opus
785 1229 992 1316 fortitudine,
1010 1240 1065 1328 qui

7 1350 53 1438 15¹¹
69 1349 162 1416 maiis
178 1373 242 1416 non
263 1357 425 1426 versetur,
448 1358 482 1414 ut
501 1349 556 1438 qui
573 1373 615 1415 ne
629 1350 670 1415 sit
686 1349 817 1437 quidem
833 1372 991 1437 praesens,
1009 1349 1066 1414 sed

7 1469 112 1548 totus
128 1459 167 1524 sit
182 1481 254 1524 cum
270 1481 310 1523 eo
331 1481 427 1547 quem
444 1457 568 1547 diligiti
592 1457 672 1538 Quis
698 1481 776 1524 vero
795 1469 844 1524 est
869 1459 967 1527 etiem
989 1481 1064 1523 usus

7 1567 257 1658 temperantia
269 1589 344 1634 cum
359 1589 397 1634 ea
412 1590 477 1632 nou
493 1566 607 1656 egeat?
621 1565 713 1632 Tales
728 1567 816 1632 enim
831 1565 954 1632 babere
969 1567 1064 1655 cupi-

7 1673 156 1752 ditates,
182 1687 217 1740 ut
231 1676 440 1764 temperantia
462 1697 543 1763 opus
559 1675 599 1739 sit
616 1674 657 1738 ed
670 1697 722 1740 eas
746 1675 960 1749 coercendas,
978 1697 1060 1740 non-

7 1784 99 1850 dum
115 1796 163 1849 est
176 1783 310 1859 mundi,
327 1782 384 1847 sed
394 1783 463 1871 ejus
476 1783 530 1870 qui
543 1781 649 1847 adhuc
658 1794 806 1848 moretur
817 1782 915 1848 enimi
931 1793 1061 1869 pertur-

7 1875 220 1959 bationibus.
238 1890 407 1958 Fortitudo
426 1901 532 1954 autem
556 1881 727 1955 assumitur
743 1900 875 1977 propter
893 1900 1017 1954 metum
1032 1901 1065 1955 et

7 2000 235 2090 timiditatem.
245 1999 371 2066 Nonest
381 1997 466 2063 enim
474 1997 585 2084 utique
592 1996 919 2085 decorum,quodDei
928 1998 1061 2074 amicus,

13 2093 119 2198 q³uem
139 2109 229 2174 Deus
250 2106 483 2195 praedestinarit
503 2115 576 2171 ante
597 2104 709 2170 mundi
728 2105 1007 2180 constitutionem,
1026 2119 1062 2170 ut

14 2216 183 2283 referatur
205 2215 239 2280 in
263 2211 575 2280 summem‘filiorum
597 2212 821 2302 adoptionem,
848 2213 1061 2304 voluptatibus

11 2324 215 2413 subjiciatur
232 2319 279 2387 rel
292 2321 476 2396 timoribus,
502 2331 534 2386 et
555 2331 735 2409 occupetur
758 2321 790 2386 in
814 2322 1062 2409 comprimendis

8 2431 121 2499 animi
138 2429 442 2520 perturbationibus.
461 2427 622 2495 Audacter
637 2429 724 2494 enim
735 2427 890 2504 dixerim,
906 2427 1061 2515 quemad-

10 2539 154 2607 modum
176 2537 202 2603 is
217 2549 265 2603 est
287 2537 526 2626 predestinatus
540 2559 600 2626 per
614 2557 651 2601 en
671 2558 742 2623 quse
765 2527 855 2626 aget,
879 2548 911 2600 et
925 2537 959 2602 id
974 2538 1062 2624 quod

11 2658 252 2734 consequetur:
269 2646 312 2710 ita
325 2646 391 2734 ipse
412 2667 568 2734 quoquee
584 2667 618 2710 se
631 2643 972 2734 predestinatum,per
982 2667 1059 2712 eum

11 2777 117 2845 quem
128 2755 294 2843 cognovit,
311 2752 409 2824 habet
423 2775 521 2840 quem
540 2752 670 2818 dilexit:
691 2775 753 2818 noc
768 2747 912 2846 futurum
928 2751 1057 2818 incertis

11 2861 215 2950 conjecturis
235 2860 460 2950 apprehendit,
480 2861 562 2950 sicut
580 2858 725 2949 plerique
744 2861 854 2928 vivunt
876 2855 1061 2949 conjectans

13 2983 87 3045 tes,
105 2968 163 3034 sed
178 2967 344 3056 perfidem
367 2968 569 3044 Gnosticem,
584 2969 710 3057 accepit
732 2968 765 3034 id
786 2968 873 3058 quod
887 2979 935 3034 est
955 2963 1060 3034 ineer-

15 3087 132 3143 tumet
147 3078 321 3142 obscurum
332 3073 400 3140 aliis
412 3098 421 3139 r
431 3087 463 3140 et
475 3099 532 3164 per
548 3076 736 3142 charitatem
747 3077 812 3164 jam
824 3088 871 3141 est
883 3076 1058 3164 ciprrosens

15 3186 54 3252 id
68 3183 158 3274 quod
175 3195 223 3250 est
237 3183 391 3250 futurum.
406 3182 548 3248 Credidit
559 3185 664 3259 enim,
678 3195 711 3248 et
726 3207 783 3272 per
793 3183 992 3272 prophetiam
1003 3235 1012 3259 ,
1025 3197 1060 3250 et

16 3292 382 3384 perproesentiem,Deo
394 3291 449 3379 qui
457 3313 521 3356 non
529 3292 699 3368 mentitur,
711 3283 1059 3380 etbebetidquodcre·

17 3396 1055 3489 didit‚etobtinotpromisaionem:veritoeautemestquipremisit,

16 3521 53 3576 et
68 3507 166 3575 finem
180 3508 395 3599 promissionis
406 3559 414 3584 ‚
425 3519 593 3597 propterea
605 3507 692 3594 quod
706 3507 771 3574 tide
785 3507 898 3596 dignus
911 3508 951 3573 sit
963 3509 988 3574 is
1000 3511 1056 3598 qui

21 3617 171 3708 promisit
180 3668 189 3694 ,
199 3616 333 3682 firmiter
345 3617 467 3705 accepit
477 3639 535 3705 per
541 3615 716 3682 scientium.
729 3616 758 3680 is
766 3627 871 3681 autem
884 3617 1015 3703 quicum
1023 3620 1055 3684 in

21 3749 90 3815 quo
101 3739 149 3790 est
160 3736 295 3800 statum,
309 3725 473 3790 novitesse
484 3701 609 3789 sirmam
618 3722 798 3788 futurorum
806 3724 1058 3812 comprehensie

20 3856 96 3904 uem
108 3882 118 3909 ‚
130 3833 241 3902 futuro
252 3832 395 3900 occurrit
414 3857 471 3922 per
487 3831 685 3901 charitatem.
703 3831 841 3922 ideoque
856 3857 916 3916 uec
934 3835 1057 3926 optabit
