2546 4614
462 371 588 414 cosrna
612 371 751 414 uonruu.
1061 345 1125 424 455

92 494 150 558 sin
174 493 388 570 similitudine,
406 497 509 561 carnis
540 497 679 584 peccati,
708 497 869 561 damnarit
895 507 1064 584 peccatum
1091 493 1123 558 in

92 629 104 660 r
119 623 228 678 cerne,
243 617 278 667 ut
292 603 476 691 justificatio
492 603 569 691 legis
583 603 805 668 ostenderetur
819 603 852 668 in
867 601 972 677 nobis,
985 601 1044 690 ¹qui
1059 622 1124 665 non

90 741 103 772 s
117 712 292 778 secundum
305 735 434 779 carnem
447 709 724 787 ambulamus,sed
734 711 911 778 secundum
919 709 1116 800 Spiritumb»

91 819 223 900 Qualem
250 823 345 911 igitur
368 820 485 887 Filium
508 845 601 887 snum
619 822 704 887 Deus
727 844 928 909 peromnem
944 821 1042 897 misit,
1063 820 1123 886 nisi

90 930 243 1005 Verbum,
261 932 348 1018 quod
363 955 381 996 a
397 931 554 1020 principio
569 929 691 998 scilicet
704 929 820 996 Filium
837 929 972 1005 vocarit,
989 930 1062 1017 quie
1076 928 1124 993 su·

88 1053 195 1105 turum
207 1051 276 1106 erat
291 1052 328 1104 ut
344 1052 450 1106 ortum
465 1041 662 1128 cuperetiet
674 1063 749 1106 eum
765 1039 1018 1115 Filinsrocntur,
1032 1063 1123 1105 com·
1222 1091 1226 1098 .

88 1173 184 1214 mune
204 1173 321 1215 nomen
339 1151 456 1214 amoris
475 1172 549 1238 erge
568 1150 714 1216 homines
732 1149 838 1214 sumit.
858 1149 922 1216 Nec
939 1148 1026 1213 enim
1042 1147 1123 1215 Ver-

1 1277 3 1292 ²
88 1263 164 1326 bum
180 1281 237 1348 per
253 1282 285 1324 se
297 1272 331 1325 et
346 1261 413 1326 sine
429 1281 525 1326 carne
540 1260 700 1348 perfectus
716 1259 814 1326 Filius
828 1271 908 1335 erat,
925 1281 998 1325 eum
1015 1270 1122 1324 tamen

86 1382 166 1434 esset
189 1368 365 1456 perfectum
385 1367 541 1444 Verbum,
567 1370 757 1458 unigenitus.
784 1371 894 1458 Neque
916 1392 990 1436 cero
1010 1393 1067 1458 per
1088 1392 1123 1436 se

1 1561 6 1582 Ι
85 1479 152 1542 sine
173 1477 280 1543 Verbo
299 1479 470 1544 subsistere
489 1491 625 1569 poterut,
645 1482 717 1567 quia
742 1479 773 1545 in
792 1478 899 1546 Verbo
919 1479 1058 1545 babebat
1075 1487 1122 1545 τὴν

85 1599 208 1664 aarum,
227 1588 259 1653 id
278 1601 338 1664 est,
362 1589 393 1653 in
408 1589 516 1655 Verbo
532 1589 734 1656 subsistebat.
754 1589 808 1655 Sic
829 1611 906 1678 ergo
926 1609 1008 1654 unus
1024 1588 1124 1655 Fiiius

1 1711 2 1716 ’
85 1699 141 1763 Dei
159 1697 332 1786 perfectus,
350 1700 568 1764 nmniiestntus
582 1710 641 1762 est.

128 1806 216 1870 XVi.
244 1805 349 1892 Atque
369 1805 440 1872 hae
462 1807 590 1893 quidem
615 1817 691 1871 sunt
719 1807 759 1870 de
782 1806 1002 1871 incarnatione
1024 1750 1124 1873 Verbi

8 1935 10 1948 ·
86 1913 278 1987 testimonie,
294 1924 327 1976 et
342 1911 401 1977 aiie
417 1911 565 2002 piurima.
587 1913 759 1979 Videamus
773 1937 861 1981 nuno
875 1915 962 2002 quod
977 1917 1121 2004 proposi-

84 2040 153 2090 tum
172 2023 264 2089 nobis
280 2035 340 2097 est,
358 2025 444 2112 quod
467 2045 553 2098 rere,
577 2023 701 2098 iratres,
724 2025 824 2089 virtus
839 2024 954 2099 Patris,
973 2026 1059 2114 quod
1073 2038 1122 2091 est

84 2134 226 2200 Verbum
239 2133 310 2208 Dei,
324 2157 342 2198 e
356 2132 438 2199 coeio
454 2133 631 2209 descendit,
643 2146 676 2198 et
691 2157 755 2199 non
771 2135 837 2223 ipse
852 2135 962 2208 Putem
977 2135 1023 2200 eie
1034 2136 1121 2201 enim

82 2245 125 2310 eit
139 2267 148 2308 ε
162 2243 237 2334 Ege
251 2267 293 2309 eto
307 2245 410 2310 Putre
424 2243 530 2318 exivi,
549 2259 580 2306 et
593 2242 724 2308 venio²⁸
745 2243 833 2322 Quid
847 2255 895 2309 est
910 2255 1018 2309 eutem
1033 2247 1121 2333 quod

1 2440 2 2443 Ἴ
80 2377 121 2420 ex
135 2353 229 2419 Putre
244 2355 353 2429 exivit,
372 2353 431 2419 nisi
446 2352 589 2420 Verbum
601 2354 616 2419 i
629 2355 707 2441 quid
721 2365 769 2418 est
784 2355 869 2442 quod
887 2378 926 2420 ex
946 2355 1014 2443 ipso
1029 2358 1119 2445 geni-

79 2477 150 2529 tum
171 2476 232 2538 est,
256 2463 315 2529 nisi
339 2464 481 2552 spiritus,
506 2466 619 2540 idest,
643 2465 810 2531 Verbumi
828 2465 892 2530 Sed
911 2465 995 2530 dicet
1014 2466 1115 2531 mibi:

79 2573 252 2653 Quomodo
265 2576 407 2663 genitum
420 2575 493 2640 est?
508 2565 758 2665 Explicetion'em
774 2577 934 2662 quomodo
947 2588 980 2639 tu
993 2577 1118 2665 genitus

74 2705 112 2747 es
136 2705 201 2746 non
224 2696 314 2770 potes
336 2705 537 2771 expromere,
554 2685 697 2771 quamvis
718 2684 858 2772 quotidie
881 2684 965 2750 rides
987 2707 1116 2750 causam

73 2792 272 2867 humanam,
289 2804 321 2857 et
341 2793 473 2857 modum
496 2793 709 2880 generationis
727 2815 791 2858 non
807 2805 897 2882 potes
912 2793 1054 2881 perfecte
1068 2795 1112 2860 es-

1 2968 3 3008 !
73 2901 161 2966 serre
173 2921 256 2967 :non
268 2901 353 2966 enim
366 2899 440 2966 iicet
451 2901 508 2966 tibi
520 2923 714 2990 cognoscere
725 2911 825 2966 artem
838 2901 971 2989 ejusqui
984 2903 1115 3002 crearit,

1 3081 2 3100 ,
72 3013 112 3078 in
127 3009 320 3098 experientia
336 3023 370 3074 et
386 3035 443 3074 usu
460 3011 609 3098 positum,
626 3024 659 3077 et
674 3035 738 3077 non
751 3011 960 3078 enarrabiiem
969 3035 979 3086 ς
997 3013 1053 3079 sed
1068 3037 1115 3078 so-

1 3107 2 3116 *
67 3117 145 3184 ium
157 3115 294 3180 videndo
307 3113 482 3203 intelligere
493 3131 526 3180 et
540 3118 671 3183 credere
683 3119 769 3205 quod
781 3141 861 3206 opus
873 3117 932 3182 Dei
944 3119 1111 3184 esthemo.

67 3226 125 3294 De
141 3222 237 3290 Verbi
254 3234 361 3287 eutem
376 3225 587 3311 generationis
603 3227 725 3292 ratione
736 3227 864 3316 quteris,
880 3250 941 3315 qua
958 3227 1043 3294 Deus
1058 3209 1114 3293 Pass

63 3353 124 3404 ter
135 3357 286 3424 generare
298 3333 415 3408 voluit3
430 3336 592 3424 generavit
602 3336 688 3403 sicut
698 3337 808 3404 voluit.
826 3339 896 3405 Non
908 3339 982 3405 satis
997 3341 1113 3408 esttibi

66 3447 160 3516 scire
180 3445 267 3533 qnod
282 3444 368 3510 Deus
390 3444 548 3511 mundum
564 3447 723 3522 condidit,
740 3449 799 3513 nisi
817 3449 933 3514 audeas
952 3449 1111 3538 inquirere

60 3555 236 3650 quomodo
259 3554 425 3621 condidit?
445 3555 515 3622 Non
539 3556 656 3623 sufficit
674 3559 732 3624 tibi
758 3581 1004 3648 recognoscere,
1026 3561 1112 3648 quod

57 3669 171 3742 Filius
186 3667 244 3734 Dei
257 3668 312 3734 tibi
331 3669 478 3757 apparuit
493 3668 691 3744 adsalutem,
704 3670 729 3735 si
746 3683 851 3736 tumen
867 3671 899 3735 id
915 3670 1035 3744 eredis3
1054 3673 1110 3738 sed

53 3787 203 3868 insuper
221 3777 382 3865 mornado
402 3779 527 3867 genitus
548 3789 595 3845 est
611 3780 787 3846 secundum
802 3778 969 3868 Spiritum,
986 3781 1111 3848 curiose
1195 3773 1199 3782 ’

54 3889 222 3978 indagati
238 3889 333 3977 Atqui
348 3890 584 3978 generationem
599 3892 669 3979 ejus
684 3891 860 3959 secundum
876 3913 1004 3959 carnem
1020 3915 1112 3960 onor

94 4027 105 4062 Ι
120 4025 202 4074 Rom.
214 4040 271 4096 vrri,
282 4023 304 4072 5.
317 4021 452 4074 -²toan.
466 4041 517 4084 xri,
531 4025 571 4077 28.
