2570 4614
427 317 625 370 renascens,
650 317 710 359 crs.
738 317 772 360 ιι.
1055 294 1117 380 ²93

33 443 147 519 ιὸωχία
174 451 301 520 graece
330 429 473 500 dicitur:
493 445 642 500 terrestre
665 445 784 508 autem,
805 454 896 500 coena
917 431 1116 507 dictumest,

32 552 74 604 ut
92 561 141 606 ex
168 538 363 629 Scriptura
386 554 549 608 ostensum
571 554 620 608 est
639 567 648 614 ;
670 554 703 608 et
721 542 759 607 lit
783 541 912 631 quidem
934 541 1004 608 haec
1026 565 1117 608 coeua

30 659 188 739 propter
203 649 436 718 charitatem:
452 650 508 718 sed
522 673 613 718 coena
630 664 755 724 nonest
771 653 835 740 ipsa
848 651 998 726 charitas,
1009 675 1123 722 verum

32 758 181 826 socialis
207 758 470 838 benevolentias,
489 773 521 826 et
540 784 609 850 quae
633 785 687 827 sua
708 759 856 828 lubenter
870 762 1023 849 impertit,
1041 762 1121 827 indl-
1167 800 1170 806 ·

34 869 148 934 eiam
178 893 196 928 ι
222 867 279 934 Ne
297 870 479 959 quodergo
496 883 642 937 nostrum
660 872 781 936 bonum
803 869 1120 946 est,'maledictisla-
1165 921 1168 928 i
1280 854 1283 861 ’

35 1007 50 1040 ι
72 993 261 1046 oessatur.
280 979 358 1048 Non
376 993 424 1045 est
439 980 524 1046 enim
539 1003 673 1070 regnum
689 979 748 1046 Dei
765 1001 838 1046 esca
853 992 886 1044 et
900 989 1006 1069 potus,
1021 979 1123 1045 »dicit

36 1086 263 1179 Apostolus,
286 1111 332 1154 ne
351 1087 474 1155 lluxum
489 1101 521 1154 et
536 1099 797 1156 momentaneum
813 1090 984 1178 prandium
997 1087 1120 1154 intelli·
1185 1123 1187 1132 ·

38 1207 151 1286 gntus·
179 1219 190 1260 ε
216 1221 233 1256 ι
259 1217 379 1262 verum
401 1197 533 1284 justitia,
557 1209 589 1261 et
614 1220 687 1284 pax,
713 1208 746 1262 et
769 1197 921 1286 gaudium
943 1199 977 1262 in
1000 1196 1120 1286 Spiritu

43 1336 62 1370 ι
78 1319 212 1372 sancto
226 1306 288 1371 ¹..r
305 1306 356 1372 De
372 1306 436 1373 boc
452 1307 584 1396 prandio
600 1307 654 1394 qui
670 1307 857 1384 comederit,
874 1307 900 1372 is
919 1307 952 1372 id
967 1307 1053 1395 quod
1069 1329 1121 1371 re·

46 1439 136 1482 nrm
149 1415 319 1483 omnium
330 1417 487 1506 optimum
498 1429 558 1489 est,
574 1439 691 1506 nempe
703 1439 835 1506 regnum
848 1416 920 1493 Dei,
935 1417 1121 1506 possidebit,

48 1539 223 1594 unctum
247 1527 419 1593 charitatis
433 1539 626 1594 conventum
647 1528 700 1594 bic
717 1527 904 1604 meditatus,
925 1551 1039 1617 nempe
1055 1533 1123 1604 coe'·

48 1638 185 1705 lestem
202 1636 406 1704 Ecclesiam.
425 1637 568 1704 Charitas
580 1661 656 1728 ergo
668 1663 719 1706 res
729 1652 780 1706 est
790 1661 870 1729 pura
882 1652 915 1706 et
925 1640 994 1707 Dee
1005 1641 1119 1730 dignas

48 1749 221 1815 officium
247 1769 329 1814 vero
348 1749 419 1837 ejus
437 1760 485 1817 est
499 1747 770 1815 communicatior
795 1747 908 1815 «Cura
924 1760 1044 1824 autem,
1061 1749 1122 1814 dis·
1245 1823 1250 1836 ¹

52 1888 69 1920 ι
83 1855 234 1948 cipliuae
255 1856 513 1932 escensurus.»
535 1879 631 1944 quam
650 1856 726 1923 dicit
745 1858 905 1947 Sapientia
924 1882 938 1923 :=
951 1858 1122 1926 staritas

55 1997 75 2030 s
94 1989 203 2042 vero,
220 1967 406 2032 observatio
421 1965 528 2056 legum
542 1968 611 2054 ejus
620 1965 646 2033 ².·
658 1969 734 2034 »Hae
750 1979 857 2034 autem
871 1967 987 2036 laetitiae
1003 1968 1123 2036 habent

61 2077 254 2167 quoddam
268 2077 432 2144 eharitatis
447 2078 689 2144 incitamentum
704 2102 743 2143 ex
762 2079 957 2144 nutrimento
979 2079 1121 2168 publico,

62 2185 175 2276 quod
193 2185 237 2250 ad
252 2197 401 2252 amam
419 2185 585 2254 assuefecit
605 2185 865 2252 oblectationem.
889 2186 1033 2254 Charites
1047 2213 1123 2279 erge

64 2315 178 2361 coena
197 2315 265 2358 non
279 2306 328 2358 est
345 2315 353 2356 ε
375 2291 506 2382 epulum
521 2304 627 2360 autem
643 2317 660 2359 a
677 2292 833 2360 charitate
848 2293 996 2382 pendeat.
1020 2321 1033 2356 ι
1050 2295 1124 2362 Dis-

71 2431 91 2467 »
102 2411 188 2469 cont
203 2401 306 2478 onim,
323 2403 448 2488 inquit,
471 2400 597 2480 libitui,
615 2425 695 2491 quos
710 2400 859 2479 dilexisti,
874 2403 1022 2480 Domine,
1039 2405 1126 2492 quod
1197 2483 1203 2497 Ι

62 2543 81 2578 r
98 2535 176 2579 non
191 2510 419 2602 generationes
436 2510 600 2578 fructuum
618 2511 761 2578 nutriant
775 2511 951 2588 hominem,
976 2511 1033 2578 sed
1046 2511 1126 2580 ¹cer-

61 2654 79 2687 n
98 2625 190 2690 bum
206 2633 308 2686 tuum
322 2644 377 2688 eos
395 2621 451 2710 qui
468 2622 527 2688 tibi
542 2622 679 2688 credunt
699 2635 865 2689 conservat
881 2621 904 2687 ⁸.
920 2651 935 2684 s
952 2621 1024 2711 Non
1039 2625 1124 2691 enim

63 2735 103 2800 in
115 2753 212 2823 ponc
228 2731 317 2798 viret
331 2731 446 2818 justus.
463 2728 512 2795 Sit
527 2743 634 2796 autem
649 2731 741 2797 nobis
760 2753 850 2797 coena
864 2732 967 2797 tenuis
982 2743 1015 2797 et
1028 2756 1125 2822 expe-

64 2842 161 2924 dita,
173 2851 254 2930 apta
266 2839 311 2904 sd
321 2837 455 2928 vigilias,
470 2861 535 2905 non
549 2840 704 2928 permixta
718 2840 847 2906 diversis
863 2843 1039 2930 saporibus.
1058 2843 1125 2910 Nec

50 2941 141 3022 'hoe
157 2975 177 3017 a
194 2950 368 3039 Paedagogi
390 2948 554 3038 disciplina
573 2949 710 3016 alienum
727 2962 786 3016 est.
805 2951 894 3019 Rona
913 2953 999 3018 enim
1019 2955 1127 3019 nutrix

68 3063 119 3128 etl
139 3059 478 3128 communicationem
497 3071 545 3125 est
563 3059 715 3136 charitas,
734 3083 804 3148 qum
822 3060 908 3128 dives
922 3061 1020 3128 babet
1035 3063 1127 3128 vinti-

70 3167 549 3258 cummempesufficientiam,
558 3191 627 3256 quse
639 3168 769 3258 quidem
779 3169 921 3250 dimenso
933 3173 1016 3260 justa
1031 3195 1129 3260 quau-

73 3286 175 3350 titete
199 3279 358 3348 alimento
376 3280 541 3371 preelecta,
564 3279 731 3346 salubriter
754 3303 870 3370 corpus
891 3281 1127 3358 administrans,

75 3395 186 3460 &hm
207 3391 365 3481 proximis
385 3415 426 3457 ex
440 3413 478 3457 eo
496 3387 616 3481 aliquid
631 3391 800 3458 distribuit.
820 3390 931 3458 Victus
947 3403 1056 3456 autem
1072 3395 1126 3483 qui

81 3502 318 3570 sufficientiam
336 3501 461 3568 excedit
485 3525 523 3568 ac
545 3501 665 3577 obruit,
692 3500 813 3566 homini
834 3499 975 3569 multum
1002 3502 1124 3571 officit:

82 3613 233 3679 enimam
248 3623 339 3678 certe
350 3634 479 3700 segnem
494 3623 527 3677 et
541 3611 675 3678 inertem
690 3610 808 3686 reddit,
825 3631 942 3700 corpus
954 3635 1028 3678 vero
1043 3614 1128 3682 vale-

84 3720 305 3798 tudinarium,
324 3732 358 3786 et
379 3717 466 3809 quod
490 3720 522 3785 in
544 3721 673 3786 morbos
700 3715 791 3784 facile
810 3717 999 3807 prolabitur,
1017 3723 1125 3790 efficit.

87 3830 282 3910 Quinetiam
305 3825 496 3917 voluptates,
523 3849 595 3915 quae
622 3827 654 3892 in
683 3824 894 3914 dijudicandis
921 3829 1131 3898 condimentis

120 3963 131 3996 ¹
144 3961 223 4011 llom.
236 3975 291 4022 nv,
305 3955 906 4024 remp-²809.v,17,1t.-³1bid.xv=,27.
