2448 4610
60 371 64 378 ,
169 294 175 299 ’
280 311 633 367 sensumsensurn.
808 379 810 384 Ι
906 291 964 372 ll!

23 431 113 502 dedite
131 429 257 498 dominis
278 432 452 498 secundum
470 451 612 504 carnem,
632 449 706 495 cum
724 427 839 492 timore
859 439 891 492 et
910 438 972 493 tre·

23 569 90 620 aere,
101 545 128 610 in
139 541 329 633 simplicitate
340 542 443 608 cordis
455 538 560 614 vestri,
572 523 655 604 sicut
667 537 806 612 Christo,
816 537 972 603 exanimo

23 648 277 720 amlenevolentis
289 649 469 716 servientes.
485 650 527 714 Et
536 647 669 723 domiui,
682 645 857 713 benefacite
874 647 972 713 servis
1062 673 1065 680 ·

23 762 107 836 tetris,
127 760 315 826 remittentes
337 761 450 833 minas,
473 757 609 824 scientes
624 757 709 844 quod
727 767 760 821 et
779 757 921 847 ipsorum
940 769 973 824 et

23 881 91 936 ester
97 868 239 934 Dominus
249 869 340 936 estin
353 866 453 944 omlis,
465 878 498 932 et
508 889 573 931 non
585 878 633 932 est
643 887 784 954 personae
795 865 967 954 acceptio¹.

23 975 159 1044 iivirimus
168 977 288 1066 spiritu,
308 974 420 1068 spiritu
435 987 468 1042 et
483 973 693 1042 ambulemus.
709 975 756 1042 Ne
773 976 870 1041 simus
886 999 973 1042 vanae

23 1083 212 1176 dodeeupidi,
229 1084 310 1152 alter
326 1084 463 1152 alterum
480 1093 701 1173 provocantes,
719 1082 903 1152 alteralteri
921 1085 973 1151 in-

23 1195 132 1268 ,idemm
143 1194 227 1261 Alter
238 1194 366 1262 alterius
378 1215 472 1260 onera
486 1205 623 1282 portate,
635 1193 720 1258 etita
732 1192 973 1284 impletelegem

23 1301 113 1372 unet.
129 1305 171 1371 Nc
185 1305 308 1380 erretis,
322 1305 406 1372 Deus
425 1325 489 1369 nou
506 1305 729 1370 subsannatur.
744 1303 840 1382 Quod
852 1306 972 1370 bonum

23 1409 250 1491 stlacicntes,'ne
266 1415 373 1480 animo
383 1414 582 1506 deliciamur,
593 1413 722 1502 proprio
732 1414 818 1480 enim
833 1425 977 1503 tompore

23 1523 168 1588 ostenaet
185 1522 254 1589 Non
269 1521 426 1600 dissoluti,
442 1544 555 1613 paoem
573 1523 605 1588 in
623 1522 712 1588 vobis
735 1522 828 1612 agite.
848 1521 976 1589 Adhor-

23 1639 96 1698 tuus
112 1643 207 1697 autem
225 1655 293 1706 vos,
316 1631 440 1707 fratres,
469 1630 637 1698 admonete
659 1628 842 1706 insolentes,
862 1652 976 1696 conso·

23 1735 99 1804 hmini
115 1739 333 1829 pusillanimes,
356 1741 508 1808 sustinete
528 1739 683 1815 infirmos,
700 1739 855 1829 patientes
875 1751 977 1805 estote

23 1869 74 1936 erga
86 1871 187 1916 omnes.
207 1850 322 1916 Videte
336 1873 377 1916 ne
393 1852 462 1938 quis
477 1847 596 1916 malum
613 1847 707 1914 alicui
727 1871 786 1937 pro
805 1846 888 1914 malo
904 1848 979 1914 red-

23 1955 70 2021 lat.
83 1957 214 2046 Spiritum
234 1983 274 2026 ne
300 1959 497 2049 extinguetis.
521 1957 723 2048 Prophetiam
745 1981 786 2024 ne
808 1958 898 2025 nihili
920 1959 981 2025 du-

23 2068 89 2132 catis.
103 2068 202 2138 Omnia
216 2083 326 2136 autem
340 2073 486 2160 probate,
502 2080 535 2134 et
557 2069 644 2157 quod
656 2071 779 2135 bonum
793 2079 842 2135 est
860 2081 976 2136 tenete.

23 2173 58 2242 ll
69 2181 137 2243 omni
151 2181 250 2269 specie
265 2179 350 2247 mala
365 2167 553 2250 abstineut
568 2179 606 2244 ln
618 2179 759 2246 oratione
769 2191 980 2270 perseverate,

23 2284 146 2373 o'gilantcs
159 2291 189 2356 iu
203 2290 283 2380 ipsa,
301 2292 334 2356 in
349 2290 522 2380 gratiarum
537 2289 672 2355 actione.
691 2289 727 2355 ln
748 2290 897 2379 sapientia
913 2312 983 2356 am-

24 2393 103 2461 bulate
113 2401 188 2490 apud
202 2424 255 2467 eos
271 2402 326 2489 qui
342 2412 429 2467 extra
443 2411 530 2477 sunt,
548 2410 673 2490 tempus
690 2400 890 2494 redimentes.
913 2399 983 2466 Ser·

25 2525 63 2568 no
74 2519 166 2606 vester⁴
178 2533 304 2600 semper
325 2511 357 2575 in
372 2509 485 2598 gratis,
502 2506 566 2573 sale
585 2509 625 2574 sit
646 2507 806 2584 conditus,
824 2519 859 2573 ut
878 2508 983 2573 sciatis

24 2618 148 2700 monsedo
161 2630 302 2708 oporteat
324 2638 378 2684 vos
402 2618 573 2707 unicuique
590 2618 782 2707 respondere
791 2617 813 2682 ⁴.
836 2618 986 2684 llnutriu-

24 2721 80 2787 nini
91 2725 117 2791 in
129 2723 324 2794 sermonibus
337 2725 422 2792 lidei.
442 2725 659 2808 Exerceamini
676 2727 717 2792 ad
730 2727 880 2816 pietatem
894 2751 902 2792 ε
917 2733 985 2793 cbr-

26 2829 111 2914 poralis
127 2837 206 2901 enim
227 2834 411 2902 exercitatio
430 2834 473 2898 cd
496 2833 659 2900 modicum
682 2847 730 2900 est
750 2835 860 2902 utilis:
884 2837 984 2924 pietas

28 2950 105 3006 tutem
130 2957 172 3010 est
196 2946 280 3012 utilis
303 2945 343 3012 ad
366 2944 485 3020 omnia,
509 2943 629 3010 habens
650 2947 892 3035 promissionem
915 2947 985 3012 vitae

29 3067 231 3134 quenuneost,
247 3068 280 3122 et
302 3053 447 3120 luturae⁵.
469 3054 533 3133 Qui
555 3053 663 3120 fideles
687 3055 807 3121 hubent
828 3055 986 3132 dominos,

29 3172 257 3241 necontemnant,
270 3164 421 3253 quoniam
431 3163 543 3229 fratres
554 3173 628 3230 sunt
640 3187 648 3228 τ
662 3163 719 3230 sed
731 3163 828 3252 magis
840 3165 988 3241 serviunt,

31 3271 146 3350 quonism
159 3285 229 3340 sunt
243 3271 352 3339 fideles
369 3271 390 3337 ⁶.
411 3272 476 3351 Qui
495 3269 639 3361 largitur,
658 3273 698 3337 sit
719 3272 751 3338 iu
767 3271 985 3362 simplicitate;

29 3373 185 3463 stuprose,
200 3382 233 3448 in
249 3382 371 3456 studio;
388 3382 442 3469 qui
466 3379 643 3458 miseretur,
659 3382 692 3448 iu
708 3379 865 3448 hilaritate
884 3407 892 3447 ε
912 3383 989 3450 cha-

33 3481 89 3550 stus
100 3510 153 3555 nou
167 3491 257 3565 lictae
275 3491 394 3558 malum
408 3491 483 3558 odio
496 3490 664 3569 habentes,
679 3493 766 3558 bono
781 3491 990 3571 adhaerentes,

35 3585 137 3662 interm
155 3598 319 3668 dilectione
345 3601 439 3667 vestri
462 3599 598 3667 invicem
620 3614 774 3677 amentes,
795 3601 915 3671 honore
938 3629 991 3673 vos

39 3803 160 3875 stetten,
173 3837 193 3880 ι,
202 3821 232 3882 l,
242 3821 265 3882 5,
276 3823 301 3884 6,
310 3841 335 3887 7,
345 3840 369 3888 9.
380 3822 430 3862 -·²
441 3824 523 3873 Galat.
537 3822 869 3886 s,²5,26;s1‚2,7‚9,..s
884 3825 990 3873 ‚pm

29 3879 224 4015 :glffl·1³⁵;:9;
236 3913 275 3960 ao,
287 3913 327 3958 ar,
340 3913 377 3947 υ.
390 3925 422 3937 -
433 3897 443 3931 t
455 3897 550 3947 coloss.
568 3913 607 3964 ra,
623 3913 645 3958 a,
664 3897 693 3957 5,
706 3896 769 3946 6...
782 3897 791 3930 s
805 3914 814 3946 2
830 3897 951 3958 nm„
965 3897 992 3954 6,

151 3998 158 4012 ·
190 4000 197 4026 t
227 4002 236 4021 a
