2522 4608
306 283 590 342 santonensem.
618 285 663 330 ιιι.
938 267 1000 330 585

7 412 105 502 rpillls:
116 411 205 499 adyta
218 430 293 476 vero
303 409 431 475 intextis
443 431 520 473 auro
532 408 764 473 obumbrantur
775 403 890 496 peplis.¹
901 407 966 474 Sed
977 410 1002 474 si

7 520 145 589 tenctralia
155 523 232 611 septi
245 520 392 594 subieris,
400 520 480 585 etad
490 518 909 607 ejusquodestpraestantins
917 543 1003 608 speo-

7 630 116 698 rculnm
130 653 314 720 properans,
329 628 499 716 imaginem
516 651 586 715 quae
609 626 763 714 templum
783 627 904 692 habitat
920 629 1003 717 quae-

7 740 79 816 ieris,
100 739 243 806 sacerdos
261 737 418 826 quispiam
435 759 476 800 ex
494 735 531 801 iis
552 736 655 824 quiin
672 733 792 824 templo
809 736 1001 812 sacrificant,

7 850 63 934 ‚ravi
77 849 161 914 rultu
175 848 342 937 aspiciens,
359 858 392 911 ct
407 844 467 934 AEg
488 847 629 934 ptiorum
643 843 747 934 lingua
766 845 911 912 Paeanem
922 870 1003 912 con-

7 960 102 1034 inens,
114 982 188 1025 cum
206 957 264 1024 veli
286 956 484 1046 aliquantum
500 957 713 1032 contraxerit,
730 967 880 1044 tanquam
898 956 1002 1023 Deum

7 1081 167 1146 densorum,
178 1089 325 1158 magnam
347 1066 529 1156 suppeditat
549 1067 749 1132 occasionem
767 1064 917 1132 irridendi
945 1091 1001 1133 nu-

7 1177 91 1245 tinis:
109 1201 212 1266 nequa
227 1178 314 1243 enim
334 1177 418 1242 intus
434 1175 595 1242 invenitur
608 1175 707 1251 Deus,
722 1176 776 1264 qui
787 1178 999 1262 quaerebatur,

7 1289 118 1379 dquam
128 1289 368 1362 festinabamus,
381 1287 436 1353 sed
451 1283 532 1362 felis,
543 1285 590 1352 vel
602 1284 795 1360 crocodilus,
809 1284 857 1352 rel
873 1309 1001 1375 serpens

7 1399 138 1488 rdigena,
151 1397 201 1464 vel
215 1397 319 1486 aliqua
337 1397 495 1485 ejusmodi
505 1393 633 1472 -bellua,
650 1421 720 1485 quae
737 1394 857 1485 templo
872 1396 1000 1484 quidem

7 1507 174 1596 stindigna,
188 1508 244 1573 sed
258 1520 363 1583 antro,
380 1502 529 1595 spelunca
545 1517 601 1570 aut
618 1527 709 1571 coeno
733 1506 924 1596 dignissima.
939 1507 1002 1595 Ap-

7 1631 65 1684 aret
77 1620 160 1684 Deus
173 1617 409 1708 AEgyptiorum,
424 1614 542 1692 bellua,
556 1639 626 1705 qnae
640 1639 737 1705 super
747 1614 918 1706 stragulam
929 1639 1001 1705 pnr-

8 1752 104 1795 uraam
115 1727 285 1795 volutatur.
301 1728 347 1795 lta
362 1728 457 1792 etiam
472 1727 548 1793 mibi
560 1727 709 1793 videntur
719 1727 855 1794 loeminae
867 1749 938 1817 quae
949 1751 1002 1793 au-

7 1859 48 1902 um
66 1835 221 1928 gestant¹,
243 1848 276 1902 et
296 1837 329 1901 in
352 1835 525 1924 crispaudls
546 1836 686 1902 crinibus
704 1848 903 1913 exercentur,
916 1849 949 1902 et
968 1839 1001 1904 in

7 1947 65 2012 anis
75 1947 224 2036 ungendis
235 1945 399 2036 oculisque
410 1943 575 2033 pingendis
587 1956 619 2011 et
630 1942 701 2036 pilis
710 1947 866 2035 tingendis
878 1969 1001 2014 versan-

7 2070 85 2134 1r,et
96 2057 183 2124 aliam
194 2056 362 2123 mollitiem
376 2069 443 2122 arte
458 2055 605 2146 improba
619 2069 864 2147 persequuntur,
874 2070 1000 2147 septum

7 2189 42 2232 oo
51 2167 172 2235 ramale
186 2179 349 2243 ornantes,
365 2178 397 2231 et
411 2189 485 2232 vere
497 2165 661 2254 AEgyptios
677 2167 848 2244 imitantes,
861 2168 1000 2235 infelices

7 2289 129 2344 mator-es
143 2277 312 2344 attrahere.
328 2276 393 2342 Sed
403 2276 428 2342 si
442 2278 511 2365 quis
525 2274 582 2342 veli
593 2275 750 2366 templum
764 2280 932 2367 aperuerit,
945 2281 1003 2344 vit-

7 2409 54 2464 un,
66 2391 208 2479 inquam,
219 2401 352 2464 restem,
365 2411 490 2463 aurum,
503 2387 627 2463 lucum,
638 2387 821 2466 tincturam,
834 2400 866 2453 et
877 2410 947 2476 ‹111ae
957 2389 1001 2456 eis

7 2497 79 2564 ttrita
92 2511 125 2564 et
140 2500 314 2566 incrustata
329 2509 415 2574 suut,
427 2496 490 2564 hoc
505 2495 787 2573 est,velamentum
803 2483 943 2584 quod'ex
958 2499 1002 2563 eis

7 2619 156 2676 mtextum
179 2618 240 2686 est,
253 2621 404 2697 tanquam
418 2605 482 2673 illic
498 2629 606 2673 veram
621 2607 806 2674 inventurus
820 2606 1001 2698 pulchritu-

7 2717 90 2794 bam,
105 2718 184 2785 satis
194 2717 260 2784 scio
275 2740 350 2783 eum
360 2739 428 2782 esse
440 2718 705 2784 abominatumm.
721 2717 831 2806 Neque
845 2719 930 2785 enim
942 2719 1001 2786 Dei

7 2831 141 2918 arginem
161 2830 248 2894 intus
269 2828 408 2893 inveniet
425 2827 640 2903 habitantem,
656 2849 752 2916 quam
769 2840 818 2893 est
839 2841 1001 2897 consenta-

7 2961 90 3006 mm:
105 2938 164 3006 sed
182 2937 255 3005 loco
273 2937 548 3025 ejus.fornicatrix
561 2950 594 3002 et
612 2935 754 3004 adultera
775 2939 887 3006 anime
906 2963 1001 3009 occu·
1083 2949 1086 2956 '

7 3049 55 3114 rvit
63 3048 219 3136 adytum,
234 3059 267 3111 et
283 3069 357 3112 vara
372 3067 440 3112 esse
453 3048 552 3113 bestia
564 3048 783 3123 convincetur,
794 3048 868 3115 fuco
883 3050 1004 3116 scilicet

7 3161 75 3226 trita
97 3159 212 3225 simia:
231 3168 264 3221 et
284 3157 434 3222 seductor
454 3152 506 3220 ille
526 3178 667 3246 serpens,
685 3156 738 3244 qui
758 3157 872 3221 mentis
899 3157 1004 3222 exedit

7 3269 213 3360 telligentiam
232 3291 290 3357 per
304 3265 412 3357 glorias
428 3267 650 3356 cupiditatem,
666 3289 725 3356 pro
740 3264 890 3355 spelunca
908 3268 1005 3334 habet

7 3378 124 3451 rimam3
143 3390 267 3442 etcum
290 3377 395 3442 omnia
419 3374 595 3443 exitialibus
616 3377 745 3443 venenis
765 3375 956 3470 impleverit,
972 3391 1005 3444 et

7 3490 87 3554 roris
100 3489 150 3552 sui
167 3487 256 3552 virus
270 3487 475 3563 eructaverit,
490 3485 639 3552 mulieres
655 3488 688 3554 in
704 3487 889 3554 meretrices
904 3500 1006 3554 trans-

7 3611 84 3664 rmat
109 3598 162 3664 bic
185 3598 298 3671 draco,
314 3597 448 3686 fungens
467 3594 586 3663 lenonis
607 3597 712 3662 officio
732 3620 740 3659 τ
762 3620 826 3662 ιιοιι
848 3609 895 3661 est
919 3599 1003 3666 enim

7 3703 126 3781 tdieris,
138 3705 196 3771 scd
208 3705 395 3780 meretricis,
408 3703 485 3772 illud
497 3705 630 3773 nimium
643 3707 689 3772 sui
705 3705 838 3772 ornandi
850 3707 1001 3775 studium.

7 3927 90 3978 *vide
100 3927 133 3976 D.
144 3926 259 3986 Guillon,
269 3943 296 3992 p.
305 3927 361 3992 429.
