2412 4596
329 213 519 262 arsenarum
542 215 603 260 ιιι.
631 217 666 264 ιι.
975 199 1017 266 85

1 359 59 405 um
70 349 239 428 antequam
251 336 355 415 lieret,
368 335 481 404 auctor
495 337 699 428 praesciverit,
716 348 824 408 tamen
836 321 1018 432 aggreditur

1 451 23 514 't
34 445 149 514 maloin
152 492 217 515 .....
233 447 373 536 Apparet
384 447 477 538 ergo¹
491 497 500 526 ‚
516 446 645 514 sednon
659 449 901 538 eetpoenitentia
913 503 922 528 ,
936 473 1018 545 saepe

4 568 87 622 etere
100 557 225 624 veniam
241 555 281 622 de
296 556 353 633 iis,
369 576 440 644 quaa
458 577 541 647 saepe
555 575 737 647 peccamus.

31 731 296 800 Perseverantia
314 742 437 803 autem
460 751 536 812 non
553 728 805 802 involuntariis
827 728 1020 822 affectibus

10 839 235 913 tereluditur
257 867 266 911 :

25 1007 93 1075 Non
103 1005 191 1074 venit
202 1018 310 1074 antem
321 1005 354 1072 in
366 1000 524 1097 judicium
535 1005 585 1084 id,
599 1003 686 1095 quod
696 1017 744 1073 est
755 1005 1029 1078 involuntarium

7 1116 144 1184 tautam
165 1127 213 1183 est
232 1113 367 1204 duplexa
386 1110 487 1180 unum
504 1113 653 1203 quidem,
673 1113 761 1206 quod
783 1116 820 1184 fit
839 1141 879 1184 ex
891 1119 1019 1209 ignora-

8 1249 81 1300 ons3
99 1225 235 1292 alterurn
255 1248 350 1302 vero,
372 1221 460 1312 quod
475 1247 514 1289 ex
529 1224 726 1291 necessitate.
752 1225 833 1294 Nam
856 1224 1020 1316 quomodo

8 1335 167 1418 rdieaveris
176 1333 216 1400 de
223 1333 278 1412 iis,
292 1333 346 1423 qui
359 1331 510 1400 dicuntur
517 1353 652 1422 peceare
662 1330 767 1399 modis
778 1331 1019 1404 involuntariis?

8 1455 44 1510 ‚ut
57 1443 144 1508 enim
159 1443 229 1531 quis
244 1444 384 1533 seipsum
401 1441 576 1531 ignoravit,
597 1452 632 1505 ut
656 1437 843 1510 Cleomenes
865 1457 898 1510 et
917 1441 1020 1515 Atha-'-

8 1577 65 1629 us,
82 1553 137 1641 qui
156 1555 246 1618 erant
268 1550 407 1640 eorrepti
429 1551 560 1639 lurore:
580 1559 636 1616 aut
649 1573 735 1629 rem,
753 1575 850 1641 quam
866 1551 962 1634 lacit,
983 1569 1021 1623 ut

7 1657 163 1750 babylus,
181 1659 280 1749 quiin
292 1657 510 1726 scenaeilatus
523 1657 693 1748 mysteria,
709 1655 743 1726 ln
754 1657 920 1752 Areopago
933 1661 1018 1734 dicta

2 1790 74 1849 ¹ausa
85 1768 144 1834 fuit
155 1765 337 1844 absolutus,
355 1789 431 1834 enm
444 1765 632 1833 ostendisset
647 1789 681 1832 se
695 1789 761 1834 non
777 1793 847 1836 esse
860 1773 1019 1860 mysteriis

6 1877 134 1945 nitiatrmr
149 1899 158 1944 ι
173 1889 229 1944 aut
252 1879 399 1966 ignorans
421 1876 474 1952 id,
497 1875 584 1965 quod
606 1874 730 1964 agitur,
748 1889 783 1942 ut
798 1878 870 1969 qui,
889 1879 1021 1948 dimisso

7 1981 172 2063 tdversario,
192 1985 402 2054 domesticum
416 1983 534 2051 oceidit
551 2006 611 2073 pro
631 1983 786 2054 inimico:
807 1999 861 2054 aut
880 1989 936 2066 id,
952 2013 1019 2078 quo
1092 1999 1097 2006 ’

7 2095 98 2185 gitrn,
113 2108 149 2161 ut
165 2096 220 2184 qui
238 2092 408 2185 praepilatis
424 2104 591 2160 exercetur
611 2089 748 2171 lanceis,
763 2108 796 2162 et
811 2090 948 2185 aliquem
966 2098 1018 2166 in-

7 2203 120 2283 stitnit,
140 2228 216 2272 oum
236 2201 332 2294 pilam
351 2201 463 2270 lancea
480 2202 633 2270 amisisset
651 2217 729 2270 :aut
746 2204 892 2294 ignorans
908 2221 1017 2295 q'uem-

6 2311 151 2381 dmodum
162 2323 245 2380 esset
256 2311 456 2388 laciendum,
470 2323 507 2377 ut
521 2312 619 2401 quiin
631 2313 733 2381 stadio
745 2313 1015 2383 occiditadversa·

4 2421 56 2489 ium
65 2445 77 2495 3
96 2445 159 2488 non
175 2421 261 2488 enim
273 2432 310 2486 ut
320 2419 499 2497 occideret,
516 2421 573 2487 sed
584 2434 620 2487 ut
636 2423 796 2498 vinceret,
811 2425 1013 2490 certabatur:

3 2543 31 2598 ut
40 2531 92 2610 id,
108 2533 201 2621 cujus
220 2531 320 2624 gratia
336 2531 460 2620 agitur,
478 2529 751 2620 quemadmodum
767 2528 854 2598 dedit
871 2529 1016 2601 medicus

1 2635 101 2707 tlubre
119 2639 315 2716 antidotum,
339 2650 372 2705 et
391 2638 520 2705 occidit.
542 2637 573 2705 Is
598 2651 705 2706 autem
726 2661 791 2706 non
807 2663 844 2707 ea
860 2639 900 2706 de
919 2664 1015 2712 eausa

3 2782 13 2803 ,·
26 2749 82 2827 't,
98 2749 155 2816 sed
167 2761 204 2815 ut
214 2773 290 2816 eum
306 2759 454 2814 servaret.
473 2744 522 2814 Ae
536 2745 689 2837 puniebat
702 2747 832 2838 quidem
844 2761 923 2817 tune
937 2775 1014 2840 quo-

49 2857 114 2927 Lex
129 2881 225 2935 eum,
238 2857 293 2948 qut
309 2878 372 2926 nou
388 2868 499 2946 sponte
515 2855 689 2930 interfecita
709 2867 745 2922 nt
759 2879 857 2935 eum,
876 2857 931 2947 qui
947 2883 1012 2926 non

27 2981 86 3034 ote
107 2965 275 3035 laborabat
294 2965 451 3056 profluvio
466 2964 595 3031 seminis
614 2988 622 3030 τ
643 2962 700 3032 sed
723 2990 786 3032 non
810 2989 901 3056 aeque
918 2977 1013 3055 atque

0 3108 58 3156 aaa,
70 3078 127 3169 qui
139 3087 261 3168 sponte.
279 3077 481 3164 Quamquam
492 3071 544 3140 ille
556 3097 684 3164 quoque
695 3075 1012 3166 punieturtanquam
1050 3087 1057 3104 *

1 3201 102 3276 supter
114 3184 350 3262 voluntarium,
372 3184 398 3249 si
418 3182 488 3270 quis
506 3181 657 3248 affectum
681 3183 855 3249 traduxerit
871 3183 911 3250 ad
928 3183 1013 3250 veri-

0 3306 80 3362 tem.
97 3297 220 3366 Revera
237 3293 322 3360 enim
334 3305 382 3358 est
395 3288 574 3381 puniendus
589 3291 634 3368 is,
654 3290 707 3382 qui
719 3303 769 3357 est
783 3291 872 3359 verbi
888 3293 1012 3382 genita-

0 3444 3 3451 »
22 3404 220 3471 incontinens
235 3427 243 3467 :
258 3402 344 3490 quod
355 3400 459 3490 ipsum
472 3412 653 3488 quoqueest
663 3399 760 3467 animi
773 3399 899 3467 affectio
909 3399 1010 3472 aliena

8 3514 144 3589 ratione,
156 3511 228 3601 quaa
240 3534 339 3601 prope
352 3509 474 3577 aceedit
487 3509 528 3574 ad
537 3506 660 3575 futilem
671 3506 918 3598 loquacitatem:
934 3512 1010 3579 «Fi-

6 3621 71 3689 »ta
85 3633 192 3689 autem
208 3619 295 3710 eligit
307 3643 356 3686 res
368 3605 471 3687 celare
483 3616 596 3707 spiritu
606 3615 652 3683 ’.ι
672 3619 752 3700 Quae
764 3631 876 3709 sponte
887 3643 962 3713 ergo
975 3633 1010 3690 at

12 3757 84 3828 ¹⁹¹⁸·
98 3763 149 3824 t⁶0
158 3772 183 3810 α
195 3775 263 3828 “aa

9 3848 19 3876 ¹
30 3853 102 3904 Pver.
115 3869 161 3918 n,
176 3848 217 3904 13.
