2478 4594
390 229 580 276 armanus
601 231 671 292 aaut
691 231 733 275 vr.
1017 210 1076 276 281

40 352 182 420 ascendit
193 351 233 420 ad
248 351 463 443 cognitionem
474 353 543 442 ejus
555 353 610 442 quui
622 363 796 420 creaverat.
812 352 997 440 Quinetiam
1008 355 1080 422 Dia-

13 475 16 485 ·
38 456 152 528 lectica
171 473 279 528 utetur
295 462 466 529 Gnosticus
486 473 639 528 annotans
661 447 848 528 divisionem
871 465 1079 552 generum-in

10 581 15 608 ¹
39 570 179 660 speciem
193 581 227 636 et
239 569 387 637 admittet
401 593 514 638 corum
529 593 599 658 quaa
617 582 690 636 sunt
703 568 957 646 distinctionem,
975 569 1078 638 donec

10 683 16 722 ‘²
38 678 180 774 pttigerit
194 679 297 769 prima
312 689 344 744 et
356 677 563 768 simplicia...
583 676 738 746 Clamavit
753 692 860 746 autem
876 679 1019 747 David¹:
1036 679 1078 747 Iu
1122 759 1124 764 .

39 799 182 854 nouum
203 811 265 852 uon
293 786 523 856 commovebitur
544 785 650 874 justin
677 785 707 852 ².
734 787 843 876 Neque
870 809 947 876 ergo
975 786 1079 856 fallaci

13 908 17 919 '
42 897 205 972 oratione,
223 917 326 984 neque
347 894 423 962 salsa
443 894 629 986 voluptate:
648 897 732 963 unde
747 919 851 986 neque
865 898 1047 964 movebitur
1061 907 1099 966 u'

10 1018 13 1032 '
36 1026 93 1068 sua
107 1002 306 1070 haereditate.
324 1003 382 1070 Aa
395 1002 552 1070 auditione
569 1027 643 1092 ergo
656 1004 740 1070 mata
755 1028 815 1070 nora
835 1002 950 1070 timebit
969 1003 993 1068 ’κ
1014 1005 1086 1088 Ne-¹

37 1134 100 1202 que
115 1135 192 1202 ergo
208 1113 248 1178 ab
263 1111 351 1178 inani
369 1110 548 1188 calumnia,
566 1111 624 1178 sed
640 1135 699 1178 nec
721 1137 738 1179 a
755 1111 830 1179 falsa
843 1113 992 1202 opinione
1007 1136 1087 1201 quae¹

10 1237 18 1276 t
37 1242 113 1288 eum
129 1221 314 1286 circumstat
329 1242 338 1284 τ
352 1219 409 1286 sed
423 1242 528 1308 neque
542 1217 672 1288 callidas
683 1220 888 1309 pertimescet
898 1216 1075 1306 orationes,

10 1349 19 1386 a
35 1329 93 1417 qui
111 1351 165 1394 eas
182 1327 228 1394 sic
247 1338 352 1416 potest
368 1325 548 1394 discernere
564 1339 600 1392 ut
615 1339 647 1393 et
659 1329 697 1394 ad
712 1327 973 1417 interrogandum
989 1333 1087 1396 recte

10 1437 70 1501 iet
86 1435 128 1502 ad
142 1435 394 1526 respondendum
411 1434 451 1502 sit
466 1446 595 1525 paratus
618 1459 626 1502 :
646 1447 695 1502 est
712 1436 798 1503 enim
812 1435 1004 1526 Dialectica‚
1021 1461 1084 1520 ve-¹

10 1543 95 1611 eluti
119 1543 214 1611 vallus
235 1544 386 1634 quidam,
409 1568 451 1610 ne
474 1545 589 1611 veritas
606 1541 814 1612 conculcetur
830 1569 846 1611 a
863 1527 1073 1636 sophistis...{

10 1681 15 1717 :
34 1653 206 1721 Gnosticua
220 1651 230 1686 ⁶
244 1650 415 1741 disciplinis
432 1665 559 1730 utatur,
577 1665 729 1742 tanquam
742 1653 865 1741 praeviis
880 1655 1084 1738 exercitatio-⁸

10 1789 18 1828 t
33 1763 130 1828 nibus
145 1813 154 1839 ,
169 1763 285 1852 quibus
300 1761 469 1851 adjuvatur
483 1773 554 1828 tum
570 1762 612 1827 ad
623 1762 790 1830 veritatem
807 1775 977 1839 accurate,
994 1787 1074 1851 qua-

10 1881 128 1940 ;tenus
145 1868 239 1946 lioet,
261 1881 294 1935 et
318 1870 507 1936 inconcusse
529 1867 739 1941 trahenduma
766 1879 835 1934 tum
854 1868 895 1935 ad
912 1869 1074 1958 improbos

10 2000 220 2055 sermones,
236 1978 292 2067 qui
307 1976 473 2044 veritatem
488 1976 656 2042 excindere
670 1975 865 2054 moliuntur,
887 1975 1069 2066 pulsandos:
1082 2054 1086 2063 1

10 2123 15 2164 ς
30 2083 105 2152 Non
120 2087 181 2151 erit
195 2085 292 2174 igitur
305 2107 418 2151 eorum
434 2083 581 2172 ignarus,
596 2106 666 2171 quae
677 2083 719 2150 ad
729 2083 916 2172 Enoyclicas
932 2083 1073 2175 discipli-

10 2233 13 2270 ς
28 2216 109 2271 nas,
122 2206 156 2259 et
167 2195 313 2260 Graecam
323 2190 555 2282 philosophiam
567 2191 785 2283 percipiendas
799 2193 1000 2283 conducunt3
1015 2196 1072 2263 sed

10 2299 104 2374 ibaec
125 2324 193 2367 non
212 2300 353 2400 addiscet
375 2299 525 2389 primario
543 2322 580 2367 ac
599 2300 647 2364 sui
670 2300 787 2389 gratia,
808 2300 865 2367 sed
886 2303 1071 2370 secundaria

10 2451 13 2490 ,
27 2409 172 2498 quadam
189 2409 329 2484 ratione,
347 2406 534 2474 necessitate
554 2429 591 2473 ac
610 2407 855 2474 circumstantiis
870 2407 903 2472 id
918 2408 1070 2496 exigenti-
1190 2471 1195 2484 ,

26 2517 102 2585 bus.
132 2517 258 2598 Quibus
273 2517 360 2582 enim
374 2516 519 2604 improbe
537 2527 569 2596 et
584 2513 739 2584 malitiose
753 2528 889 2584 utuntur
903 2513 1070 2584 baeresium
1138 2557 1142 2567 ·

26 2625 155 2714 patroni
167 2649 176 2701 3
189 2625 226 2690 iis
238 2637 327 2691 recte
338 2634 447 2691 utetur
458 2624 638 2691 Gnosticus.

71 2734 110 2800 Ei
123 2745 230 2800 autem
247 2733 323 2823 ⁶qui
336 2734 479 2822 decerpit
493 2732 527 2798 id
541 2734 629 2822 quod
642 2744 691 2798 est
706 2731 906 2800 conducibile
919 2733 960 2800 ad
974 2757 1069 2804 osum
1093 2749 1096 2756 '

28 2840 394 2920 Gatbecbumcnorum,
428 2841 589 2932 praecipue
623 2863 735 2908 eorum
771 2842 825 2930 qui
855 2854 929 2908 sunt
964 2843 1067 2910 Graeci

30 2947 186 3034 (Doruiui
198 2962 297 3014 oulen
316 2963 359 3016 est
378 2962 459 3015 terro
473 2962 501 3015 et
513 2949 669 3036 plenitudo
683 2949 749 3037 eJ'us
759 2949 804 3039 ⁶),
821 2972 886 3015 non
904 2960 953 3014 est
967 2951 1066 3016 absti-

25 3057 174 3124 nendum
189 3083 209 3124 a
222 3058 327 3124 studio
343 3057 513 3134 doctrine,
526 3059 624 3124 instar
636 3060 805 3124 brutorum
816 3057 1066 3138 animantium...

25 3165 83 3231 Est
101 3188 178 3254 ergo
197 3164 206 3198 ⁷
230 3165 413 3254 attingenda
435 3164 553 3231 llusica
575 3167 615 3232 ad
633 3189 737 3232 mores
759 3164 918 3232 ornandos
934 3176 966 3229 et
982 3187 1067 3230 com·
1121 3153 1122 3158 ἵ

24 3275 205 3364 ponendos.
223 3274 319 3340 Certe
329 3275 427 3342 etiam
441 3274 475 3340 in
488 3273 633 3340 convivio
646 3276 739 3344 nobis
750 3274 887 3342 invicem
902 3272 1066 3363 psallendo

62 3402 219 3473 'Peg-pilo.
697 3388 705 3400 ⁸

62 3493 439 3564 'Pul-cxn,6.-·'lbid.7.

62 3583 143 3654 Ἧι.
155 3588 215 3652 781.

64 3673 213 3742 'hg-786·

61 3766 71 3790 ⁸
88 3779 98 3814 ι
115 3763 174 3815 Cor.
188 3782 218 3827 x,
232 3766 274 3814 ao.

60 3850 141 3918 'Pap
156 3849 216 3912 78⁵.
