2574 4628
327 297 529 346 cononmmn
552 299 593 342 nn
615 297 745 346 nunnus.
993 283 1053 346 205

15 437 111 490 rotem
132 419 208 488 sole
230 418 377 497 celesius,
398 436 438 486 ex
456 419 523 509 ipse
544 418 645 486 Petris
663 417 825 486 voluntate
845 432 934 487 ortus
958 439 1055 502 esset,

14 535 144 602 mxima
168 529 340 599 eeleritate
357 531 399 598 nd
415 531 576 598 universos
590 529 736 596 homines
755 529 891 608 delatus,
908 530 1057 600 facillime

15 645 80 714 lecit
94 655 131 708 ut
146 643 242 710 Deus
263 640 356 708 nobis
371 638 584 714 illucesceret3
601 640 760 706 undenam
779 641 860 730 ipse,
876 653 909 708 et
924 644 995 732 quis
1010 669 1058 710 es-

14 767 68 831 set,
79 754 234 822 doctrina
253 765 349 841 etque
366 751 493 831 editis-n
510 775 545 818 se
560 749 720 818 miraculis
735 753 917 830 ostendens,
931 753 1068 822 foederis*

15 865 217 940 conciliator,
241 875 276 930 et
300 861 497 953 pacificetur,
515 873 557 936 ,et
581 875 723 930 servator
753 875 874 940 noster,
901 862 1059 942 Verbum,
1110 863 1122 930 .'

17 975 80 1044 lens
91 974 217 1052 ritulis,
229 973 397 1064 pncilieus,
411 997 468 1062 per
479 974 659 1040 universnm
672 984 766 1040 terrae
782 973 894 1041 belem
907 975 1056 1048 diffusum

16 1109 196 1176 perquem,
221 1097 257 1152 ut
275 1085 321 1150 ite
341 1084 457 1160 diesin
475 1107 585 1150 rerum
602 1083 787 1152 universitas
806 1083 919 1152 ellectu
939 1097 988 1152 est
1000 1111 1058 1176 pe-

19 1197 302 1288 mmmmm.

58 1307 116 1376 xl.
133 1307 216 1374 «lem
233 1329 324 1384 vero,
336 1305 396 1374 nisi
409 1303 701 1390 molestumlnerit,
714 1309 754 1374 nb
772 1307 841 1397 ipso
856 1308 959 1397 cupite
975 1331 1063 1398 repe-
1113 1394 1114 1402 ἵ
1219 1339 1225 1350 ·

20 1431 99 1494 tom,
111 1419 245 1484 intuere
260 1417 404 1484 divinum
416 1415 621 1484 beneficium.
636 1418 761 1486 Primus
773 1419 871 1484 homo
881 1415 958 1484 olim
971 1417 1063 1483 Pern-

25 1529 123 1598 disum
138 1526 304 1605 incolens,
324 1527 455 1596 ludebnt
475 1527 612 1606 solutus,
629 1527 702 1616 quin
720 1528 872 1620 puerulus
891 1539 960 1596 eret
979 1529 1059 1595 Dei:

25 1665 96 1712 cum
113 1664 191 1710 vero
212 1663 286 1708 sese
308 1640 489 1729 subjecerat
506 1639 659 1730 voluptati
679 1639 892 1731 (voluptatem
913 1641 999 1706 enim
1016 1643 1065 1709 in-

26 1753 93 1820 nuit
113 1773 260 1840 serpens,
285 1772 327 1816 oo
341 1749 428 1838 quod
447 1761 558 1816 ventre
573 1750 746 1840 gradiatur,
769 1763 920 1818 terrestre
938 1751 1064 1825 vitium,

31 1971 236 2039 contumacis
252 1968 405 2043 adolevitt
426 1971 595 2060 Deumque
605 1983 728 2060 petrem
741 1995 847 2047 suum,
861 1972 919 2061 ipsi
932 1995 995 2037 non
1008 1995 1066 2061 pn-

34 2080 152 2156 rento,
166 2079 331 2168 ignominie
341 2078 458 2148 nll'ecit.
472 2081 598 2160 Quanta
610 2081 733 2146 viseret
743 2080 929 2171 voluptatis!
947 2083 1074 2166 Homo,

36 2191 97 2280 qui
117 2192 161 2258 ob
183 2188 410 2279 sinplicitntem
432 2190 536 2256 suerat
556 2187 691 2268 solutus,
708 2193 853 2257 inventus
867 2203 916 2258 est
930 2195 1068 2281 peccetis

37 2299 163 2390 ligetur.
181 2301 262 2368 Eum
277 2323 349 2370 cum
360 2299 494 2368 vinculis
505 2298 641 2367 liberere
652 2297 746 2368 vellet
756 2301 924 2376 Dominus,
940 2323 1070 2368 onmem

37 2411 152 2487 induit,
170 2409 185 2498 (
194 2434 215 2478 o
228 2411 371 2478 divinum
389 2411 623 2501 mysteriuml)
642 2423 821 2500 serpentem
836 2411 924 2478 bunc
940 2411 1069 2486 devicit,

34 2535 220 2612 tyrannum,
233 2520 298 2588 hoo
311 2534 359 2588 cst
371 2534 520 2598 mortem,
533 2523 566 2588 in
578 2521 761 2588 servitutem
774 2521 896 2610 redegit
908 2543 917 2586 ε
927 2533 972 2598 et,
985 2521 1072 2610 quod

32 2635 171 2702 mammo
191 2643 310 2722 praeter
334 2633 517 2722 opinionem
539 2633 684 2722 contigit,
705 2629 795 2698 illum
817 2631 993 2710 bominem,
1018 2634 1073 2720 qui

32 2744 186 2811 seductus
207 2745 249 2809 nb
271 2740 427 2810 illecebris
450 2742 632 2834 voluptatis,
655 2753 688 2810 et
713 2743 909 2833 corruptioni
935 2739 1071 2834 illigatus

31 2854 152 2932 fueret,
176 2853 341 2943 explicetis
365 2855 512 2920 munibus
537 2853 676 2921 solutum
699 2853 846 2920 ostendit.
873 2853 902 2920 Ο
928 2853 1072 2920 mirabile

33 2965 251 3055 mysteriuml
265 2963 441 3030 Succubuit
455 2964 584 3054 quidem
595 2965 762 3042 Dominus,
772 2963 869 3031 homo
882 2975 989 3031 nutem
1002 2989 1074 3030 sur-

31 3077 137 3142 rexit:
157 3087 194 3140 et
212 3075 268 3163 qui
287 3073 403 3140 oecidit
420 3097 459 3140 ex
477 3073 638 3152 Perediso,
654 3075 757 3164 majus
777 3075 968 3142 obedientie
988 3097 1072 3164 prae-

32 3187 150 3264 mium,
168 3181 290 3252 culum
305 3185 430 3274 accipit.
452 3185 685 3265 Quamobrem,
703 3197 738 3251 ut
752 3185 831 3252 mihi
846 3185 983 3261 videtur,
1001 3209 1076 3251 cum

33 3296 142 3388 ipsum
152 3293 302 3362 Verbum
313 3295 353 3360 cd
366 3318 424 3361 nos
436 3296 521 3362 venit
533 3295 669 3375 coelitus,
682 3319 746 3362 non
759 3296 933 3368 suntnobis
944 3293 1079 3383 emplius

34 3404 279 3497 frequentandae
304 3405 472 3472 bominum
500 3403 628 3482 schole,
656 3382 718 3474 nec
743 3405 889 3481 Athenae,
917 3403 1076 3494 reliquave

37 3515 181 3592 Gracia,
206 3527 262 3581 eut
283 3517 380 3582 etium
399 3517 487 3585 lonin
509 3518 687 3583 studiorum
706 3539 799 3583 ceusu
815 3515 978 3582 adeundae.
997 3515 1078 3582 Num

38 3627 63 3692 si
77 3627 144 3694 boc
162 3637 295 3692 utemur
308 3627 473 3715 magistro,
485 3627 539 3718 qui
552 3627 668 3694 sanctis
680 3627 858 3700 virtutibus,
878 3607 1017 3718 offiificio,
1035 3651 1082 3693 sn-

39 3735 119 3814 lute,
133 3736 308 3811 beneficio,
325 3733 534 3825 legislatione,
558 3737 719 3812 vaticinio,
735 3734 893 3814 doctrina,
910 3737 1083 3829 complevit

39 3848 169 3918 omnies
188 3843 277 3911 nullu
290 3857 339 3910 est
353 3845 497 3912 doctrine
515 3867 609 3932 quum
625 3846 651 3910 is
667 3867 733 3911 non
745 3845 853 3922 trudit,
867 3847 1000 3936 ipsique,
1019 3847 1086 3910 boc

38 3971 90 4025 est
114 3957 236 4035 Verbo,
263 3957 428 4028 universus
453 3958 519 4046 jum
546 3959 630 4025 orbis
657 3969 812 4024 terrorum
835 3957 967 4026 Athone
989 3969 1086 4043 atque
