2686 4628
533 309 695 353 uersutus.
1088 310 1124 376 71

83 370 323 506 eubulipsum
341 433 375 486 et
389 421 587 509 ipsa-sidera
602 421 713 488 audaci
736 421 908 510 cupiditate
930 423 1128 490 transcendi-

84 549 160 600 mus,
173 525 223 592 rel
243 526 346 596 buno
365 553 518 596 errorem
540 529 664 608 saltem,
692 554 755 598 non
771 533 857 597 vania
871 543 906 596 et
922 531 1130 598 formidolosis

83 636 281 726 opinionibus
313 638 540 729 implicemus.
570 639 641 707 Sint
666 641 821 730 principio
844 641 987 707 omnium
1009 643 1128 708 semina

87 751 238 814 naturaie
254 771 294 814 se
309 758 462 818 coeunte
481 752 610 818 densata
626 775 635 817 :
655 753 726 840 quis
739 753 793 820 hic
807 765 918 820 unctor
933 751 1042 818 Densi
1056 751 1129 818 Sint

92 859 215 926 burins
225 861 511 928 concursionibus
528 861 623 926 tutius
641 861 754 928 mundi
769 862 911 927 membra
929 859 1056 936 coalita,
1074 860 1132 926 di·-

94 982 181 1058 μευ,
199 968 345 1035 surmate
361 993 371 1034 z
387 971 462 1058 quis
483 971 574 1036 Deus
590 969 811 1038 machinator?
825 969 938 1036 Sidera
958 969 1034 1036 lieet
1047 969 1128 1059 ignis
1261 1033 1266 1053 ,

91 1078 276 1156 mtffls,
295 1094 333 1146 et
353 1080 479 1149 coeluns
500 1080 575 1148 licet
592 1103 648 1146 sua
663 1081 794 1156 muteris
815 1079 1034 1169 suspenderit;
1052 1078 1128 1146 licet

92 1190 432 1258 terramiundaverint
446 1192 600 1282 pondera,
623 1205 655 1258 et
674 1215 762 1259 mare
783 1191 858 1259 licut
875 1190 1035 1256 influxerit
1055 1189 1128 1256 eli-

90 1323 198 1389 puuue:
213 1301 311 1368 unde
333 1302 411 1369 haec
431 1303 555 1392 religio,
580 1303 665 1370 unde
686 1303 835 1380 formido,
857 1323 927 1391 que
947 1301 1129 1390 superstitio

86 1409 148 1475 est?
159 1411 273 1478 llumc
285 1423 323 1477 et
337 1411 463 1482 animal
473 1435 569 1482 omne
580 1413 666 1501 quod
677 1415 831 1489 nuscitur,
842 1413 1024 1501 inspiratur,
1037 1410 1129 1476 attul-

82 1517 164 1594 litur,
187 1520 442 1588 clementorum
465 1533 502 1588 ut
527 1522 703 1590 uoluntaria
730 1524 891 1590 concretio
913 1535 986 1590 est:
1004 1525 1036 1590 in
1056 1535 1128 1611 quc

82 1651 209 1696 rursum
235 1631 343 1697 bomo
365 1645 400 1697 st
416 1631 535 1698 animal
548 1655 642 1698 omne
660 1632 823 1707 dividitur,
840 1632 984 1711 solvitur,
1001 1633 1128 1721 dissipa·

82 1751 141 1804 tur.
160 1741 214 1805 lta
231 1741 410 1808 insontem
422 1740 575 1816 refluunt,
587 1753 620 1806 et
633 1741 666 1808 iu
677 1754 776 1808 semet
787 1743 893 1808 omnia
909 1741 1127 1818 revolvuntur,

82 1845 170 1914 nullu
199 1850 345 1925 artifice,
368 1873 430 1916 nec
453 1849 571 1925 indice,
593 1873 653 1916 nec
679 1863 818 1917 auctore.
843 1851 909 1927 Sic,
932 1851 1128 1941 congregetis

79 1960 210 2048 ignium
226 1962 420 2038 seminibus,
437 1959 519 2027 soles
530 1959 606 2026 alios
621 1972 715 2056 atque
727 1961 802 2029 ulios
814 1984 940 2051 semper
950 1962 1126 2051 splendere.

83 2069 153 2146 sic,
163 2069 327 2138 exhalatis
343 2084 437 2136 terrm
447 2071 629 2159 vaporibus,
642 2069 772 2138 nebulas
788 2072 1133 2161 semporadolescerez·
1167 2154 1174 2166 ·

83 2181 213 2266 quibus
222 2180 359 2246 densatis
372 2180 566 2267 coactisque,
579 2181 679 2246 nubes
691 2179 783 2245 altius
795 2203 941 2271 surgere3
959 2183 1070 2248 iisdem
1081 2181 1129 2248 la-

86 2290 259 2366 bentibus,
271 2289 394 2379 plurias
408 2289 523 2366 liuere,
539 2288 614 2356 llere
626 2300 748 2365 ventos,
762 2291 930 2379 grandines
944 2292 1125 2381 increpares
1193 2333 1197 2346 ·

89 2398 139 2463 sel
155 2400 278 2465 nimbis
292 2399 531 2479 collidentibus,
544 2401 683 2466 tonitrua
698 2399 834 2487 mugire,
848 2399 978 2466 rutilare
992 2400 1128 2490 fulgura,
1231 2405 1235 2414 '

93 2508 227 2578 einins
242 2512 452 2600 promisere:
472 2511 551 2576 adeo
564 2512 681 2600 passim
699 2511 830 2587 cudunt,
847 2523 971 2577 montes
990 2513 1127 2588 irruunt,

93 2621 263 2686 arboribus
288 2622 471 2696 incurrunt,
495 2621 562 2686 sine
587 2621 713 2688 delectu
735 2633 871 2710 tangunt
889 2621 957 2689 locs
981 2645 1069 2690 secra
1096 2635 1128 2690 et

95 2731 239 2820 prolana,
256 2732 403 2798 homines
423 2731 533 2797 noxios
553 2729 671 2797 leriunt
697 2744 730 2797 et
744 2753 826 2820 saepe
847 2729 1016 2821 religiosos.
1039 2732 1127 2812 Quid

96 2855 301 2933 tempestates
323 2841 437 2932 loquar
453 2843 552 2908 varias
570 2855 603 2907 et
616 2845 764 2918 incertas,
781 2843 896 2931 quibus
910 2841 998 2908 nullo
1015 2843 1127 2909 ordino

2 2977 4 3045 ζ
98 2951 148 3018 rel
162 2953 319 3048 momine,
332 2973 441 3019 rerum
456 2954 598 3018 omnium
614 2951 750 3042 impetus
760 2951 941 3018 volutatur?
955 2953 988 3018 in
999 2952 1127 3018 naufra-

3 3069 5 3142 ,ἓ
99 3063 168 3152 giis,
182 3065 345 3130 bonorum
355 3062 575 3151 mulorumque
589 3063 651 3128 latu
666 3065 776 3139 mixta,
797 3065 909 3129 merita
925 3061 1080 3128 confusa?
1094 3063 1126 3130 in

98 3173 263 3250 incendiis,
285 3175 452 3241 interitum
475 3174 644 3240 convenire
664 3174 834 3240 insontium
856 3172 1127 3260 nocentiumque?

4 3335 5 3338 η
98 3297 141 3359 et,
164 3307 239 3352 cnm
253 3287 330 3351 tabe
351 3284 497 3374 pestilera
518 3283 588 3352 coeli
615 3295 735 3352 tructus
756 3283 907 3360 inlicitur,
932 3283 999 3350 sine
1021 3283 1130 3351 discri-

101 3395 181 3461 mine
200 3419 313 3462 omnes
331 3396 501 3486 deperire?
515 3408 560 3473 et,
572 3419 646 3464 crum
658 3395 732 3463 belli
747 3396 860 3462 ardore
872 3394 1009 3486 saevitur,
1020 3394 1128 3462 melio·

101 3529 146 3572 res
155 3507 262 3595 potius
275 3505 493 3573 occumbere?
507 3508 544 3572 ln
558 3504 755 3596 peucetiam,
769 3527 834 3569 nun
850 3515 974 3570 tuntum
984 3515 1129 3592 equatur

100 3617 234 3704 nequitia
245 3614 446 3702 melioribus,
464 3617 519 3681 sed
534 3628 566 3682 et
580 3615 695 3683 colitur
709 3639 717 3680 τ
733 3615 817 3680 utin
833 3613 975 3704 pluribus
992 3615 1124 3691 nescias,

101 3740 202 3793 utrum
219 3727 263 3792 sit
281 3747 398 3792 eorum
415 3726 594 3793 detestanda
611 3729 758 3816 pruritus,
776 3748 816 3791 an
831 3726 966 3816 optanda
982 3723 1122 3792 felicitas.

101 3835 237 3915 Quodsi
260 3835 402 3902 muudus
426 3835 527 3902 diviua
549 3835 758 3925 providentia,
782 3847 814 3899 et
837 3834 968 3924 alicujus
989 3831 1127 3898 numinis

102 3945 285 4017 auctoritate
302 3954 479 4036 regeretur,
496 3965 659 4034 uunquam
673 3953 848 4011 mereretur
858 3942 996 4012 Phalaris
1012 3953 1044 4008 et
1055 3939 1132 4008 llio·
