2478 4594
354 272 546 343 aracusios
568 294 631 342 ara.
658 295 699 342 rr.
979 273 1044 342 aas

30 425 122 480 antur
137 411 461 492 demonstrationem,
477 414 637 506 praecipue
653 414 679 481 si
697 413 718 481 ii
736 413 792 504 qui
811 411 946 481 andiunt
959 435 1048 481 acce-

30 535 85 616 ant
96 545 134 589 ex
145 523 332 590 Graecorum
344 521 470 591 scholis.
483 523 666 606 Quamdam
675 521 772 590 talem
787 521 964 590 Ecclesiam
981 521 1049 589 des«

30 631 100 698 ibit
115 631 217 698 David
236 653 245 697 a
264 631 396 701 ‹Astitit
412 631 552 723 reginae
576 631 712 698 dexteris
728 625 791 697 tuis
807 621 841 697 in
860 631 976 698 vestitu
998 629 1050 697 dc«

30 751 156 816 aurato,
171 739 391 818 circumdata,
410 742 569 832 variegata
582 739 591 776 ¹
606 763 639 806 :e
654 739 758 830 Atque
777 739 894 806 iterum
910 739 1049 816 Graecis,

30 871 34 912 ;
54 845 123 915 aliis
143 849 365 939 praestantibus
392 851 521 918 taureis
548 849 715 918 fimbriatis
737 847 932 916 circumdata
952 859 985 914 et
1001 871 1053 916 ra-

30 957 105 1022 riata
114 953 137 1022 ¹.
148 953 272 1026 Veritas
281 969 389 1028 autem
400 979 459 1048 per
469 957 642 1025 Dominum
653 955 844 1026 :Consilium
852 955 1050 1034 eaimtuum,

30 1063 150 1154 inquit,
163 1065 233 1155 quis
245 1067 333 1134 novit
344 1116 354 1144 ,
367 1066 392 1138 si
405 1089 470 1137 nou
481 1079 517 1133 tu
529 1066 654 1133 dederis
665 1066 849 1156 sapientiem
860 1116 869 1142 ‚
882 1075 914 1130 et
925 1063 1050 1131 miseris

30 1185 179 1241 sanctum
193 1186 285 1242 tuum
294 1173 449 1265 Spiritum
460 1177 502 1246 ab
518 1173 694 1252 altissimis,
707 1182 741 1240 et
754 1173 798 1241 ita
812 1185 965 1241 correctae
982 1173 1055 1239 lue-

30 1283 97 1348 rint
113 1281 170 1348 aire
185 1304 296 1348 eorum
313 1283 452 1373 quisunt
468 1283 501 1351 iu
514 1295 617 1360 terra,
633 1295 666 1349 et
678 1281 847 1349 didicerint
860 1279 1005 1347 homines
1016 1303 1054 1350 ee

35 1413 110 1479 quae
125 1389 181 1457 tibi
192 1387 339 1479 placent.
355 1403 387 1462 et
398 1385 608 1460 salri'l'uerint
623 1390 842 1482 sapientia⁸ia
859 1389 939 1458 Nam
954 1389 1056 1457 Gnos-

30 1498 118 1574 icus,
135 1519 191 1587 per
210 1498 406 1587 Scriptorum
427 1499 516 1568 norit
541 1499 689 1588 antiqua,
713 1509 747 1566 et
771 1497 904 1588 conjicit
925 1496 1053 1563 iuturus

31 1605 80 1673 cit
93 1601 236 1695 strophas
250 1605 428 1676 orationum
439 1658 448 1684 ,
459 1619 491 1674 et
503 1606 706 1696 aenigmatum
718 1603 892 1674 solutiones
908 1629 916 1671 ε
930 1605 1057 1695 praescit

30 1713 106 1804 igne
120 1724 153 1780 et
168 1715 328 1805 prodigia,
344 1728 378 1783 et
391 1727 524 1784 eventus
538 1727 740 1805 temporum,
751 1726 790 1780 ut
801 1714 889 1803 prius
906 1713 1053 1780 diximus.

30 1819 112 1888 tides
126 1821 248 1889 sontem
263 1821 501 1913 disciplinarum
515 1846 646 1892 manare
661 1847 679 1890 a
695 1820 858 1910 sapientia.

48 1926 257 2004 Gnostiens‘‚
280 1941 312 1992 et
330 1927 454 2016 justus,
481 1937 514 1995 et
528 1939 677 2003 scamus,
698 1949 774 1993 cnm
789 1925 960 2015 prudentie
976 1945 1058 1992 con-

30 2033 110 2102 andit
121 2035 288 2125 pervenire
300 2033 340 2101 ad
350 2057 535 2102 mensuram
547 2034 697 2125 perlectae
708 2033 818 2100 aetatis.
835 2032 934 2115 Quod
948 2045 1057 2100 autem

30 2165 73 2209 on
90 2141 197 2209 solum
220 2143 361 2208 actiones
382 2151 416 2210 et
440 2140 667 2232 cogitationes,
687 2141 744 2208 sed
762 2143 860 2208 etiam
875 2143 972 2208 verba
993 2143 1058 2209 sint
1117 2171 1125 2182 ’

30 2250 170 2318 tundaei
179 2250 234 2336 qui
247 2260 294 2314 est
309 2249 493 2340 cognitione
499 2249 668 2342 praeditus:
690 2249 854 2316 «Probasti
866 2273 1055 2327 cormeum,

31 2357 169 2426 visitasti
181 2379 235 2422 me
250 2369 368 2435 noctu,
382 2357 492 2446 inquit,
507 2355 710 2424 inflammasti
722 2379 789 2452 meg
799 2368 833 2422 et
848 2380 913 2424 non
928 2358 1055 2424 inuenta

31 2475 83 2532 est
105 2463 139 2531 in
153 2487 207 2531 me
224 2464 382 2553 iniqnitas.
408 2465 457 2534 Ne
477 2463 626 2556 loquatur
645 2489 680 2532 es
703 2487 813 2531 meam
833 2486 929 2554 opera
949 2465 1056 2531 homi-

31 2571 178 2640 num⁸.»
199 2575 239 2640 Et
266 2572 343 2664 quid
369 2571 442 2642 dieo
463 2595 560 2665 opera
577 2572 771 2641 homiuuml
800 2571 923 2640 scilicet
948 2573 1056 2663 ipsum

32 2681 154 2772 gnoscit
176 2693 364 2770 peccatum.
388 2703 454 2749 nen
469 2677 503 2750 id
520 2681 613 2770 cujus
634 2681 701 2771 ipse
724 2682 789 2770 agit
808 2681 1053 2771 paenitentiam:

32 2802 59 2858 u
69 2790 158 2856 enim
168 2789 232 2856 hoc
242 2811 415 2856 commune
426 2787 561 2857 aliorum
573 2804 700 2879 qnoque
711 2786 874 2867 fidelium,
887 2789 944 2855 sed
956 2789 1058 2878 quod-

32 2915 156 2982 umque
175 2904 223 2959 est
241 2905 409 2984 peecatum
426 2917 436 2960 r
453 2917 557 2983 neque
578 2895 665 2960 enim
680 2905 805 2961 centnm
829 2892 960 2982 aliquod
975 2915 1059 2961 con·
1138 2977 1144 2984 .

33 3013 174 3079 emunt,
198 2999 254 3068 sed
273 3001 458 3092 simpliciter
485 3023 581 3069 omne
609 3013 811 3093 peccatumr
843 3025 949 3092 neque
970 3003 1058 3090 quod

33 3111 87 3200 [uis
116 3107 314 3187 malefecit,
337 3108 393 3177 sed
414 3109 499 3198 qnod
520 3133 587 3177 non
612 3111 651 3176 sit
679 3109 889 3186 faciendum,
913 3109 1053 3178 adducit.

33 3218 108 3285 lude
119 3229 168 3284 est
182 3217 279 3284 ctiam
294 3215 410 3308 duplex
422 3217 607 3307 paenitentia
622 3240 630 3285 ε
646 3238 709 3286 una
723 3217 852 3308 quidem
864 3220 1057 3297 communis,

34 3337 185 3416 ropterea
201 3325 290 3416 quod
310 3325 515 3416 peccaverite
534 3324 631 3393 altera
648 3349 742 3404 vero,
761 3347 836 3392 cum
857 3326 981 3416 peccati
998 3351 1058 3394 na-

34 3457 127 3501 uram
150 3433 314 3512 didicerit,
337 3433 442 3524 primo
463 3431 537 3500 loco
563 3435 733 3525 persuadet
752 3436 794 3501 eh
815 3431 885 3523 ipso
908 3434 1058 3504 desistere

35 3554 174 3621 seccato,
197 3541 249 3610 cui
267 3553 315 3608 cst
336 3563 536 3633 consequens
555 3551 591 3608 ut
611 3566 677 3610 nou
697 3555 819 3633 peccet.
846 3541 893 3612 Ne
915 3567 990 3636 ergo
1008 3543 1073 3630 di?

61 3736 143 3791 'Pul
161 3736 814 3808 xav,3.·-'1btd.13,x4.-¹Sap.r11,17‚ati.

60 3829 69 3858 ⁴
85 3833 141 3897 Peg.
152 3828 213 3898 788.

60 3919 69 3950 ⁸
82 3919 145 3972 Pul.
153 3937 224 3984 xxxx,
236 3923 249 3970 3
260 3958 267 3984 ,
281 3925 306 3990 4.
