2532 4608
340 305 551 352 -sruorraruu
574 305 634 350 urs.
658 301 715 350 vu.
987 285 1050 352 585

9 433 76 501 lien
96 430 235 500 Ecclesia
253 431 428 522 posteriora
447 455 502 498 sua
520 429 655 498 fecerint
671 427 903 508 conciliabula,
924 445 1053 498 nonest

9 565 94 631 epus
105 539 212 608 multis
223 541 371 631 probare.
388 539 468 608 Nem
479 538 605 606 Domini
617 563 686 628 quae
697 539 757 604 suit
772 539 805 604 in
821 538 958 607 adventu
974 541 1053 606 ‹loc-

7 649 118 728 trina,
142 672 218 718 cum
238 648 385 738 coepisset
404 649 443 714 ab
466 647 630 736 Augusto,
649 647 756 714 medio
771 658 918 736 tempore
935 648 1053 716 Tiberii

8 771 283 827 consummatur:
308 755 535 847 Apostolorum
556 768 663 824 autem
682 757 751 846 ejus
767 755 934 832 doctrina,
954 781 1053 846 usque

6 869 51 936 ed
69 867 158 934 Pauli
169 866 403 943 ministerium,
421 865 556 933 Neronis
571 877 715 955 tempore
728 877 982 931 consummatur.
997 867 1053 932 ln-

4 975 110 1043 ferius
133 954 242 1043 nutem
262 975 348 1043 eirca
368 985 512 1064 tempora
528 973 659 1042 Adriani
681 973 879 1066 imperatoris
904 975 1051 1052 luerunt,

2 1084 65 1173 qui
85 1084 222 1150 haereses
244 1084 483 1173 excogitarunt,
505 1093 540 1148 et
559 1094 773 1172 pervenerunt
791 1103 890 1171 usque
913 1081 953 1148 ad
975 1093 1052 1149 aeta-

27 1223 67 1251 ···
94 1193 247 1260 Antonini
264 1203 340 1258 natu
352 1190 501 1280 majoris,
526 1190 609 1257 sieut
626 1187 797 1266 Basilides,
816 1191 937 1256 etiamsi
958 1189 1052 1260 Glau-

24 1299 93 1366 iam
114 1300 175 1366 sibi
195 1299 332 1367 ascribat
349 1299 554 1389 magistrum,
578 1309 614 1364 ut
630 1299 689 1388 ipsi
708 1297 901 1388 gloriantur,
920 1299 974 1388 qui
992 1299 1053 1365 luit

14 1408 98 1474 'etri
121 1407 289 1495 interpres.
317 1405 470 1474 Similiter
494 1418 603 1474 autem
627 1405 832 1475 Valentinum
851 1431 977 1496 quoque
1001 1409 1052 1475 di-

26 1527 89 1582 unt
117 1515 272 1582 audivisse
295 1513 532 1583 Theoclndem:
561 1515 599 1582 iis
628 1526 735 1582 autem
757 1515 818 1584 luit
842 1513 930 1584 Pauli
956 1516 1051 1584 fami-

16 1627 103 1692 'aris
136 1626 277 1694 Marcion
305 1628 391 1696 enim
417 1651 493 1696 cum
516 1640 609 1695 uatus
635 1640 719 1694 esset
747 1628 861 1694 eadem
886 1652 951 1717 qua
979 1629 1046 1720 ipsa
1082 1664 1084 1668 ¹

7 1745 118 1810 tate,
137 1736 323 1802 versabatur
338 1747 375 1801 ut
389 1758 484 1802 senex
502 1758 578 1802 cum
602 1735 782 1824 junioribus
806 1747 905 1823 :post
931 1759 1044 1822 quem,

4 1839 122 1908 imon
145 1843 276 1908 Petrum
297 1843 395 1908 audiit
416 1840 582 1933 paululum
604 1842 842 1931 praerlicantem.
865 1843 945 1924 Quae
970 1867 1046 1910 cum

1 1950 49 2014 'ta
67 1947 228 2026 habeant,
244 1947 426 2016 claromest
446 1974 486 2016 ex
506 1951 722 2040 antiquissima
742 1962 773 2016 et
795 1950 956 2017 ¹verissima
982 1953 1059 2019 Ec-'

1 2125 2 2128 ,
22 2053 104 2121 lesia
122 2055 179 2122 has
196 2057 407 2134 recentiores,
433 2069 466 2122 et
480 2081 550 2147 quae
566 2057 615 2123 his
636 2071 711 2124 sunt
729 2057 834 2125 adhuc
860 2059 1043 2138 inferiores,

10 2185 152 2252 empore
174 2165 269 2231 suisse
293 2165 483 2243 innovatas,
507 2164 690 2232 adulterinae
715 2178 799 2233 notae
823 2167 968 2235 haereses.
996 2171 1045 2236 Ex

1 2273 36 2338 iis
59 2295 132 2361 quae
152 2273 237 2340 dieta
263 2286 337 2340 sunt
353 2274 556 2341 manifestum
577 2297 647 2342 ease
664 2275 832 2353 existimo,
856 2299 953 2343 unam
975 2301 1043 2347 esse

3 2405 111 2451 erem
124 2381 322 2460 Ecclesiam,
336 2407 407 2449 eum
419 2406 489 2472 quae
501 2397 633 2472 vereest
645 2384 791 2472 antiqua,
804 2385 837 2450 in
853 2387 946 2474 cujus
962 2399 1044 2453 cata-

1 2495 113 2579 logum
128 2491 310 2558 reseruntur
326 2492 347 2556 ii
363 2492 418 2579 qui
438 2504 513 2558 suut
530 2493 606 2579 justi
625 2515 664 2558 ex
679 2493 851 2582 proposito.
870 2495 1042 2562 Nemeum

17 2621 85 2662 nus
100 2598 142 2662 sit
159 2599 243 2665 Deus
264 2611 298 2664 et
315 2621 397 2664 unus
415 2599 588 2675 Dominus,
605 2613 774 2689 prepterea
795 2602 827 2670 id
842 2604 939 2669 etiam
954 2604 1043 2691 quod

0 2712 46 2766 κε
63 2723 187 2768 summe
204 2701 398 2781 venerabile,
415 2716 448 2769 et
462 2725 502 2770 ex
515 2727 555 2769 eo
573 2705 660 2792 quod
675 2706 715 2770 sit
733 2708 862 2774 unicum
879 2708 1040 2790 laudatur,

17 2820 32 2874 t
47 2809 136 2896 quod
151 2811 191 2874 sit
204 2811 338 2876 imitatio
349 2812 495 2900 principii
513 2813 601 2899 quod
613 2825 661 2878 est
673 2837 783 2880 unum.
805 2817 841 2882 ln
860 2819 953 2884 unius
965 2843 1046 2909 ergo

21 3243 164 3331 tiquam
180 3254 212 3308 ot
229 3239 427 3308 catholicam
442 3243 632 3330 Ecclesiam,
648 3248 681 3313 in
697 3250 851 3316 unitatem
860 3251 954 3316 unius
965 3253 1039 3319 fidoi

39 3375 70 3417 aa
92 3364 140 3417 est
157 3375 197 3416 ex
212 3351 346 3441 propriis
364 3353 574 3428 testamentis,
597 3355 645 3421 vel
665 3358 769 3445 petius
791 3381 831 3424 ex
848 3366 1044 3427 testamento

12 3461 87 3526 uod
103 3473 149 3526 est
167 3485 265 3527 unum
282 3461 410 3526 diversis
429 3461 646 3552 temporibus,
665 3464 697 3528 in
717 3465 830 3553 quibus
850 3467 909 3533 Dei
923 3447 1038 3535 'volun-

1 3582 62 3635 ate
78 3593 138 3658 per
151 3591 252 3635 unum
263 3569 436 3636 Dominum
450 3582 622 3660 congreget
637 3593 691 3636 eos
707 3574 761 3660 qui
779 3587 852 3640 sunt
872 3575 936 3664 jam
954 3577 1041 3644 ordi-

34 3679 85 3754 ti,
114 3699 192 3766 quos
216 3673 450 3768 praedestinant
474 3679 580 3756 Deus,
609 3701 684 3746 eum
707 3703 761 3746 eos
787 3683 887 3770 justos
913 3685 1039 3753 suturos

17 3787 198 3876 gnorisset
212 3797 285 3855 ante
298 3787 410 3852 muudi
427 3788 696 3855 constitutionem.
714 3789 871 3857 Ceterum
887 3793 1040 3862 Ecclesiae

11 3918 125 3982 noque
144 3895 332 3970 eminentia,
349 3895 432 3962 sicut
446 3895 639 3985 principium
655 3901 917 3980 constructionis,
932 3917 981 3970 est
994 3927 1038 3969 ex
