2738 4628
243 261 282 324 7a
596 261 627 304 a.
654 257 779 302 urauru
804 257 924 302 araucas

240 379 348 468 nysius
372 392 518 470 reguum
545 401 709 467 uunquam
735 377 868 444 Rutilius
894 388 929 442 et·
953 373 1102 442 Camillus
1124 373 1271 449 exilium,

239 510 403 577 uunquam
417 487 563 556 Socrates
580 511 747 556 venenum.
768 489 851 553 lleoe
871 487 998 551 arbusta
1014 481 1173 571 frugifera,
1191 503 1271 548 eece

236 597 308 690 jam
320 621 408 688 seges
423 621 515 676 cana,
531 600 597 688 jam
614 597 788 664 temulenta
809 596 980 672 vindemia,
1003 595 1097 695 imbri
1120 615 1271 660 eorrum-

238 709 337 797 pitur,
360 709 512 798 grandine
533 709 673 776 ceditur.
699 709 788 776 Adeo
819 721 875 773 aut
896 705 1013 774 ineerta
1038 706 1129 772 nobis
1152 706 1271 772 veritas

237 817 419 886 ooaaultatur
437 833 470 884 et
487 821 642 909 premitur
648 846 659 895 3
683 834 749 897 ant,
769 819 855 910 quod
874 820 974 908 magis
989 817 1185 886 credendum
1205 829 1271 892 est,

238 928 331 994 uariis
345 941 378 994 et
394 927 523 996 lubricis
541 930 665 997 casibus
679 929 781 996 soluta
796 929 918 1018 leg-ibus
933 927 1057 993 fortuna
1070 927 1267 992 dominatur.

239 1037 322 1102 Cum
333 1036 429 1127 igitur
439 1051 493 1104 aut
505 1037 742 1115 lonuuaeerta,
755 1051 810 1105 aut
820 1039 939 1106 ineerta
952 1048 1062 1103 notura
1075 1037 1132 1108 sits
1147 1047 1272 1122 quanto

238 1147 447 1216 venerabilius
464 1170 503 1216 ao
518 1148 631 1216 melius
654 1150 825 1216 antistitem
840 1149 978 1215 ueritatis
998 1147 1157 1235 majorum
1179 1145 1272 1212 exci-

237 1279 313 1346 pere
334 1256 552 1347 disciplinam!
577 1257 741 1348 religiones
759 1259 889 1324 traditus
911 1257 1032 1324 oolerel
1053 1254 1129 1320 deos
1150 1277 1228 1342 quoa
1250 1277 1271 1319 a

237 1364 420 1452 parentibus
436 1375 509 1430 aute
520 1365 660 1432 imbutus
672 1387 706 1430 es
720 1364 845 1439 timere,
858 1385 954 1450 quam
966 1383 1057 1428 nosse
1068 1359 1269 1436 familiarius,

238 1473 390 1540 adorarel
406 1495 467 1540 nee
483 1473 523 1538 de
536 1473 718 1542 numinibus
735 1472 817 1538 lerre
829 1472 1030 1548 sententiam,
1042 1471 1097 1536 aod
1107 1469 1272 1559 prioribus

237 1582 366 1650 eredere
381 1583 447 1671 qui,
460 1583 496 1654 ,iu
506 1583 601 1673 ipsius
614 1583 725 1650 muudi
739 1581 907 1659 natalibus,
919 1593 1105 1648 meruerunt
1117 1580 1194 1646 deos
1209 1577 1265 1646 vel

236 1691 346 1759 fusiles
361 1691 494 1768 habere,
510 1691 559 1758 vel
574 1696 681 1783 reges!

280 1799 333 1868 Vl.
352 1800 431 1868 lude
444 1802 523 1868 adeo
538 1803 753 1892 peruniversa
768 1803 912 1891 imperia,
928 1801 1118 1891 prouincias,
1135 1799 1269 1889 oppida,

150 1955 154 1970 ,
238 1909 382 1979 videmus
403 1909 541 2000 singulos
563 1933 728 1978 sacrorum
748 1913 826 1977 ritus
843 1910 974 2001 gentiles
995 1911 1125 1986 habere,
1142 1921 1174 1975 et
1190 1909 1297 1986 deos„

238 2018 342 2086 colere
353 2020 545 2108 municipes,
556 2033 591 2085 ut
606 2019 781 2088 Eleusinios
795 2022 958 2096 Cererem,
969 2020 1109 2109 Phrygas
1119 2019 1269 2094 Matrem,

237 2129 422 2218 Epidaurios
437 2128 668 2220 AEseulapium,
681 2130 845 2196 Choldaeos
857 2129 983 2206 Belum,
995 2131 1143 2196 Astarten
1154 2129 1270 2218 Syros,

236 2239 370 2308 Dianam
394 2238 540 2316 Taurios,
562 2239 902 2330 Galloslllerourium,
928 2243 1071 2308 universa
1093 2242 1266 2310 Romanos.

236 2348 292 2416 Sio
306 2371 418 2416 eorum
432 2360 568 2439 potestas
585 2364 617 2418 et
634 2353 817 2427 auotoritas,
832 2352 929 2418 totius
951 2354 1036 2419 orbis
1056 2353 1193 2418 ambitus
1214 2373 1270 2417 oo·

237 2459 364 2546 imperit
391 2484 399 2524 :
426 2460 472 2526 sie
497 2459 782 2550 imperium-suum
810 2459 891 2526 ultra
922 2461 995 2527 solis
1022 2462 1086 2527 uias
1110 2473 1143 2526 et
1170 2459 1272 2550 ipsius

238 2564 348 2628 oceani
367 2562 482 2630 limites
497 2565 693 2653 propagavit,
710 2565 788 2630 dum
803 2580 951 2634 exercent
965 2567 1105 2632 inarmis
1116 2569 1270 2634 uirtutem

237 2671 427 2761 religiosam,
455 2675 531 2742 dum
559 2677 671 2742 urbem
695 2677 843 2744 muniunt
865 2700 1026 2744 sacrorum
1049 2677 1268 2768 religionibus,

238 2783 331 2850 castis
350 2784 534 2874 uirginibus,
555 2785 662 2852 multis
678 2785 850 2854 honoribus
873 2811 911 2854 oo
927 2789 1106 2856 nominibus
1122 2790 1272 2856 saeertlo-

236 2905 323 2968 tumr
338 2894 415 2962 dum
430 2897 560 2972 obsessi,
577 2909 610 2962 et
626 2898 705 2963 eitra
717 2897 818 2965 solum
836 2897 1027 2986 Capitolium
1043 2900 1139 2988 capti,
1156 2899 1271 2966 eoluut

238 3003 327 3081 deos,
354 3028 432 3094 quos
452 3003 529 3074 alius
550 3007 616 3096 jam
639 3008 806 3095 sprevisset
828 3007 935 3080 iratos,
963 3018 994 3072 et
1023 3031 1080 3095 per
1101 3006 1269 3074 Gallorum

239 3115 321 3180 acies
335 3115 519 3182 mirantium
534 3118 764 3204 superstitionis
779 3116 943 3182 audaciam
955 3129 1090 3206 pergunt
1100 3115 1170 3182 telis
1186 3118 1270 3184 iner-

237 3247 318 3300 mes,
341 3225 397 3292 sed
420 3223 507 3292 cultu
523 3224 681 3316 religionis
703 3228 831 3299 armati;
853 3226 928 3292 dum
949 3227 1032 3315 copti
1052 3227 1083 3294 iu
1099 3226 1270 3295 hostilibus

238 3335 396 3402 moenibus
418 3337 522 3404 adhue
531 3337 708 3404 ferociente
722 3339 851 3410 victoria
867 3339 997 3404 numina
1012 3339 1094 3404 vieta
1111 3362 1269 3406 veneran-

240 3453 306 3515 turs
321 3441 399 3508 alum
419 3446 558 3532 undique
573 3445 712 3534 hospites
729 3446 804 3512 deos
816 3457 973 3533 quaeruut,
987 3459 1021 3510 et
1040 3469 1112 3510 suos
1124 3443 1266 3522 faciunts

241 3551 317 3616 dum
340 3574 409 3618 aras
431 3564 580 3620 extruunt
602 3554 698 3620 etiam
713 3555 826 3644 ignotis
841 3554 1037 3631 numinibus,
1060 3567 1092 3620 at
1107 3555 1267 3623 Manibus.

240 3658 295 3726 sie
306 3659 382 3726 dum
395 3662 609 3730 universarum
616 3665 757 3754 gentium
771 3687 857 3732 saera
866 3665 1052 3752 suscipiunt,
1061 3666 1155 3730 etiam
1169 3689 1271 3756 regua

240 3781 436 3836 meruerunt.
454 3770 536 3838 llino
550 3785 721 3863 perpetuus
737 3775 944 3841 venerationis
959 3784 1050 3840 tenor
1065 3775 1200 3854 mansit,
1213 3777 1272 3865 qui

241 3875 333 3968 longa
349 3891 440 3948 etate
453 3905 518 3952 nou
531 3883 721 3974 infringitur,
738 3885 1080 3977 sedaugetur50uippe
1096 3885 1272 3973 antiquitas
