<?xml version="1.0" encoding="UTF-8"?>
<!DOCTYPE html PUBLIC "-//W3C//DTD XHTML 1.0 Transitional//EN"
    "http://www.w3.org/TR/xhtml1/DTD/xhtml1-transitional.dtd">
<html xmlns="http://www.w3.org/1999/xhtml" xml:lang="en" lang="en">
 <head>
  <title>
</title>
<meta http-equiv="Content-Type" content="text/html;charset=utf-8" />
  <meta name='ocr-system' content='tesseract 3.04.00' />
  <meta name='ocr-capabilities' content='ocr_page ocr_carea ocr_par ocr_line ocrx_word'/>
</head>
<body>
  <div class='ocr_page' id='page_1' title='image "./collectioselect00guilgoog_0410.png"; bbox 0 0 2452 4602; ppageno 0'>
   <div class='ocr_carea' id='block_1_1' title="bbox 80 277 936 368">
    <p class='ocr_par' dir='ltr' id='par_1_1' title="bbox 80 277 936 368">
     <span class='ocr_line' id='line_1_1' title="bbox 80 277 936 368; baseline 0.001 -28"><span class='ocrx_word' id='word_1_1' title='bbox 80 333 83 340; x_wconf 21' lang='grc' dir='ltr'><strong><em>Δ</em></strong></span> <span class='ocrx_word' id='word_1_2' title='bbox 194 277 258 354; x_wconf 74' lang='lat' dir='ltr'><strong>dod</strong></span> <span class='ocrx_word' id='word_1_3' title='bbox 428 359 431 368; x_wconf 30' lang='grc' dir='ltr'>Ι</span> <span class='ocrx_word' id='word_1_4' title='bbox 510 295 684 342; x_wconf 79' lang='lat' dir='ltr'><strong>carnanru</strong></span> <span class='ocrx_word' id='word_1_5' title='bbox 709 297 936 352; x_wconf 72' lang='lat' dir='ltr'><strong>armannum,</strong></span> 
     </span>
    </p>
   </div>
   <div class='ocr_carea' id='block_1_2' title="bbox 155 407 1199 1058">
    <p class='ocr_par' dir='ltr' id='par_1_2' title="bbox 155 407 1199 1058">
     <span class='ocr_line' id='line_1_2' title="bbox 198 407 1193 502; baseline 0.006 -26"><span class='ocrx_word' id='word_1_6' title='bbox 198 407 253 480; x_wconf 77' lang='lat' dir='ltr'><strong>»ai</strong></span> <span class='ocrx_word' id='word_1_7' title='bbox 270 411 369 479; x_wconf 79' lang='lat' dir='ltr'><strong>situel</strong></span> <span class='ocrx_word' id='word_1_8' title='bbox 385 411 467 478; x_wconf 81' lang='lat' dir='ltr'><strong>blida</strong></span> <span class='ocrx_word' id='word_1_9' title='bbox 483 424 516 478; x_wconf 86' lang='lat' dir='ltr'><strong>et</strong></span> <span class='ocrx_word' id='word_1_10' title='bbox 528 411 645 500; x_wconf 81' lang='lat' dir='ltr'><strong>Cinyra</strong></span> <span class='ocrx_word' id='word_1_11' title='bbox 660 412 769 490; x_wconf 88' lang='lat' dir='ltr'><strong>ditior,</strong></span> <span class='ocrx_word' id='word_1_12' title='bbox 782 413 822 479; x_wconf 83' lang='lat' dir='ltr'><strong>sit</strong></span> <span class='ocrx_word' id='word_1_13' title='bbox 840 425 949 478; x_wconf 88' lang='lat' dir='ltr'><strong>autem</strong></span> <span class='ocrx_word' id='word_1_14' title='bbox 964 414 1112 502; x_wconf 76' lang='lat' dir='ltr'><strong>injustos»</strong></span> <span class='ocrx_word' id='word_1_15' title='bbox 1124 418 1193 482; x_wconf 82' lang='lat' dir='ltr'><strong>atir-</strong></span> 
     </span>
     <span class='ocr_line' id='line_1_3' title="bbox 155 522 1194 612; baseline 0.004 -22"><span class='ocrx_word' id='word_1_16' title='bbox 155 523 157 529; x_wconf 75' lang='grc'><strong>’</strong></span> <span class='ocrx_word' id='word_1_17' title='bbox 199 522 319 600; x_wconf 87' lang='lat' dir='ltr'><strong>solens,</strong></span> <span class='ocrx_word' id='word_1_18' title='bbox 332 522 601 611; x_wconf 79' lang='lat' dir='ltr'><strong>quemadmodum</strong></span> <span class='ocrx_word' id='word_1_19' title='bbox 615 522 668 610; x_wconf 94' lang='lat' dir='ltr'><strong>qui</strong></span> <span class='ocrx_word' id='word_1_20' title='bbox 684 545 825 611; x_wconf 77' lang='lat' dir='ltr'><strong>purpura</strong></span> <span class='ocrx_word' id='word_1_21' title='bbox 837 535 871 589; x_wconf 90' lang='lat' dir='ltr'><strong>et</strong></span> <span class='ocrx_word' id='word_1_22' title='bbox 886 524 982 612; x_wconf 78' lang='lat' dir='ltr'><strong>bysso</strong></span> <span class='ocrx_word' id='word_1_23' title='bbox 994 522 1194 594; x_wconf 72' lang='lat' dir='ltr'><strong>luxuriarent·</strong></span> 
     </span>
     <span class='ocr_line' id='line_1_4' title="bbox 201 633 1195 710; baseline 0.003 -12"><span class='ocrx_word' id='word_1_24' title='bbox 201 633 349 709; x_wconf 70' lang='lat' dir='ltr'><strong>dabatur,</strong></span> <span class='ocrx_word' id='word_1_25' title='bbox 362 633 515 698; x_wconf 78' lang='lat' dir='ltr'><strong>Lazarum</strong></span> <span class='ocrx_word' id='word_1_26' title='bbox 531 644 638 699; x_wconf 87' lang='lat' dir='ltr'><strong>autem</strong></span> <span class='ocrx_word' id='word_1_27' title='bbox 650 634 890 709; x_wconf 86' lang='lat' dir='ltr'><strong>contemnebat,</strong></span> <span class='ocrx_word' id='word_1_28' title='bbox 904 645 959 698; x_wconf 77' lang='lat' dir='ltr'><strong>et«</strong></span> <span class='ocrx_word' id='word_1_29' title='bbox 970 634 1064 700; x_wconf 88' lang='lat' dir='ltr'><strong>miser</strong></span> <span class='ocrx_word' id='word_1_30' title='bbox 1076 636 1195 710; x_wconf 69' lang='lat' dir='ltr'><strong>estatio</strong></span> 
     </span>
     <span class='ocr_line' id='line_1_5' title="bbox 198 739 1196 832; baseline 0.004 -26"><span class='ocrx_word' id='word_1_31' title='bbox 198 772 212 806; x_wconf 78' lang='lat' dir='ltr'><strong>r</strong></span> <span class='ocrx_word' id='word_1_32' title='bbox 227 762 364 808; x_wconf 80' lang='lat' dir='ltr'><strong>moerore</strong></span> <span class='ocrx_word' id='word_1_33' title='bbox 378 741 466 818; x_wconf 81' lang='lat' dir='ltr'><strong>vivit,</strong></span> <span class='ocrx_word' id='word_1_34' title='bbox 479 769 492 803; x_wconf 76' lang='lat' dir='ltr'><strong>a</strong></span> <span class='ocrx_word' id='word_1_35' title='bbox 506 764 610 829; x_wconf 88' lang='lat' dir='ltr'><strong>neque</strong></span> <span class='ocrx_word' id='word_1_36' title='bbox 621 741 714 807; x_wconf 84' lang='lat' dir='ltr'><strong>viret.</strong></span> <span class='ocrx_word' id='word_1_37' title='bbox 730 739 854 807; x_wconf 70' lang='lat' dir='ltr'><strong>Divitiae</strong></span> <span class='ocrx_word' id='word_1_38' title='bbox 866 765 942 831; x_wconf 81' lang='lat' dir='ltr'><strong>crgo</strong></span> <span class='ocrx_word' id='word_1_39' title='bbox 954 756 1028 810; x_wconf 88' lang='lat' dir='ltr'><strong>sunt</strong></span> <span class='ocrx_word' id='word_1_40' title='bbox 1041 745 1196 832; x_wconf 77' lang='lat' dir='ltr'><strong>serpentiti</strong></span> 
     </span>
     <span class='ocr_line' id='line_1_6' title="bbox 199 851 1140 942; baseline 0.004 -25"><span class='ocrx_word' id='word_1_41' title='bbox 199 851 302 928; x_wconf 83' lang='lat' dir='ltr'><strong>miles,</strong></span> <span class='ocrx_word' id='word_1_42' title='bbox 318 875 416 940; x_wconf 89' lang='lat' dir='ltr'><strong>quem</strong></span> <span class='ocrx_word' id='word_1_43' title='bbox 431 853 456 917; x_wconf 91' lang='lat' dir='ltr'><strong>si</strong></span> <span class='ocrx_word' id='word_1_44' title='bbox 471 852 541 939; x_wconf 93' lang='lat' dir='ltr'><strong>quis</strong></span> <span class='ocrx_word' id='word_1_45' title='bbox 556 852 658 917; x_wconf 84' lang='lat' dir='ltr'><strong>nescit</strong></span> <span class='ocrx_word' id='word_1_46' title='bbox 674 851 827 918; x_wconf 80' lang='lat' dir='ltr'><strong>inoffense</strong></span> <span class='ocrx_word' id='word_1_47' title='bbox 849 853 995 942; x_wconf 89' lang='lat' dir='ltr'><strong>accipere</strong></span> <span class='ocrx_word' id='word_1_48' title='bbox 1015 855 1140 930; x_wconf 81' lang='lat' dir='ltr'><strong>eminus,</strong></span> 
     </span>
     <span class='ocr_line' id='line_1_7' title="bbox 200 961 1199 1058; baseline 0.002 -30"><span class='ocrx_word' id='word_1_49' title='bbox 200 961 342 1058; x_wconf 86' lang='lat' dir='ltr'><strong>periculo</strong></span> <span class='ocrx_word' id='word_1_50' title='bbox 354 964 489 1030; x_wconf 87' lang='lat' dir='ltr'><strong>bestiam</strong></span> <span class='ocrx_word' id='word_1_51' title='bbox 501 986 625 1029; x_wconf 86' lang='lat' dir='ltr'><strong>summa</strong></span> <span class='ocrx_word' id='word_1_52' title='bbox 636 962 739 1028; x_wconf 88' lang='lat' dir='ltr'><strong>cauda</strong></span> <span class='ocrx_word' id='word_1_53' title='bbox 750 963 1006 1053; x_wconf 83' lang='lat' dir='ltr'><strong>apprehendens,</strong></span> <span class='ocrx_word' id='word_1_54' title='bbox 1019 975 1150 1030; x_wconf 82' lang='lat' dir='ltr'><strong>ea&#39;manu</strong></span> <span class='ocrx_word' id='word_1_55' title='bbox 1158 967 1199 1030; x_wconf 78' lang='lat' dir='ltr'><strong>dr</strong></span> 
     </span>
    </p>
   </div>
   <div class='ocr_carea' id='block_1_3' title="bbox 149 1071 1205 2479">
    <p class='ocr_par' dir='ltr' id='par_1_3' title="bbox 149 1071 1205 2479">
     <span class='ocr_line' id='line_1_8' title="bbox 200 1071 1199 1162; baseline 0 -22"><span class='ocrx_word' id='word_1_56' title='bbox 200 1072 447 1162; x_wconf 85' lang='lat' dir='ltr'><strong>complicabitur</strong></span> <span class='ocrx_word' id='word_1_57' title='bbox 460 1086 493 1138; x_wconf 90' lang='lat' dir='ltr'><strong>et</strong></span> <span class='ocrx_word' id='word_1_58' title='bbox 507 1073 677 1138; x_wconf 78' lang='lat' dir='ltr'><strong>mordebit.</strong></span> <span class='ocrx_word' id='word_1_59' title='bbox 692 1071 830 1140; x_wconf 83' lang='lat' dir='ltr'><strong>Pulchre</strong></span> <span class='ocrx_word' id='word_1_60' title='bbox 844 1085 964 1140; x_wconf 90' lang='lat' dir='ltr'><strong>norunt</strong></span> <span class='ocrx_word' id='word_1_61' title='bbox 978 1086 1147 1162; x_wconf 76' lang='lat' dir='ltr'><strong>serpentum</strong></span> <span class='ocrx_word' id='word_1_62' title='bbox 1156 1075 1199 1140; x_wconf 85' lang='lat' dir='ltr'><strong>ior·</strong></span> 
     </span>
     <span class='ocr_line' id='line_1_9' title="bbox 199 1182 1200 1272; baseline 0.002 -24"><span class='ocrx_word' id='word_1_63' title='bbox 199 1196 249 1250; x_wconf 90' lang='lat' dir='ltr'><strong>tar</strong></span> <span class='ocrx_word' id='word_1_64' title='bbox 260 1195 406 1272; x_wconf 86' lang='lat' dir='ltr'><strong>repentes</strong></span> <span class='ocrx_word' id='word_1_65' title='bbox 419 1182 548 1259; x_wconf 82' lang='lat' dir='ltr'><strong>diritiae,</strong></span> <span class='ocrx_word' id='word_1_66' title='bbox 556 1182 634 1248; x_wconf 89' lang='lat' dir='ltr'><strong>dum</strong></span> <span class='ocrx_word' id='word_1_67' title='bbox 646 1206 663 1248; x_wconf 90' lang='lat' dir='ltr'><strong>a</strong></span> <span class='ocrx_word' id='word_1_68' title='bbox 675 1183 778 1272; x_wconf 87' lang='lat' dir='ltr'><strong>perito</strong></span> <span class='ocrx_word' id='word_1_69' title='bbox 790 1183 839 1248; x_wconf 87' lang='lat' dir='ltr'><strong>vel</strong></span> <span class='ocrx_word' id='word_1_70' title='bbox 850 1184 890 1250; x_wconf 90' lang='lat' dir='ltr'><strong>ab</strong></span> <span class='ocrx_word' id='word_1_71' title='bbox 903 1185 1052 1272; x_wconf 85' lang='lat' dir='ltr'><strong>imperito</strong></span> <span class='ocrx_word' id='word_1_72' title='bbox 1061 1183 1200 1272; x_wconf 72' lang='lat' dir='ltr'><strong>apprebcr</strong></span> 
     </span>
     <span class='ocr_line' id='line_1_10' title="bbox 201 1289 1200 1383; baseline -0.001 -23"><span class='ocrx_word' id='word_1_73' title='bbox 201 1295 334 1373; x_wconf 89' lang='lat' dir='ltr'><strong>duntur,</strong></span> <span class='ocrx_word' id='word_1_74' title='bbox 350 1289 504 1362; x_wconf 84' lang='lat' dir='ltr'><strong>inbaerere</strong></span> <span class='ocrx_word' id='word_1_75' title='bbox 525 1307 558 1360; x_wconf 89' lang='lat' dir='ltr'><strong>et</strong></span> <span class='ocrx_word' id='word_1_76' title='bbox 580 1295 738 1361; x_wconf 89' lang='lat' dir='ltr'><strong>mordere.</strong></span> <span class='ocrx_word' id='word_1_77' title='bbox 757 1294 822 1362; x_wconf 88' lang='lat' dir='ltr'><strong>Sed</strong></span> <span class='ocrx_word' id='word_1_78' title='bbox 840 1294 866 1360; x_wconf 90' lang='lat' dir='ltr'><strong>si</strong></span> <span class='ocrx_word' id='word_1_79' title='bbox 886 1295 957 1382; x_wconf 82' lang='lat' dir='ltr'><strong>quis</strong></span> <span class='ocrx_word' id='word_1_80' title='bbox 977 1317 1010 1359; x_wconf 90' lang='lat' dir='ltr'><strong>se</strong></span> <span class='ocrx_word' id='word_1_81' title='bbox 1031 1293 1200 1383; x_wconf 77' lang='lat' dir='ltr'><strong>magnilionn</strong></span> 
     </span>
     <span class='ocr_line' id='line_1_11' title="bbox 201 1403 1200 1496; baseline -0.004 -24"><span class='ocrx_word' id='word_1_82' title='bbox 201 1407 345 1496; x_wconf 71' lang='lat' dir='ltr'><strong>praebens</strong></span> <span class='ocrx_word' id='word_1_83' title='bbox 360 1406 496 1472; x_wconf 84' lang='lat' dir='ltr'><strong>scienter</strong></span> <span class='ocrx_word' id='word_1_84' title='bbox 511 1406 557 1470; x_wconf 89' lang='lat' dir='ltr'><strong>eis</strong></span> <span class='ocrx_word' id='word_1_85' title='bbox 572 1417 692 1480; x_wconf 85' lang='lat' dir='ltr'><strong>ututur,</strong></span> <span class='ocrx_word' id='word_1_86' title='bbox 706 1403 783 1494; x_wconf 83' lang='lat' dir='ltr'><strong>Logi</strong></span> <span class='ocrx_word' id='word_1_87' title='bbox 795 1405 930 1492; x_wconf 77' lang='lat' dir='ltr'><strong>¹quidem</strong></span> <span class='ocrx_word' id='word_1_88' title='bbox 945 1405 1085 1470; x_wconf 79' lang='lat' dir='ltr'><strong>carmine</strong></span> <span class='ocrx_word' id='word_1_89' title='bbox 1098 1403 1200 1470; x_wconf 78' lang='lat' dir='ltr'><strong>best&#39;an</strong></span> 
     </span>
     <span class='ocr_line' id='line_1_12' title="bbox 200 1495 1200 1607; baseline -0.006 -25"><span class='ocrx_word' id='word_1_90' title='bbox 200 1528 333 1607; x_wconf 80' lang='lat' dir='ltr'><strong>punget,</strong></span> <span class='ocrx_word' id='word_1_91' title='bbox 350 1516 418 1604; x_wconf 87' lang='lat' dir='ltr'><strong>ipse</strong></span> <span class='ocrx_word' id='word_1_92' title='bbox 437 1495 513 1582; x_wconf 83' lang='lat' dir='ltr'><strong>vero</strong></span> <span class='ocrx_word' id='word_1_93' title='bbox 534 1510 649 1581; x_wconf 82' lang='lat' dir='ltr'><strong>illaesus</strong></span> <span class='ocrx_word' id='word_1_94' title='bbox 671 1511 824 1580; x_wconf 88' lang='lat' dir='ltr'><strong>manebit.</strong></span> <span class='ocrx_word' id='word_1_95' title='bbox 851 1513 1025 1589; x_wconf 77' lang='lat' dir='ltr'><strong>Caeterum,</strong></span> <span class='ocrx_word' id='word_1_96' title='bbox 1043 1525 1077 1578; x_wconf 90' lang='lat' dir='ltr'><strong>ut</strong></span> <span class='ocrx_word' id='word_1_97' title='bbox 1094 1513 1200 1586; x_wconf 82' lang='lat' dir='ltr'><strong>videtur.</strong></span> 
     </span>
     <span class='ocr_line' id='line_1_13' title="bbox 203 1621 1201 1712; baseline -0.004 -20"><span class='ocrx_word' id='word_1_98' title='bbox 203 1625 359 1692; x_wconf 86' lang='lat' dir='ltr'><strong>nonsatis</strong></span> <span class='ocrx_word' id='word_1_99' title='bbox 375 1623 656 1691; x_wconf 75' lang='lat' dir='ltr'><strong>animadvertimus</strong></span> <span class='ocrx_word' id='word_1_100' title='bbox 672 1623 760 1712; x_wconf 89' lang='lat' dir='ltr'><strong>quod</strong></span> <span class='ocrx_word' id='word_1_101' title='bbox 782 1623 823 1688; x_wconf 88' lang='lat' dir='ltr'><strong>sit</strong></span> <span class='ocrx_word' id='word_1_102' title='bbox 844 1623 869 1688; x_wconf 82' lang='lat' dir='ltr'><strong>is</strong></span> <span class='ocrx_word' id='word_1_103' title='bbox 884 1621 971 1688; x_wconf 84' lang='lat' dir='ltr'><strong>solus</strong></span> <span class='ocrx_word' id='word_1_104' title='bbox 990 1623 1076 1689; x_wconf 80' lang='lat' dir='ltr'><strong>dives</strong></span> <span class='ocrx_word' id='word_1_105' title='bbox 1094 1622 1201 1710; x_wconf 72' lang='lat' dir='ltr'><strong>quique</strong></span> 
     </span>
     <span class='ocr_line' id='line_1_14' title="bbox 149 1729 1203 1822; baseline -0.007 -21"><span class='ocrx_word' id='word_1_106' title='bbox 149 1808 155 1820; x_wconf 48' lang='grc'>,</span> <span class='ocrx_word' id='word_1_107' title='bbox 201 1745 276 1801; x_wconf 85' lang='lat' dir='ltr'><strong>sunt</strong></span> <span class='ocrx_word' id='word_1_108' title='bbox 297 1731 521 1822; x_wconf 85' lang='lat' dir='ltr'><strong>pretiosissima</strong></span> <span class='ocrx_word' id='word_1_109' title='bbox 540 1731 690 1820; x_wconf 85' lang='lat' dir='ltr'><strong>possidet.</strong></span> <span class='ocrx_word' id='word_1_110' title='bbox 709 1729 813 1819; x_wconf 81' lang='lat' dir='ltr'><strong>Magni</strong></span> <span class='ocrx_word' id='word_1_111' title='bbox 836 1743 944 1795; x_wconf 85' lang='lat' dir='ltr'><strong>autem</strong></span> <span class='ocrx_word' id='word_1_112' title='bbox 960 1731 1052 1818; x_wconf 86' lang='lat' dir='ltr'><strong>pretii</strong></span> <span class='ocrx_word' id='word_1_113' title='bbox 1065 1742 1203 1802; x_wconf 86' lang='lat' dir='ltr'><strong>sunt,nou</strong></span> 
     </span>
     <span class='ocr_line' id='line_1_15' title="bbox 202 1837 1203 1934; baseline -0.006 -24"><span class='ocrx_word' id='word_1_114' title='bbox 202 1867 340 1934; x_wconf 74' lang='lat' dir='ltr'><strong>gemma,</strong></span> <span class='ocrx_word' id='word_1_115' title='bbox 361 1866 425 1909; x_wconf 90' lang='lat' dir='ltr'><strong>non</strong></span> <span class='ocrx_word' id='word_1_116' title='bbox 445 1853 626 1931; x_wconf 77' lang='lat' dir='ltr'><strong>argentum,</strong></span> <span class='ocrx_word' id='word_1_117' title='bbox 647 1862 714 1906; x_wconf 89' lang='lat' dir='ltr'><strong>non</strong></span> <span class='ocrx_word' id='word_1_118' title='bbox 729 1839 836 1914; x_wconf 83' lang='lat' dir='ltr'><strong>restis,</strong></span> <span class='ocrx_word' id='word_1_119' title='bbox 853 1863 920 1904; x_wconf 90' lang='lat' dir='ltr'><strong>non</strong></span> <span class='ocrx_word' id='word_1_120' title='bbox 933 1839 1074 1928; x_wconf 86' lang='lat' dir='ltr'><strong>corporis</strong></span> <span class='ocrx_word' id='word_1_121' title='bbox 1091 1837 1203 1926; x_wconf 76' lang='lat' dir='ltr'><strong>pulobr‘r</strong></span> 
     </span>
     <span class='ocr_line' id='line_1_16' title="bbox 201 1946 1203 2036; baseline -0.007 -18"><span class='ocrx_word' id='word_1_122' title='bbox 201 1953 293 2027; x_wconf 88' lang='lat' dir='ltr'><strong>tudo,</strong></span> <span class='ocrx_word' id='word_1_123' title='bbox 306 1949 361 2016; x_wconf 86' lang='lat' dir='ltr'><strong>sed</strong></span> <span class='ocrx_word' id='word_1_124' title='bbox 377 1951 486 2016; x_wconf 80' lang='lat' dir='ltr'><strong>virtus.</strong></span> <span class='ocrx_word' id='word_1_125' title='bbox 504 1951 548 2015; x_wconf 89' lang='lat' dir='ltr'><strong>Ea</strong></span> <span class='ocrx_word' id='word_1_126' title='bbox 562 1961 610 2014; x_wconf 88' lang='lat' dir='ltr'><strong>est</strong></span> <span class='ocrx_word' id='word_1_127' title='bbox 626 1960 732 2014; x_wconf 86' lang='lat' dir='ltr'><strong>autam</strong></span> <span class='ocrx_word' id='word_1_128' title='bbox 749 1947 850 2036; x_wconf 80' lang='lat' dir='ltr'><strong>Logos</strong></span> <span class='ocrx_word' id='word_1_129' title='bbox 866 1947 1008 2013; x_wconf 78' lang='lat' dir='ltr'><strong>traditus</strong></span> <span class='ocrx_word' id='word_1_130' title='bbox 1015 1971 1072 2036; x_wconf 85' lang='lat' dir='ltr'><strong>per</strong></span> <span class='ocrx_word' id='word_1_131' title='bbox 1087 1946 1203 2036; x_wconf 67' lang='lat' dir='ltr'><strong>Pedrgo</strong></span> 
     </span>
     <span class='ocr_line' id='line_1_17' title="bbox 201 2055 1203 2152; baseline -0.007 -25"><span class='ocrx_word' id='word_1_132' title='bbox 201 2086 277 2152; x_wconf 81' lang='lat' dir='ltr'><strong>gum</strong></span> <span class='ocrx_word' id='word_1_133' title='bbox 294 2062 333 2128; x_wconf 90' lang='lat' dir='ltr'><strong>ad</strong></span> <span class='ocrx_word' id='word_1_134' title='bbox 348 2061 617 2127; x_wconf 81' lang='lat' dir='ltr'><strong>exercitationem.</strong></span> <span class='ocrx_word' id='word_1_135' title='bbox 629 2059 690 2148; x_wconf 78' lang='lat' dir='ltr'><strong>llic</strong></span> <span class='ocrx_word' id='word_1_136' title='bbox 701 2071 749 2124; x_wconf 85' lang='lat' dir='ltr'><strong>cat</strong></span> <span class='ocrx_word' id='word_1_137' title='bbox 759 2057 874 2146; x_wconf 78' lang='lat' dir='ltr'><strong>Logos,</strong></span> <span class='ocrx_word' id='word_1_138' title='bbox 887 2057 942 2145; x_wconf 91' lang='lat' dir='ltr'><strong>qui</strong></span> <span class='ocrx_word' id='word_1_139' title='bbox 954 2057 1079 2145; x_wconf 86' lang='lat' dir='ltr'><strong>abjurat</strong></span> <span class='ocrx_word' id='word_1_140' title='bbox 1093 2055 1203 2128; x_wconf 84' lang='lat' dir='ltr'><strong>delicias.</strong></span> 
     </span>
     <span class='ocr_line' id='line_1_18' title="bbox 201 2165 1205 2258; baseline -0.003 -22"><span class='ocrx_word' id='word_1_141' title='bbox 201 2182 234 2237; x_wconf 87' lang='lat' dir='ltr'><strong>et</strong></span> <span class='ocrx_word' id='word_1_142' title='bbox 248 2193 319 2236; x_wconf 91' lang='lat' dir='ltr'><strong>eam</strong></span> <span class='ocrx_word' id='word_1_143' title='bbox 336 2193 407 2257; x_wconf 78' lang='lat' dir='ltr'><strong>quae</strong></span> <span class='ocrx_word' id='word_1_144' title='bbox 424 2192 483 2258; x_wconf 92' lang='lat' dir='ltr'><strong>per</strong></span> <span class='ocrx_word' id='word_1_145' title='bbox 496 2191 531 2234; x_wconf 89' lang='lat' dir='ltr'><strong>se</strong></span> <span class='ocrx_word' id='word_1_146' title='bbox 545 2167 582 2233; x_wconf 85' lang='lat' dir='ltr'><strong>fit</strong></span> <span class='ocrx_word' id='word_1_147' title='bbox 599 2167 815 2257; x_wconf 84' lang='lat' dir='ltr'><strong>operationem</strong></span> <span class='ocrx_word' id='word_1_148' title='bbox 837 2165 869 2231; x_wconf 90' lang='lat' dir='ltr'><strong>iu</strong></span> <span class='ocrx_word' id='word_1_149' title='bbox 884 2167 1095 2232; x_wconf 75' lang='lat' dir='ltr'><strong>ministerium</strong></span> <span class='ocrx_word' id='word_1_150' title='bbox 1107 2177 1205 2240; x_wconf 64' lang='lat' dir='ltr'><strong>arod.</strong></span> 
     </span>
     <span class='ocr_line' id='line_1_19' title="bbox 201 2275 1204 2370; baseline -0.006 -24"><span class='ocrx_word' id='word_1_151' title='bbox 201 2280 372 2369; x_wconf 85' lang='lat' dir='ltr'><strong>laudatque</strong></span> <span class='ocrx_word' id='word_1_152' title='bbox 388 2277 612 2370; x_wconf 76' lang='lat' dir='ltr'><strong>frugalitatem,</strong></span> <span class='ocrx_word' id='word_1_153' title='bbox 625 2276 842 2366; x_wconf 84' lang='lat' dir='ltr'><strong>temperantiae</strong></span> <span class='ocrx_word' id='word_1_154' title='bbox 859 2275 959 2342; x_wconf 86' lang='lat' dir='ltr'><strong>liliam</strong></span> <span class='ocrx_word' id='word_1_155' title='bbox 970 2301 978 2342; x_wconf 93' lang='lat'><strong>:</strong></span> <span class='ocrx_word' id='word_1_156' title='bbox 990 2278 1158 2367; x_wconf 79' lang='lat' dir='ltr'><strong>«Accipite,</strong></span> <span class='ocrx_word' id='word_1_157' title='bbox 1167 2277 1204 2340; x_wconf 79' lang='lat' dir='ltr'><strong>ir·</strong></span> 
     </span>
     <span class='ocr_line' id='line_1_20' title="bbox 200 2387 1205 2479; baseline -0.003 -26"><span class='ocrx_word' id='word_1_158' title='bbox 200 2419 214 2453; x_wconf 76' lang='lat' dir='ltr'><strong>a</strong></span> <span class='ocrx_word' id='word_1_159' title='bbox 228 2390 314 2477; x_wconf 83' lang='lat' dir='ltr'><strong>quit,</strong></span> <span class='ocrx_word' id='word_1_160' title='bbox 329 2387 541 2479; x_wconf 81' lang='lat' dir='ltr'><strong>disciplinam,</strong></span> <span class='ocrx_word' id='word_1_161' title='bbox 557 2398 590 2451; x_wconf 94' lang='lat' dir='ltr'><strong>et</strong></span> <span class='ocrx_word' id='word_1_162' title='bbox 600 2410 666 2452; x_wconf 89' lang='lat' dir='ltr'><strong>non</strong></span> <span class='ocrx_word' id='word_1_163' title='bbox 677 2399 857 2474; x_wconf 77' lang='lat' dir='ltr'><strong>argeutum,</strong></span> <span class='ocrx_word' id='word_1_164' title='bbox 869 2396 901 2451; x_wconf 88' lang='lat' dir='ltr'><strong>et</strong></span> <span class='ocrx_word' id='word_1_165' title='bbox 914 2387 1126 2475; x_wconf 81' lang='lat' dir='ltr'><strong>cognitionem</strong></span> <span class='ocrx_word' id='word_1_166' title='bbox 1136 2405 1205 2474; x_wconf 72' lang='lat' dir='ltr'><strong>supe</strong></span> 
     </span>
    </p>
   </div>
   <div class='ocr_carea' id='block_1_4' title="bbox 80 2481 1206 2588">
    <p class='ocr_par' dir='ltr' id='par_1_4' title="bbox 80 2481 1206 2588">
     <span class='ocr_line' id='line_1_21' title="bbox 80 2481 1206 2588; baseline -0.004 -23"><span class='ocrx_word' id='word_1_167' title='bbox 80 2528 85 2542; x_wconf 65' lang='lat'><em>⁶</em></span> <span class='ocrx_word' id='word_1_168' title='bbox 197 2529 211 2563; x_wconf 75' lang='lat' dir='ltr'><strong>s</strong></span> <span class='ocrx_word' id='word_1_169' title='bbox 229 2523 341 2565; x_wconf 89' lang='lat' dir='ltr'><strong>aurum</strong></span> <span class='ocrx_word' id='word_1_170' title='bbox 354 2500 535 2588; x_wconf 88' lang='lat' dir='ltr'><strong>probatum.</strong></span> <span class='ocrx_word' id='word_1_171' title='bbox 550 2495 661 2562; x_wconf 82' lang='lat' dir='ltr'><strong>Melior</strong></span> <span class='ocrx_word' id='word_1_172' title='bbox 672 2508 720 2563; x_wconf 89' lang='lat' dir='ltr'><strong>cst</strong></span> <span class='ocrx_word' id='word_1_173' title='bbox 731 2496 816 2562; x_wconf 89' lang='lat' dir='ltr'><strong>enim</strong></span> <span class='ocrx_word' id='word_1_174' title='bbox 830 2481 981 2584; x_wconf 82' lang='lat' dir='ltr'><strong>sapientia</strong></span> <span class='ocrx_word' id='word_1_175' title='bbox 994 2495 1147 2586; x_wconf 77' lang='lat' dir='ltr'><strong>lapidibus</strong></span> <span class='ocrx_word' id='word_1_176' title='bbox 1158 2515 1206 2586; x_wconf 78' lang='lat' dir='ltr'><strong>pra</strong></span> 
     </span>
    </p>
   </div>
   <div class='ocr_carea' id='block_1_5' title="bbox 197 2604 1211 3893">
    <p class='ocr_par' dir='ltr' id='par_1_5' title="bbox 197 2604 1211 3893">
     <span class='ocr_line' id='line_1_22' title="bbox 200 2604 1206 2695; baseline 0.001 -26"><span class='ocrx_word' id='word_1_177' title='bbox 200 2631 214 2669; x_wconf 78' lang='lat' dir='ltr'><strong>a</strong></span> <span class='ocrx_word' id='word_1_178' title='bbox 229 2607 315 2672; x_wconf 85' lang='lat' dir='ltr'><strong>tiosis</strong></span> <span class='ocrx_word' id='word_1_179' title='bbox 332 2623 340 2670; x_wconf 77' lang='lat' dir='ltr'><strong>t</strong></span> <span class='ocrx_word' id='word_1_180' title='bbox 359 2604 515 2693; x_wconf 87' lang='lat' dir='ltr'><strong>quidquid</strong></span> <span class='ocrx_word' id='word_1_181' title='bbox 528 2617 577 2670; x_wconf 87' lang='lat' dir='ltr'><strong>est</strong></span> <span class='ocrx_word' id='word_1_182' title='bbox 591 2616 698 2670; x_wconf 86' lang='lat' dir='ltr'><strong>autem</strong></span> <span class='ocrx_word' id='word_1_183' title='bbox 714 2605 901 2693; x_wconf 86' lang='lat' dir='ltr'><strong>pretiosum,</strong></span> <span class='ocrx_word' id='word_1_184' title='bbox 916 2630 1116 2695; x_wconf 85' lang='lat' dir='ltr'><strong>nequaquam</strong></span> <span class='ocrx_word' id='word_1_185' title='bbox 1129 2618 1168 2672; x_wconf 73' lang='lat' dir='ltr'><strong>est</strong></span> <span class='ocrx_word' id='word_1_186' title='bbox 1180 2627 1206 2670; x_wconf 83' lang='lat' dir='ltr'><strong>et</strong></span> 
     </span>
     <span class='ocr_line' id='line_1_23' title="bbox 200 2712 1208 2804; baseline 0.004 -28"><span class='ocrx_word' id='word_1_187' title='bbox 200 2743 213 2776; x_wconf 76' lang='lat' dir='ltr'><strong>s</strong></span> <span class='ocrx_word' id='word_1_188' title='bbox 228 2713 359 2804; x_wconf 78' lang='lat' dir='ltr'><strong>dignum</strong></span> <span class='ocrx_word' id='word_1_189' title='bbox 369 2714 391 2780; x_wconf 79' lang='lat'><strong>¹.</strong></span> <span class='ocrx_word' id='word_1_190' title='bbox 403 2716 467 2780; x_wconf 79' lang='lat' dir='ltr'><strong>»Et</strong></span> <span class='ocrx_word' id='word_1_191' title='bbox 483 2738 592 2779; x_wconf 86' lang='lat' dir='ltr'><strong>rursus</strong></span> <span class='ocrx_word' id='word_1_192' title='bbox 607 2742 620 2774; x_wconf 77' lang='grc' dir='ltr'><strong>ι</strong></span> <span class='ocrx_word' id='word_1_193' title='bbox 633 2712 777 2803; x_wconf 77' lang='lat' dir='ltr'><strong>Colligite</strong></span> <span class='ocrx_word' id='word_1_194' title='bbox 791 2739 843 2780; x_wconf 88' lang='lat' dir='ltr'><strong>mo</strong></span> <span class='ocrx_word' id='word_1_195' title='bbox 858 2736 954 2804; x_wconf 88' lang='lat' dir='ltr'><strong>super</strong></span> <span class='ocrx_word' id='word_1_196' title='bbox 968 2738 1096 2790; x_wconf 88' lang='lat' dir='ltr'><strong>aurum,</strong></span> <span class='ocrx_word' id='word_1_197' title='bbox 1112 2729 1142 2782; x_wconf 87' lang='lat' dir='ltr'><strong>et</strong></span> <span class='ocrx_word' id='word_1_198' title='bbox 1154 2714 1208 2803; x_wconf 85' lang='lat' dir='ltr'><strong>lapi·</strong></span> 
     </span>
     <span class='ocr_line' id='line_1_24' title="bbox 201 2823 1206 2913; baseline 0.007 -27"><span class='ocrx_word' id='word_1_199' title='bbox 201 2852 214 2886; x_wconf 76' lang='lat' dir='ltr'><strong>a</strong></span> <span class='ocrx_word' id='word_1_200' title='bbox 228 2824 302 2889; x_wconf 86' lang='lat' dir='ltr'><strong>dem</strong></span> <span class='ocrx_word' id='word_1_201' title='bbox 313 2823 501 2913; x_wconf 85' lang='lat' dir='ltr'><strong>pretiosum,</strong></span> <span class='ocrx_word' id='word_1_202' title='bbox 513 2835 546 2889; x_wconf 86' lang='lat' dir='ltr'><strong>et</strong></span> <span class='ocrx_word' id='word_1_203' title='bbox 557 2836 724 2912; x_wconf 84' lang='lat' dir='ltr'><strong>argentum</strong></span> <span class='ocrx_word' id='word_1_204' title='bbox 737 2848 746 2888; x_wconf 75' lang='grc' dir='ltr'><strong>ε</strong></span> <span class='ocrx_word' id='word_1_205' title='bbox 761 2825 903 2913; x_wconf 76' lang='lat' dir='ltr'><strong>germina</strong></span> <span class='ocrx_word' id='word_1_206' title='bbox 915 2827 1001 2892; x_wconf 87' lang='lat' dir='ltr'><strong>enim</strong></span> <span class='ocrx_word' id='word_1_207' title='bbox 1017 2849 1087 2892; x_wconf 88' lang='lat' dir='ltr'><strong>mea</strong></span> <span class='ocrx_word' id='word_1_208' title='bbox 1103 2824 1206 2892; x_wconf 81' lang='lat' dir='ltr'><strong>meliora</strong></span> 
     </span>
     <span class='ocr_line' id='line_1_25' title="bbox 199 2930 1206 3026; baseline -0.001 -27"><span class='ocrx_word' id='word_1_209' title='bbox 199 2930 597 3022; x_wconf 68' lang='lat' dir='ltr'><strong>rsuntargentoelecto.²»</strong></span> <span class='ocrx_word' id='word_1_210' title='bbox 608 2932 705 3012; x_wconf 90' lang='lat' dir='ltr'><strong>Quod</strong></span> <span class='ocrx_word' id='word_1_211' title='bbox 719 2933 745 2998; x_wconf 91' lang='lat' dir='ltr'><strong>si</strong></span> <span class='ocrx_word' id='word_1_212' title='bbox 760 2934 856 2999; x_wconf 89' lang='lat' dir='ltr'><strong>etiam</strong></span> <span class='ocrx_word' id='word_1_213' title='bbox 872 2934 1065 3024; x_wconf 81' lang='lat' dir='ltr'><strong>distinguere</strong></span> <span class='ocrx_word' id='word_1_214' title='bbox 1074 2947 1206 3026; x_wconf 79' lang='lat' dir='ltr'><strong>oporteat.</strong></span> 
     </span>
     <span class='ocr_line' id='line_1_26' title="bbox 199 3040 1208 3132; baseline 0 -24"><span class='ocrx_word' id='word_1_215' title='bbox 199 3042 239 3108; x_wconf 83' lang='lat' dir='ltr'><strong>ait</strong></span> <span class='ocrx_word' id='word_1_216' title='bbox 254 3043 383 3132; x_wconf 90' lang='lat' dir='ltr'><strong>quidem</strong></span> <span class='ocrx_word' id='word_1_217' title='bbox 399 3043 486 3108; x_wconf 85' lang='lat' dir='ltr'><strong>dives</strong></span> <span class='ocrx_word' id='word_1_218' title='bbox 505 3041 559 3130; x_wconf 84' lang='lat' dir='ltr'><strong>qui</strong></span> <span class='ocrx_word' id='word_1_219' title='bbox 574 3040 674 3106; x_wconf 92' lang='lat' dir='ltr'><strong>multa</strong></span> <span class='ocrx_word' id='word_1_220' title='bbox 690 3042 842 3131; x_wconf 84' lang='lat' dir='ltr'><strong>possidet,</strong></span> <span class='ocrx_word' id='word_1_221' title='bbox 860 3065 939 3109; x_wconf 84' lang='lat' dir='ltr'><strong>auro</strong></span> <span class='ocrx_word' id='word_1_222' title='bbox 954 3057 1102 3121; x_wconf 80' lang='lat' dir='ltr'><strong>onustus,</strong></span> <span class='ocrx_word' id='word_1_223' title='bbox 1119 3057 1151 3109; x_wconf 92' lang='lat' dir='ltr'><strong>ut</strong></span> <span class='ocrx_word' id='word_1_224' title='bbox 1162 3062 1208 3108; x_wconf 71' lang='lat' dir='ltr'><strong>su</strong></span> 
     </span>
     <span class='ocr_line' id='line_1_27' title="bbox 199 3150 1210 3239; baseline 0.001 -22"><span class='ocrx_word' id='word_1_225' title='bbox 199 3151 312 3218; x_wconf 88' lang='lat' dir='ltr'><strong>didum</strong></span> <span class='ocrx_word' id='word_1_226' title='bbox 323 3151 520 3239; x_wconf 85' lang='lat' dir='ltr'><strong>marsupium</strong></span> <span class='ocrx_word' id='word_1_227' title='bbox 535 3173 543 3214; x_wconf 74' lang='grc' dir='ltr'><strong>ε</strong></span> <span class='ocrx_word' id='word_1_228' title='bbox 559 3161 592 3214; x_wconf 89' lang='lat' dir='ltr'><strong>at</strong></span> <span class='ocrx_word' id='word_1_229' title='bbox 607 3150 660 3237; x_wconf 92' lang='lat' dir='ltr'><strong>qui</strong></span> <span class='ocrx_word' id='word_1_230' title='bbox 673 3151 775 3238; x_wconf 87' lang='lat' dir='ltr'><strong>justus</strong></span> <span class='ocrx_word' id='word_1_231' title='bbox 786 3162 846 3225; x_wconf 89' lang='lat' dir='ltr'><strong>est,</strong></span> <span class='ocrx_word' id='word_1_232' title='bbox 862 3162 912 3216; x_wconf 84' lang='lat' dir='ltr'><strong>est</strong></span> <span class='ocrx_word' id='word_1_233' title='bbox 926 3164 959 3217; x_wconf 88' lang='lat' dir='ltr'><strong>ct</strong></span> <span class='ocrx_word' id='word_1_234' title='bbox 971 3153 1105 3219; x_wconf 82' lang='lat' dir='ltr'><strong>decorus</strong></span> <span class='ocrx_word' id='word_1_235' title='bbox 1117 3175 1126 3216; x_wconf 77' lang='grc' dir='ltr'><strong><em>ε</em></strong></span> <span class='ocrx_word' id='word_1_236' title='bbox 1138 3152 1210 3218; x_wconf 74' lang='lat' dir='ltr'><strong>dect</strong></span> 
     </span>
     <span class='ocr_line' id='line_1_28' title="bbox 199 3257 1211 3349; baseline -0.001 -24"><span class='ocrx_word' id='word_1_237' title='bbox 199 3282 271 3327; x_wconf 89' lang='lat' dir='ltr'><strong>rum</strong></span> <span class='ocrx_word' id='word_1_238' title='bbox 286 3261 385 3336; x_wconf 79' lang='lat' dir='ltr'><strong>enim,</strong></span> <span class='ocrx_word' id='word_1_239' title='bbox 398 3271 446 3326; x_wconf 86' lang='lat' dir='ltr'><strong>est</strong></span> <span class='ocrx_word' id='word_1_240' title='bbox 461 3258 561 3324; x_wconf 89' lang='lat' dir='ltr'><strong>ordo:</strong></span> <span class='ocrx_word' id='word_1_241' title='bbox 584 3257 854 3346; x_wconf 89' lang='lat' dir='ltr'><strong>quemadmodum</strong></span> <span class='ocrx_word' id='word_1_242' title='bbox 869 3270 977 3325; x_wconf 85' lang='lat' dir='ltr'><strong>autem</strong></span> <span class='ocrx_word' id='word_1_243' title='bbox 993 3269 1157 3349; x_wconf 88' lang='lat' dir='ltr'><strong>oportetet</strong></span> <span class='ocrx_word' id='word_1_244' title='bbox 1167 3257 1211 3324; x_wconf 74' lang='lat' dir='ltr'><strong>do</strong></span> 
     </span>
     <span class='ocr_line' id='line_1_29' title="bbox 199 3365 1210 3448; baseline 0.002 -12"><span class='ocrx_word' id='word_1_245' title='bbox 199 3393 311 3448; x_wconf 86' lang='lat' dir='ltr'><strong>corum</strong></span> <span class='ocrx_word' id='word_1_246' title='bbox 331 3379 392 3442; x_wconf 89' lang='lat' dir='ltr'><strong>est,</strong></span> <span class='ocrx_word' id='word_1_247' title='bbox 414 3368 447 3432; x_wconf 93' lang='lat' dir='ltr'><strong>in</strong></span> <span class='ocrx_word' id='word_1_248' title='bbox 468 3365 724 3432; x_wconf 87' lang='lat' dir='ltr'><strong>administrandis</strong></span> <span class='ocrx_word' id='word_1_249' title='bbox 746 3366 839 3431; x_wconf 91' lang='lat' dir='ltr'><strong>bonis</strong></span> <span class='ocrx_word' id='word_1_250' title='bbox 862 3367 927 3432; x_wconf 90' lang='lat' dir='ltr'><strong>suis</strong></span> <span class='ocrx_word' id='word_1_251' title='bbox 944 3380 978 3431; x_wconf 88' lang='lat' dir='ltr'><strong>et</strong></span> <span class='ocrx_word' id='word_1_252' title='bbox 995 3366 1210 3438; x_wconf 67' lang='lat' dir='ltr'><strong>natabundis</strong></span> 
     </span>
     <span class='ocr_line' id='line_1_30' title="bbox 197 3475 1206 3568; baseline -0.006 -25"><span class='ocrx_word' id='word_1_253' title='bbox 197 3479 390 3543; x_wconf 89' lang='lat' dir='ltr'><strong>moderatus.</strong></span> <span class='ocrx_word' id='word_1_254' title='bbox 403 3475 510 3542; x_wconf 79' lang='lat' dir='ltr'><strong>«Sunt</strong></span> <span class='ocrx_word' id='word_1_255' title='bbox 525 3477 614 3541; x_wconf 81' lang='lat' dir='ltr'><strong>enim</strong></span> <span class='ocrx_word' id='word_1_256' title='bbox 625 3477 679 3564; x_wconf 91' lang='lat' dir='ltr'><strong>qui</strong></span> <span class='ocrx_word' id='word_1_257' title='bbox 695 3476 865 3550; x_wconf 86' lang='lat' dir='ltr'><strong>seminant,</strong></span> <span class='ocrx_word' id='word_1_258' title='bbox 874 3488 907 3541; x_wconf 87' lang='lat' dir='ltr'><strong>et</strong></span> <span class='ocrx_word' id='word_1_259' title='bbox 915 3475 1005 3565; x_wconf 88' lang='lat' dir='ltr'><strong>plura</strong></span> <span class='ocrx_word' id='word_1_260' title='bbox 1015 3475 1206 3568; x_wconf 75' lang='lat' dir='ltr'><strong>colligrmt&#39;,r</strong></span> 
     </span>
     <span class='ocr_line' id='line_1_31' title="bbox 200 3583 1211 3675; baseline -0.003 -24"><span class='ocrx_word' id='word_1_261' title='bbox 200 3586 239 3651; x_wconf 90' lang='lat' dir='ltr'><strong>de</strong></span> <span class='ocrx_word' id='word_1_262' title='bbox 254 3586 369 3673; x_wconf 90' lang='lat' dir='ltr'><strong>quibus</strong></span> <span class='ocrx_word' id='word_1_263' title='bbox 390 3585 543 3675; x_wconf 85' lang='lat' dir='ltr'><strong>scripturn</strong></span> <span class='ocrx_word' id='word_1_264' title='bbox 558 3594 623 3649; x_wconf 86' lang='lat' dir='ltr'><strong>est:</strong></span> <span class='ocrx_word' id='word_1_265' title='bbox 637 3610 650 3644; x_wconf 82' lang='grc' dir='ltr'><strong>ι</strong></span> <span class='ocrx_word' id='word_1_266' title='bbox 662 3583 829 3671; x_wconf 83' lang='lat' dir='ltr'><strong>Dispersit‚</strong></span> <span class='ocrx_word' id='word_1_267' title='bbox 846 3583 934 3650; x_wconf 85' lang='lat' dir='ltr'><strong>dedit</strong></span> <span class='ocrx_word' id='word_1_268' title='bbox 948 3586 1151 3674; x_wconf 82' lang='lat' dir='ltr'><strong>pauperibua;</strong></span> <span class='ocrx_word' id='word_1_269' title='bbox 1163 3585 1211 3671; x_wconf 73' lang='lat' dir='ltr'><strong>jur</strong></span> 
     </span>
     <span class='ocr_line' id='line_1_32' title="bbox 197 3689 1211 3783; baseline 0.001 -26"><span class='ocrx_word' id='word_1_270' title='bbox 197 3722 211 3757; x_wconf 78' lang='lat' dir='ltr'><strong>r</strong></span> <span class='ocrx_word' id='word_1_271' title='bbox 226 3695 295 3760; x_wconf 86' lang='lat' dir='ltr'><strong>titia</strong></span> <span class='ocrx_word' id='word_1_272' title='bbox 312 3696 380 3783; x_wconf 85' lang='lat' dir='ltr'><strong>ejus</strong></span> <span class='ocrx_word' id='word_1_273' title='bbox 395 3705 502 3760; x_wconf 89' lang='lat' dir='ltr'><strong>manet</strong></span> <span class='ocrx_word' id='word_1_274' title='bbox 516 3693 549 3759; x_wconf 94' lang='lat' dir='ltr'><strong>in</strong></span> <span class='ocrx_word' id='word_1_275' title='bbox 566 3690 716 3759; x_wconf 87' lang='lat' dir='ltr'><strong>saeculum</strong></span> <span class='ocrx_word' id='word_1_276' title='bbox 731 3689 870 3758; x_wconf 70' lang='lat' dir='ltr'><strong>saeculi‘.</strong></span> <span class='ocrx_word' id='word_1_277' title='bbox 887 3693 1019 3772; x_wconf 76' lang='lat' dir='ltr'><strong>»Quare</strong></span> <span class='ocrx_word' id='word_1_278' title='bbox 1033 3718 1097 3761; x_wconf 91' lang='lat' dir='ltr'><strong>non</strong></span> <span class='ocrx_word' id='word_1_279' title='bbox 1109 3695 1159 3782; x_wconf 80' lang='lat' dir='ltr'><strong>qui</strong></span> <span class='ocrx_word' id='word_1_280' title='bbox 1171 3692 1211 3758; x_wconf 85' lang='lat' dir='ltr'><strong>br·</strong></span> 
     </span>
     <span class='ocr_line' id='line_1_33' title="bbox 198 3800 1210 3893; baseline -0.004 -25"><span class='ocrx_word' id='word_1_281' title='bbox 198 3805 254 3868; x_wconf 87' lang='lat' dir='ltr'><strong>bet</strong></span> <span class='ocrx_word' id='word_1_282' title='bbox 270 3815 303 3868; x_wconf 90' lang='lat' dir='ltr'><strong>et</strong></span> <span class='ocrx_word' id='word_1_283' title='bbox 319 3815 433 3878; x_wconf 83' lang='lat' dir='ltr'><strong>servat,</strong></span> <span class='ocrx_word' id='word_1_284' title='bbox 450 3801 505 3868; x_wconf 89' lang='lat' dir='ltr'><strong>scd</strong></span> <span class='ocrx_word' id='word_1_285' title='bbox 521 3802 575 3891; x_wconf 90' lang='lat' dir='ltr'><strong>qui</strong></span> <span class='ocrx_word' id='word_1_286' title='bbox 591 3801 743 3891; x_wconf 82' lang='lat' dir='ltr'><strong>impertit,</strong></span> <span class='ocrx_word' id='word_1_287' title='bbox 758 3811 807 3866; x_wconf 87' lang='lat' dir='ltr'><strong>est</strong></span> <span class='ocrx_word' id='word_1_288' title='bbox 821 3800 907 3867; x_wconf 81' lang='lat' dir='ltr'><strong>dives</strong></span> <span class='ocrx_word' id='word_1_289' title='bbox 927 3825 935 3866; x_wconf 89' lang='lat'><strong>:</strong></span> <span class='ocrx_word' id='word_1_290' title='bbox 952 3812 986 3867; x_wconf 89' lang='lat' dir='ltr'><strong>et</strong></span> <span class='ocrx_word' id='word_1_291' title='bbox 1000 3803 1166 3893; x_wconf 86' lang='lat' dir='ltr'><strong>impartitio</strong></span> <span class='ocrx_word' id='word_1_292' title='bbox 1182 3819 1210 3864; x_wconf 79' lang='lat' dir='ltr'><strong>rr</strong></span> 
     </span>
    </p>
   </div>
   <div class='ocr_carea' id='block_1_6' title="bbox 233 3923 1160 4015">
    <p class='ocr_par' dir='ltr' id='par_1_6' title="bbox 233 3923 1160 4015">
     <span class='ocr_line' id='line_1_34' title="bbox 233 3923 1160 4015; baseline -0.002 -33"><span class='ocrx_word' id='word_1_293' title='bbox 233 3931 325 3982; x_wconf 68' lang='lat' dir='ltr'><strong>‘Pron</strong></span> <span class='ocrx_word' id='word_1_294' title='bbox 339 3949 394 3992; x_wconf 84' lang='lat' dir='ltr'><strong>rur,</strong></span> <span class='ocrx_word' id='word_1_295' title='bbox 409 3948 447 3991; x_wconf 86' lang='lat' dir='ltr'><strong>ro,</strong></span> <span class='ocrx_word' id='word_1_296' title='bbox 468 3951 505 3982; x_wconf 88' lang='grc' dir='ltr'><strong>ιι.</strong></span> <span class='ocrx_word' id='word_1_297' title='bbox 518 3961 547 3971; x_wconf 86' lang='lat'>-</span> <span class='ocrx_word' id='word_1_298' title='bbox 560 3931 570 3966; x_wconf 82' lang='lat'><strong>¹</strong></span> <span class='ocrx_word' id='word_1_299' title='bbox 582 3932 649 3988; x_wconf 87' lang='lat' dir='ltr'><strong>ibid,</strong></span> <span class='ocrx_word' id='word_1_300' title='bbox 667 3930 765 3996; x_wconf 53' lang='grc' dir='ltr'><strong>ἰι-3</strong></span> <span class='ocrx_word' id='word_1_301' title='bbox 777 3931 816 3982; x_wconf 89' lang='lat' dir='ltr'><strong>ld.</strong></span> <span class='ocrx_word' id='word_1_302' title='bbox 829 3947 864 3992; x_wconf 72' lang='grc' dir='ltr'><strong>ιι,</strong></span> <span class='ocrx_word' id='word_1_303' title='bbox 877 3931 958 4015; x_wconf 49' lang='lat' dir='ltr'><strong>211.ss</strong></span> <span class='ocrx_word' id='word_1_304' title='bbox 970 3931 980 3964; x_wconf 77' lang='lat'><strong>⁴</strong></span> <span class='ocrx_word' id='word_1_305' title='bbox 992 3923 1160 3996; x_wconf 63' lang='lat' dir='ltr'><strong>Paul-cum.</strong></span> 
     </span>
    </p>
   </div>
   <div class='ocr_carea' id='block_1_7' title="bbox 0 0 1243 4602">
    <p class='ocr_par' dir='ltr' id='par_1_7' title="bbox 0 0 1243 4602">
     <span class='ocr_line' id='line_1_35' title="bbox 0 0 1243 4602; baseline 0 0"><span class='ocrx_word' id='word_1_306' title='bbox 0 0 1243 4602; x_wconf 95' lang='lat' dir='ltr'><strong> </strong></span> 
     </span>
    </p>
   </div>
  </div>
 </body>
</html>
