2614 4628
488 289 648 336 ocrrrrus.
916 296 918 307 ’
1023 273 1082 335 1οὸ

41 420 152 486 umus.
169 411 231 482 Sic
242 423 374 488 mutuo,
386 409 475 500 quod
486 408 611 484 doletis,
623 429 731 474 amore
744 405 915 498 diligimus,
932 409 1084 498 quoniam

41 525 142 594 dhre
160 547 234 591 non
250 524 412 590 norimus.
433 520 489 588 Sic
502 543 573 596 nos,
590 519 676 609 quod
690 517 848 594 invidetis,
865 519 978 586 iratres
995 545 1087 588 voca·

42 659 124 710 mus,
139 647 179 700 ut
192 634 294 700 unius
306 633 366 700 Dei
381 631 521 721 parentis
534 629 693 705 homines,
710 641 746 694 ut
760 641 923 695 consortes
941 629 1029 707 fidei,
1050 641 1087 696 ut

41 746 104 836 spei
116 745 324 814 cohaeredes.
339 741 406 810 llos
417 741 502 808 enirn
514 764 575 807 nec
585 741 723 806 invicem
734 740 915 830 agnoscitis,
930 753 962 806 et
973 742 1006 807 in
1018 765 1089 808 rnu-

42 868 92 920 tna
107 855 186 920 odia
203 855 323 921 saeritis
337 878 345 918 ε
361 875 422 920 nec
437 851 549 918 fratres
560 874 629 928 ros,
645 850 705 917 nisi
721 871 796 916 sano
810 850 850 916 ad
865 851 1085 940 parricidium,

44 964 288 1053 recognoscitis.

82 1074 233 1142 XXXII.
253 1074 379 1140 Putatis
398 1085 505 1140 autem
524 1095 581 1138 nos
602 1070 764 1140 occultare
782 1074 868 1162 quod
889 1073 1088 1150 colimut,'si

46 1183 178 1251 delubra
201 1195 236 1250 et
259 1207 333 1250 aras
355 1207 420 1250 non
446 1182 625 1267 habemus?
645 1181 743 1262 Quod
767 1184 853 1249 enim
880 1184 1086 1251 simulacrum

45 1294 111 1362 Deo
124 1295 264 1385 fingam,
282 1317 373 1370 eum,
391 1295 415 1360 si
431 1305 518 1361 reete
532 1293 703 1370 existimes,
715 1293 755 1359 sit
771 1291 830 1360 Dei
848 1295 945 1362 homo
960 1296 1026 1384 ipse
1041 1297 1085 1361 si-

49 1403 249 1472 mulacrum?
261 1402 420 1496 templum
432 1404 518 1492 qnod
528 1404 557 1468 ei
568 1416 726 1480 extruam‚
740 1426 816 1471 curn
829 1417 914 1471 totus
925 1406 978 1472 hic
990 1429 1086 1472 mun-

51 1513 118 1586 dus.
133 1517 204 1603 ejus
221 1538 322 1604 opere
340 1513 526 1588 fabricatus,
538 1536 611 1578 eum
622 1535 735 1602 cepere
748 1538 813 1580 non
827 1515 950 1603 possiti’
965 1528 1086 1581 etcum

52 1623 145 1689 lromo
155 1624 252 1690 latius
264 1647 427 1698 maneam,
439 1623 522 1688 intra
537 1645 634 1688 unam
645 1605 812 1690 aetliculam
823 1625 888 1690 vim
904 1637 1002 1692 tantae
1016 1648 1087 1690 ma-

55 1732 169 1820 jestatis
187 1731 376 1800 includam?
393 1731 508 1799 Nonne
522 1731 635 1798 melius
656 1733 690 1798 in
712 1745 818 1799 nostra
832 1735 1027 1801 dedicandus
1042 1747 1090 1800 est

58 1843 180 1908 mente?
193 1845 229 1908 in
243 1855 353 1908 nostro
364 1843 430 1908 imo
446 1841 680 1909 consecrandus
691 1852 740 1908 est
751 1855 881 1932 pectore
892 1844 909 1909 l
919 1844 1042 1910 llostias
1054 1857 1087 1909 et
1182 1915 1184 1924 ,

62 1952 202 2018 victimas
211 1953 347 2018 Domino
359 1951 505 2027 offeram,
519 1975 596 2040 quas
608 1952 642 2018 in
654 1976 747 2018 usum
758 1954 821 2018 mei
833 1952 979 2043 protulit,
995 1966 1029 2020 ut
1041 1977 1090 2020 re·
1140 1976 1143 1982 ·

68 2059 213 2148 jiciemei
225 2085 313 2136 suum
323 2061 463 2128 munus?
475 2062 635 2151 ingratum
646 2074 715 2128 est:
731 2086 807 2133 oum
821 2064 861 2129 sit
876 2061 1002 2130 litabilis
1016 2063 1089 2130 hos.-
1143 2055 1145 2060 ¹

69 2169 127 2245 tia,
148 2171 252 2237 honus
270 2173 396 2246 animus,
413 2184 446 2238 et
465 2194 544 2261 pura
560 2194 663 2247 mens,
679 2185 712 2236 et
735 2174 855 2240 sincera
881 2173 1085 2240 conscientia.

65 2278 164 2367 lgitur
176 2281 233 2370 qni
244 2281 456 2350 innocentiam
470 2279 559 2356 colit,
575 2281 714 2346 Domino
732 2281 908 2371 supplicat;
927 2284 981 2370 qui
997 2283 1089 2371 justi-

62 2389 148 2465 tiam,
163 2389 231 2457 Deo
245 2389 322 2458 libat
340 2415 348 2456 :
368 2392 423 2480 qui
438 2391 603 2458 fraudibus
619 2390 771 2470 abstinet,
788 2392 938 2480 propitiet
955 2392 1060 2458 Deum
1077 2413 1089 2454 r

59 2498 111 2587 qui
124 2499 288 2568 hominem
307 2501 451 2592 periculo
474 2503 623 2590 subripit,
643 2501 785 2590 opimam
808 2501 970 2568 victimam
985 2499 1086 2567 eaedit.

56 2611 129 2678 llme
148 2625 259 2679 nostra
282 2612 452 2689 sacrificia,
468 2611 537 2680 haec
551 2611 610 2678 Dei
636 2635 725 2678 sacra
745 2623 830 2678 sunt.
856 2611 911 2677 Sic
931 2610 1017 2701 apud
1033 2633 1092 2676 nos

56 2719 231 2811 religiosior
259 2736 309 2789 est
338 2722 404 2799 ille,
429 2723 483 2812 qui
509 2724 631 2812 justior.
648 2723 700 2790 ‘rit
720 2723 806 2789 enim
833 2747 928 2812 quem
955 2720 1089 2790 colimus

55 2831 171 2909 Deum,
190 2856 254 2900 nec
271 2833 481 2910 ostendimus,
504 2857 564 2900 nec
586 2834 739 2901 ridemus.
760 2835 829 2900 lmo
848 2858 888 2900 ex
905 2835 969 2902 hoc
983 2834 1089 2900 Deum

57 2941 229 3017 credimus,
246 2942 334 3030 quod
348 2966 423 3009 eum
436 2945 554 3010 sentire
571 2967 750 3033 possumus,
773 2945 879 3010 videre
898 2969 962 3024 non
978 2967 1093 3034 possu-

56 3073 134 3118 mus.
152 3053 192 3119 ln
208 3053 362 3142 operibus
377 3055 462 3120 enim
476 3055 559 3142 ejus,
570 3067 603 3119 et
620 3054 653 3119 in
664 3054 775 3119 mundi
787 3053 935 3121 omnibus
954 3053 1094 3118 motibus

58 3162 206 3230 virtutem
217 3163 291 3251 ejus
302 3187 428 3254 semper
439 3175 627 3254 praesentem
638 3163 818 3253 aspicimus,
833 3185 908 3228 cum
921 3173 1022 3237 tonat,
1036 3159 1095 3225 l'ul-

57 3283 158 3359 gunt,
182 3269 346 3348 fulminat,
372 3296 448 3340 oum
469 3285 601 3338 serenat.
628 3271 695 3339 Nec
709 3273 832 3338 mireris
852 3271 879 3335 si
901 3269 1005 3334 Deum
1025 3293 1090 3335 non

58 3381 152 3449 rides.
168 3381 276 3450 Vento
292 3395 325 3448 et
338 3383 467 3450 flatibus
478 3383 584 3452 omnia
599 3380 818 3472 impelluntur,
832 3365 1009 3456 vibrantur,
1023 3381 1090 3470 agi-

59 3501 179 3571 tantur,
195 3505 230 3558 et
252 3494 313 3559 sub
330 3493 430 3560 oculis
447 3507 553 3560 tamen
569 3517 634 3558 non
649 3492 736 3558 reni-t
751 3503 864 3556 ventus
884 3503 916 3555 et
931 3489 1034 3555 ssatus.
1054 3490 1091 3555 ln

61 3597 121 3665 sole
137 3601 236 3677 adeo,
252 3603 308 3691 qui
323 3602 451 3670 ridendi
465 3603 615 3670 omnibus
632 3614 802 3678 causaest,
821 3601 927 3667 videre
941 3621 1006 3666 non
1021 3624 1091 3689 pos-

62 3733 184 3786 tumus;
204 3713 302 3780 radiis
327 3715 411 3780 acies
427 3717 648 3789 submovetur,
669 3715 799 3782 obtutus
821 3713 973 3780 intuentis
989 3713 1091 3778 hebe-

63 3831 174 3887 tatur:
201 3833 248 3900 et,
273 3823 299 3890 si
321 3824 440 3891 diutius
462 3825 625 3914 inspicias,
648 3825 751 3890 omnis
776 3826 859 3892 visus
885 3824 1089 3915 extinguitur.

65 3928 169 4008 Qud?
182 3933 290 4022 ipsum
314 3933 389 4002 solis
413 3935 583 4036 artificem,
600 3917 689 4004 illum
710 3934 837 4010 luminis
859 3937 980 4006 sontem
995 3934 1094 4024 possis
