2574 4628
306 307 507 354 touonrsrro
532 307 571 350 un
595 306 724 350 esurus.
971 285 1027 350 181

8 427 115 492 isndnta
135 438 188 490 est
201 427 329 492 vetites.
349 426 470 494 Dirinae
486 437 593 490 autem
609 423 794 512 Scripturae,
813 423 1032 512 sapientesque

8 533 205 602 nstitutiones
228 533 421 624 compendio
443 523 625 599 ducunt'ud
645 531 779 598 sulutem
799 543 1034 622 :expertesque

8 643 72 710 tmni
89 642 180 719 luco,
195 657 233 708 et
244 644 383 708 externis
400 642 571 708 verborum
585 641 790 717 ornamentis,
805 639 965 708 blanditiis
984 655 1033 706 ut-

8 775 51 840 que
70 751 248 826 illecebris,
266 751 431 818 bominem
448 751 527 818 vitiis
547 749 641 840 plene
660 750 849 818 suffocatum
865 752 1029 826 suscitant,

8 859 66 928 lum
76 863 241 952 ancipites
253 861 350 950 hujus
362 863 433 928 vitm
445 885 536 928 casus
547 874 753 928 contemnere
766 863 893 942 docent,
905 885 1031 950 unuque

8 971 140 1036 stendem
155 995 242 1038 voce
254 971 395 1037 diversos
407 971 538 1038 allectus
549 983 676 1047 curant,
689 971 890 1036 cohortantes
901 971 1031 1058 quidem

8 1077 200 1168 spericulose
226 1079 354 1155 fraude,
377 1077 462 1146 clere
483 1089 589 1145 numm
604 1079 645 1144 ad
660 1080 915 1168 consequendam
930 1079 1028 1154 illum,

8 1213 60 1278 que
79 1191 172 1256 nobis
199 1191 309 1279 positu
335 1203 383 1256 est
408 1202 482 1258 ente
504 1188 626 1266 oculos,
652 1189 787 1257 salutem
813 1190 1025 1258 adhortantes.

8 1299 157 1389 Propterea
174 1303 287 1391 prima
303 1301 395 1368 nobis
410 1298 529 1389 Sibylla
546 1313 631 1367 vates
648 1299 785 1368 saluere
802 1301 961 1369 canticum
981 1324 1031 1368 ae·

8 1408 77 1473 tinet
88 1432 96 1473 :

73 1559 205 1639 Undique
219 1559 372 1635 clarescit,
383 1560 523 1642 nulloque
536 1581 635 1622 errore
649 1575 791 1643 vagatur:

75 1662 190 1723 Credite
203 1663 278 1721 dum
291 1661 365 1736 luci,
376 1662 568 1742 tenebrasque
579 1662 735 1744 relinquite
749 1666 861 1724 noctis:

78 1761 148 1820 Solis
158 1762 242 1821 adest
250 1761 383 1841 jucunde
394 1762 472 1838 dies,
483 1763 570 1822 micat
579 1763 687 1841 inclyta
697 1764 807 1844 lampas
818 1787 825 1821 :

78 1865 153 1940 Ergo
166 1865 252 1942 agite,
263 1876 352 1942 utque
365 1863 468 1922 animis
481 1865 576 1942 vigeat
585 1867 725 1944 supientia
736 1867 859 1925 vestris:

82 1962 187 2020 Unicus
199 1973 242 2020 est
252 1966 351 2036 Deus,
359 1962 526 2022 imbriferos
538 1965 588 2042 qui
601 1965 712 2023 decutit
726 1969 827 2038 Euros,

93 2057 222 2116 Fulmina
230 2104 239 2132 ,
247 2073 358 2138 pestes,
368 2073 455 2137 utque
467 2061 572 2135 sames,
585 2075 614 2122 et
623 2063 717 2122 tristia
725 2077 844 2138 cuncte,

91 2157 127 2212 Et
138 2153 262 2232 glaciem,
272 2169 355 2236 atque
371 2159 462 2218 nives.
474 2158 554 2234 Quid
571 2179 654 2240 opus,
666 2160 720 2220 tibi
730 2163 842 2240 singula
855 2162 964 2222 dicum?

90 2256 141 2314 ms
149 2254 213 2312 coeli
223 2256 362 2337 princeps,
373 2257 508 2318 dominus
523 2271 624 2332 terrae,
634 2258 661 2317 is
673 2279 789 2338 quoque
802 2278 871 2346 vere
884 2273 936 2318 est.

12 2393 70 2460 Ubi
83 2395 182 2462 divine
203 2397 375 2464 admodum
401 2397 546 2464 lruudem
567 2399 718 2474 tenebris,
741 2397 800 2465 Dei
823 2421 898 2466 vero
920 2400 1030 2488 cogni-

9 2507 120 2573 tionem
141 2507 199 2573 soli
217 2521 313 2597 atque
328 2507 392 2576 luci
415 2507 612 2583 assimilavit3
637 2521 670 2576 et
683 2507 765 2576 sacta
782 2509 1028 2598 comparatione,

9 2627 108 2682 uuum
122 2641 162 2682 ex
175 2615 236 2684 illis
250 2615 433 2706 eligendum
450 2617 490 2683 slt
501 2617 624 2684 edocet.
639 2617 706 2684 Nec
716 2619 803 2684 enim
821 2616 935 2684 fulsum
945 2619 1030 2687 nuda

9 2729 211 2816 propositione
221 2729 288 2794 reri
301 2729 483 2817 dissipetur,
495 2728 551 2794 sed
563 2753 621 2794 usu
633 2729 771 2796 veritatis
782 2729 923 2818 rejicitur
935 2743 1028 2819 atquo

10 2835 132 2925 bgatm.
160 2837 320 2903 Caeterum
342 2827 588 2929 sapientissimus
610 2838 764 2928 propbeta
785 2839 950 2914 Jeremias,
972 2863 1029 2905 seu

10 2949 101 3036 petius
117 2962 247 3016 sanctus
264 2949 500 3038 ineoSpiritus,
510 2949 759 3018 Deumostendit
771 2974 779 3016 ι
793 2978 806 3011 ι
822 2951 907 3022 Deus
918 2974 1029 3056 apppo-

10 3059 182 3146 spinquans
196 3083 257 3150 ego
272 3083 357 3136 sum,
374 3060 496 3147 iuquit,
509 3071 541 3125 et
556 3083 621 3126 non
636 3060 721 3126 Deus
732 3058 853 3150 procul.
869 3059 902 3128 si
918 3059 1030 3126 lecerit

11 3169 125 3234 sbomo
140 3167 260 3257 aliquid
273 3171 307 3237 in
323 3167 463 3243 occulto,
485 3181 516 3233 et
537 3191 595 3257 ego
614 3191 679 3234 non
701 3170 816 3234 ridebo
835 3167 962 3258 ipsum?
978 3169 1029 3234 An

11 3305 91 3350 »non
102 3279 222 3350 coslum
236 3293 269 3346 et
284 3293 403 3360 terrem
418 3302 477 3368 ego
492 3278 722 3368 impleoi’dicit
734 3277 915 3345 Dominus¹.
931 3277 1031 3343 »Rur-

11 3404 174 3457 susantem
184 3389 417 3480 perEsuiam,s
434 3387 514 3468 Quis
526 3387 686 3465 metietur,
700 3390 762 3463 ait,
781 3386 899 3454 coelum
910 3386 1028 3478 pulmo,

11 3514 64 3566 set
83 3513 198 3568 terram
222 3523 353 3568 omnem
370 3496 539 3589 pugillo'i
561 3527 574 3560 s
602 3498 774 3565 Considera
796 3497 854 3564 Dei
872 3499 1032 3588 magnitu-

12 3607 120 3686 dinem,
142 3623 174 3676 et
187 3612 390 3699 obstupesce.
417 3609 511 3676 llunc
532 3631 589 3676 nos
604 3631 794 3675 veneremur
815 3608 855 3672 de
876 3631 939 3698 quo
955 3609 1032 3675 dicit

12 3721 150 3809 propbeta
169 3745 178 3786 :
196 3747 209 3780 ι
228 3719 358 3788 Asscie
384 3731 439 3784 tue
462 3729 586 3786 montes
607 3715 793 3806 liquescent,
818 3719 899 3785 siout
918 3743 936 3784 e
952 3718 1032 3788 facie
1078 3763 1107 3818 .-

12 3829 110 3916 aignis
131 3827 275 3921 liquescit
296 3849 371 3897 cera
385 3826 408 3891 ³.
427 3857 441 3890 ι
458 3827 500 3904 Is,
524 3828 639 3916 inquit,
663 3839 711 3893 est
725 3827 821 3906 Deus,
839 3829 930 3920 eujus
947 3857 959 3889 ι
974 3849 1036 3896 ooe·
1121 3893 1126 3902 ,

40 3963 143 4020 lieren.
153 3985 226 4030 uin,
237 3967 281 4029 23,
294 3965 383 4026 ade-¹
393 3966 450 4018 lsai·
464 3983 504 4027 xc,
518 3964 810 4028 12.-³1b2'‹tnnv,1,2.
