2448 4610
188 243 252 320 llo
499 263 671 316 cnsunurrs
696 263 907 310 inuasurum

190 401 299 445 rrrrsus
311 380 395 446 dicct
413 379 581 459 Dominus,
594 382 727 448 fratrum
746 381 993 449 benevolentiam
1009 379 1182 450 beneroleio
1212 366 1214 392 ³

191 490 329 578 seipsum
341 503 541 566 convertens,
554 503 587 557 et
603 491 711 558 dicens
727 513 735 554 ε
757 517 770 550 r
786 491 1014 579 Quodcumque
1028 489 1134 557 lecistis
1144 488 1188 554 tis

192 600 334 688 spartis,
353 599 432 665 mihi
448 599 575 667 fecistis.
594 602 636 666 Et
658 601 763 676 ibunt,
781 601 836 689 qui
860 600 938 667 tales
961 613 1037 676 sunt,
1053 602 1087 665 in
1107 601 1187 664 sitan

192 737 206 772 a
220 719 370 774 aeternam
380 708 403 774 ¹.
415 709 529 775 »Tales
540 722 614 776 sunt
624 709 701 799 Logi
712 708 808 799 leges,
820 713 916 776 verbe
928 709 1130 785 consolatoria,
1140 731 1190 774 noa

193 819 225 883 in
237 816 352 883 tabulis
368 816 498 908 lapideis
511 820 609 908 digito
620 819 748 887 Domini
760 819 899 909 scriptis,
911 821 965 887 sed
976 821 1088 910 scripta
1098 820 1130 884 iu
1139 839 1193 884 cm

195 928 287 994 dibus
301 927 482 1005 hominum,
496 930 529 994 in
544 952 621 1017 quas
637 927 740 995 solum
755 953 820 995 non
833 929 920 996 cadit
933 930 1074 995 interitus.
1090 927 1193 994 Idcirco

194 1039 305 1105 fructae
322 1050 397 1104 sunt
418 1036 535 1104 tubulae
551 1061 663 1104 eorum
682 1040 736 1127 qui
753 1050 843 1105 erant
864 1039 936 1104 duri
955 1038 1062 1114 cordis,
1080 1049 1117 1102 ut
1133 1035 1196 1102 lidu

195 1171 368 1237 puerorum
380 1147 617 1238 imprimeretur
627 1148 660 1214 in
676 1149 793 1214 teneris
807 1148 979 1214 mentibus.
993 1148 1095 1216 Ambe
1109 1158 1198 1212 suun

196 1257 281 1346 leges
292 1257 378 1346 Lego
390 1259 572 1324 serviebant
586 1258 626 1323 ad
642 1257 812 1324 hominum
824 1260 1050 1326 institutionem
1060 1283 1068 1323 :
1079 1257 1130 1324 illa
1143 1257 1201 1346 qd·

198 1369 271 1433 dem
287 1391 345 1456 per
356 1367 478 1445 Mosen,
494 1367 563 1435 hece
575 1391 650 1435 vero
662 1393 719 1458 per
730 1369 907 1458 Apostolos.
924 1369 1100 1460 Cuiusmodi
1114 1379 1202 1434 autu!

196 1479 311 1544 tradita
323 1479 363 1545 sit
376 1503 434 1568 per
445 1479 612 1568 Apostolos
630 1479 760 1568 puerilis
774 1482 945 1558 institutio,
957 1481 1035 1547 mihi
1051 1477 1204 1546 ridetur&

199 1611 238 1655 oo
259 1609 388 1677 quoquc
406 1611 522 1677 genere
544 1589 722 1655 necessario
741 1589 958 1656 disserendum
977 1611 986 1653 :
1005 1589 1151 1654 imovero
1164 1583 1203 1648 ιι·

199 1697 371 1764 recordans
391 1697 468 1763 dicit
486 1696 688 1786 Paedagogus.
708 1697 812 1784 Atque
830 1698 898 1786 ipsa
914 1696 1044 1785 quidem
1060 1697 1124 1784 ejus
1138 1715 1204 1782 prc-

202 1819 293 1896 cepta
306 1828 415 1871 rursus
427 1828 583 1894 exponam
595 1803 691 1872 veluti
704 1806 736 1870 in
751 1806 872 1870 semine
884 1828 892 1868 ε
915 1830 929 1865 t
946 1805 1090 1893 Deposito
1101 1801 1207 1869 mend·

203 1945 216 1978 s
233 1917 296 1991 cio,
313 1915 478 2003 loquimini
497 1915 660 1981 veritatem
678 1914 894 2003 unusquisque
911 1937 987 1980 cum
1002 1915 1137 2003 proximo

203 2054 216 2088 s
235 2024 386 2113 quoniam
402 2048 511 2089 sumus
531 2022 611 2089 alter
626 2023 754 2091 alterius
771 2027 926 2092 membra.
951 2023 1006 2091 Sol
1024 2047 1088 2089 nou
1107 2019 1203 2088 oecidd

205 2157 328 2223 »super
354 2133 551 2200 iracundiam
570 2146 725 2210 vestram,
745 2157 851 2224 neque
870 2134 978 2201 locum
997 2134 1070 2200 date
1086 2127 1201 2198 Dialolo

205 2272 219 2307 s
236 2243 300 2323 Qui
316 2242 494 2320 furabatur,
513 2266 577 2309 non
595 2243 729 2332 amplius
748 2243 894 2310 furetur:
909 2244 964 2310 sed
980 2246 1085 2332 potius
1101 2240 1207 2312 1ὼὲ.

207 2374 370 2440 »operans
381 2352 516 2428 honum,
531 2362 566 2415 ut
582 2351 680 2440 possit
699 2353 854 2441 impertiri
872 2353 987 2442 egenti.
1004 2352 1114 2418 Omnis
1126 2345 1209 2414 amni·

207 2490 220 2525 a
237 2462 329 2536 tudo,
346 2473 378 2526 et
396 2461 455 2536 iro,
472 2473 505 2527 et
516 2462 789 2540 excandescentia,
802 2476 835 2528 et
846 2462 980 2539 clamor,
992 2477 1025 2528 et
1037 2461 1186 2528 maletto·
1206 2506 1207 2509 =

208 2601 220 2633 ι
239 2568 369 2636 tollatur
385 2594 403 2636 a
417 2571 519 2644 robis,
538 2594 612 2638 cum
630 2573 717 2637 omni
730 2571 817 2637 vitio.
838 2573 947 2638 Estote
965 2571 1047 2638 alter
1060 2573 1093 2637 in
1107 2569 1160 2636 atr.
1179 2598 1188 2619 ν

209 2707 222 2741 ι
239 2679 380 2768 benigni,
393 2680 628 2759 misericordes,
642 2683 730 2748 vobis
742 2682 878 2748 invicem
896 2681 1123 2771 gratificantes,
1139 2713 1143 2737 ·
1157 2710 1181 2733 1,

131 2831 136 2837 -
209 2814 222 2848 s
237 2786 410 2852 admodum
422 2787 507 2854 Deus
518 2813 647 2878 quoque
666 2791 756 2857 robis
768 2791 800 2856 in
813 2789 939 2856 Christo
950 2790 1143 2880 gratificatus
1155 2781 1208 2852 αι’.

212 2925 225 2959 a
242 2897 349 2961 Estote
359 2919 436 2985 ergo
447 2898 633 2985 prudentes,
645 2909 677 2962 et
688 2898 746 2965 Dei
759 2899 944 2974 imitatores,
955 2899 1038 2965 sicut
1049 2898 1104 2963 filii
1118 2880 1224 2993 tituta(

212 3005 445 3072 set'amltulate
465 3009 497 3072 in
519 3007 702 3084 dilectione,
719 3009 802 3076 sicut
816 3023 849 3074 et
867 3009 1012 3076 Christus
1031 3009 1140 3074 dilexit
1153 3001 1224 3123 sulp

214 3115 389 3182 »Mulieres
404 3117 534 3205 quidem
548 3121 684 3208 propriis
698 3121 770 3186 viris
786 3113 1007 3208 subjiciantur,
1022 3133 1166 3208 tanquam
1182 3123 1186 3171 Ι

214 3225 359 3291 »mino‘.
378 3226 480 3292 lllariti
499 3238 606 3292 autem
624 3251 697 3293 suas
713 3251 826 3294 uxores
845 3225 988 3317 diligant,
1005 3229 1087 3294 'sicut
1102 3227 1151 3294 Ch
1175 3258 1182 3275 ’κ
1213 3271 1215 3275 .

215 3362 227 3394 ι
243 3333 351 3401 dilexit
371 3334 547 3403 Ecclesiam
558 3336 578 3401 ⁵.
606 3335 676 3402 »Se
691 3359 767 3427 ergo
783 3337 917 3403 invicem
939 3337 1082 3428 diligant,
1100 3338 1154 3426 qui
1211 3360 1216 3370 ’-

216 3443 394 3530 conjuncti,
412 3445 519 3512 «sicut
535 3447 661 3536 propria
678 3469 821 3536 corporo.
833 3446 1054 3524 Filii,obedite
1066 3447 1168 3512 restris
1185 3482 1187 3493 =
1223 3466 1224 3538 p

215 3581 228 3614 s
245 3555 398 3619 rentibus.
416 3556 536 3634 Patres,
551 3582 592 3624 ne
608 3569 777 3647 provocate
795 3558 836 3622 ad
852 3559 931 3623 iram
950 3556 1030 3623 lilios
1047 3569 1172 3628 vestros.
1184 3595 1219 3609 ---

216 3660 379 3729 »educate
393 3688 448 3731 eos
467 3667 499 3731 in
516 3665 678 3755 disciplina
696 3680 728 3732 et
750 3666 967 3734 admonitione
984 3667 1120 3733 Domini.
1145 3639 1224 3734 Seru·l

248 3811 257 3844 ¹
272 3813 364 3866 llatth.
377 3833 434 3878 xxv,
445 3819 486 3875 do,
501 3819 543 3878 46.
555 3845 586 3856 -
601 3817 612 3852 ¹
627 3819 719 3884 Ephes.
731 3835 764 3876 rr,
777 3821 818 3879 25,
829 3821 870 3878 ao,
883 3837 922 3884 η,
934 3819 974 3878 28,
984 3821 1023 3880 51,
1037 3819 1078 3868 52.
1096 3845 1125 3856 —
1141 3817 1151 3852 ὅ
1166 3813 1213 3865 ldt

218 3898 239 3942 t,
255 3886 617 3940 2.-⁴1btd.22.-⁶1btd.
633 3893 673 3940 2⁵.
