2738 4628
239 225 283 300 db
496 213 510 260 ⁸
563 239 677 284 saecri
700 236 814 282 ranam
838 236 899 282 urs.
925 237 944 282 r

239 395 252 428 ι
267 375 416 453 quartum
427 362 488 428 crit
501 361 533 426 in
544 372 641 434 tarra,
654 357 740 447 quod
751 356 904 424 eminebit
914 377 1010 448 super
1025 355 1144 446 reliqua
1161 379 1273 448 regma

238 485 299 540 oct
321 469 527 539 manducabit
551 489 681 536 omnem
701 479 832 541 terrum,
852 475 886 531 et
906 464 1109 532 conculcabit
1132 489 1218 542 cam,
1241 481 1274 532 et

239 582 425 650 »concidet
451 582 492 647 Et
518 579 631 646 decem
657 597 777 643 eornm
805 577 874 665 ejus
885 586 900 651 ‚‘
922 575 1035 643 decem
1063 598 1152 666 reges
1181 599 1275 642 exur-

238 706 365 784 »gcntt
384 705 416 758 et
438 703 509 781 post
530 712 585 755 eos
606 699 713 777 surgat
731 686 822 763 alius,
838 689 892 776 qui
916 687 1078 776 superabit
1094 686 1186 754 malis
1200 711 1277 754 om·

239 827 323 870 »nes
341 804 396 891 qui
414 814 488 868 ante
506 820 581 865 eum
602 798 743 874 suerunt,
759 809 792 862 et
815 819 904 886 reges
919 807 984 862 tres
1000 795 1227 873 deminorabit,
1243 808 1275 862 et

238 942 252 975 o
268 913 364 980 verba
380 911 529 976 adversus
545 905 734 974 altissimum
748 906 851 972 Deum
866 904 1027 994 loquetur,
1040 918 1073 972 et
1090 919 1216 974 sanctos
1232 905 1277 972 a}-

239 1022 379 1088 »tissimi
397 1021 457 1088 Dei
480 1029 637 1094 conteret,
653 1028 687 1082 et
708 1015 859 1105 cogitabit
880 1015 1045 1082 demutare
1066 1029 1224 1106 tempora,-
1241 1029 1276 1080 et

239 1163 252 1196 ι
268 1132 385 1222 Legem
401 1154 409 1196 τ
429 1143 463 1195 et
477 1129 606 1194 dabitur
621 1129 655 1193 in
670 1149 767 1193 manu
783 1127 865 1216 ejus,
882 1128 1038 1214 usquead
1055 1139 1182 1216 tempus
1196 1139 1277 1194 tcm-

238 1271 252 1304 ι
268 1264 382 1332 porum
400 1251 433 1306 et
448 1237 615 1306 dimidium
631 1235 790 1326 tempus¹‚
805 1236 890 1303 »hoc
905 1249 966 1312 est,
981 1259 1039 1326 per
1053 1236 1228 1303 triennium
1240 1249 1276 1302 et

239 1373 293 1418 sex
307 1373 444 1426 menses,
465 1349 498 1414 in
521 1346 636 1435 quibus
657 1349 785 1413 veniens
803 1347 948 1436 regnabit
968 1357 1206 1436 superterram.
1226 1347 1276 1412 De

240 1485 303 1552 quc
319 1463 435 1528 iterum
450 1471 482 1524 ct
498 1455 667 1548 Apostolus
682 1455 800 1524 Paulus
815 1458 847 1525 in
862 1457 1000 1524 secunda
1015 1457 1057 1524 ad
1070 1455 1275 1525 Thessaloni-

239 1595 361 1648 censes,
374 1567 468 1636 simul
483 1581 515 1636 et
530 1590 658 1636 causam
673 1568 828 1634 adventus
846 1570 916 1658 ejus
930 1570 1134 1644 annuntians,
1146 1570 1192 1636 sic
1206 1569 1271 1635 aits

248 1708 261 1743 ι
276 1683 317 1748 Et
332 1691 411 1746 tunc
424 1677 616 1748 revelabitur
630 1678 770 1766 iniquus,
783 1701 879 1767 quem
898 1679 1051 1745 Dominus
1066 1679 1158 1744 Jcsus
1179 1679 1277 1745 inter-

240 1821 253 1854 »
269 1791 357 1858 ficiet
371 1789 485 1879 spiritu
499 1788 563 1854 oris
585 1788 634 1854 sui
651 1800 684 1854 et
703 1788 844 1856 destruct
859 1789 1026 1877 praesentia
1041 1789 1194 1854 adventus
1209 1789 1274 1866 sui,

240 1901 360 1988 »cujus
381 1911 430 1964 est
460 1898 613 1964 adventus
636 1895 813 1964 secundum
835 1896 1051 1986 operationem
1079 1897 1217 1974 Satanae,
1240 1899 1276 1965 ia

240 2039 253 2072 ι
268 2009 356 2076 omni
368 2007 497 2082 virtute,
509 2017 542 2072 et
553 2006 703 2096 signis,ct
713 2006 867 2095 portentis
878 2006 1130 2082 mendaciorum,
1142 2019 1175 2074 et
1186 2010 1276 2072 omni

240 2149 253 2184 a
269 2118 454 2186 seductione
473 2115 601 2185 malitiae
616 2117 823 2206 pereuntibus
841 2139 899 2205 pro
917 2140 956 2183 ec
975 2116 1061 2206 quod
1072 2115 1277 2183 dilectionem

240 2227 407 2296 iteritatis
432 2250 497 2294 non
520 2238 709 2316 receperunt
724 2239 758 2292 ut
779 2223 855 2292 salvi
879 2225 1002 2295 fierent.
1021 2227 1061 2291 Et
1083 2226 1155 2292 ideo
1169 2227 1278 2292 mittet

131 2428 136 2438 ι
241 2338 314 2404 »eis
332 2337 419 2403 Deus
442 2335 660 2425 operationem
680 2337 810 2410 erroris,
834 2348 869 2400 ut
890 2335 1023 2404 credant
1043 2335 1225 2413 mendacio,
1240 2351 1277 2402 ut

242 2477 255 2510 ι
271 2446 453 2535 judicentur
468 2445 646 2532 omnesqui
666 2468 731 2510 non
749 2444 953 2513 crediderunt
972 2445 1108 2521 veritati,
1125 2445 1180 2512 sed
1194 2468 1278 2512 con-

240 2583 253 2619 ι
269 2566 437 2621 senserunt
452 2532 607 2642 iniquitati
618 2551 640 2618 ².
659 2582 672 2617 a

284 2662 339 2730 lv.
354 2664 395 2728 Et
405 2662 560 2728 Dominus
572 2673 679 2726 autem
694 2660 757 2728 boc
768 2663 845 2728 item
860 2687 925 2730 non
941 2664 1142 2731 credentibus
1158 2663 1218 2730 sibi
1231 2663 1277 2730 di·

240 2774 334 2840 cebat
350 2796 358 2838 :
377 2773 471 2860 «Ego
487 2772 557 2837 veni
581 2772 613 2838 in
634 2773 763 2838 nomine
777 2771 878 2838 Patris
892 2773 968 2849 mei,
984 2786 1017 2838 et
1032 2797 1096 2839 non
1112 2773 1276 2863 recepistis

242 2905 337 2951 nme:
352 2903 428 2950 cum
447 2879 526 2946 alius
540 2882 659 2947 venerit
670 2881 702 2946 in
718 2882 847 2949 nomine
863 2905 933 2958 suo,
946 2880 1036 2949 iilum
1052 2881 1267 2972 recipietis¹;»

240 2994 339 3061 alium
361 2993 470 3058 diceus
492 2992 744 3069 Antichristum,¹
757 2994 811 3081 qui
836 2990 957 3060 alienus
971 3005 1052 3060 esta
1074 2993 1227 3071 Domino,
1243 3006 1277 3060 ct

240 3105 308 3194 ipse
320 3114 370 3168 est
385 3101 649 3189 iaa'apuusjudcar,
669 3103 722 3189 qui
738 3125 756 3167 a
770 3101 908 3168 Domino
923 3102 1027 3184 dimo
1042 3116 1104 3180 est,
1123 3105 1277 3192 quoniam

240 3211 581 3288 Deumacntimebct,
592 3209 1116 3299 mquebcmincmrcverebotur‘,
1126 3213 1278 3302 adquem

242 3321 323 3412 sugit
336 3321 430 3388 vidua
446 3318 546 3388 oblita
564 3319 635 3397 Dei,
653 3319 685 3388 id
706 3330 767 3397 est,
783 3333 908 3388 terrena
923 3320 1112 3398 Jerusalem,
1127 3323 1168 3388 ad
1185 3321 1281 3390 ulcis·

242 3430 380 3500 cendum
396 3429 436 3498 de
450 3429 591 3498 inimico.
610 3430 708 3510 Quod
721 3443 753 3496 et
772 3429 865 3498 saciet
885 3432 1076 3521 intempore
1093 3433 1182 3521 regni
1197 3433 1247 3498 sui
1265 3457 1274 3497 :

242 3539 410 3607 transferet
421 3562 554 3628 regnum
567 3539 600 3606 in
612 3550 739 3615 eam‚ct
756 3540 788 3606 in
806 3540 925 3630 templo
936 3541 995 3608 Dei
1006 3541 1108 3618 sedet,
1120 3541 1278 3609 seducens

242 3675 297 3719 eos
318 3651 373 3740 qui
396 3648 531 3716 adorant
552 3673 627 3716 eum
643 3651 732 3741 quasi
748 3651 814 3738 ipsc
836 3653 876 3717 sit
897 3651 1050 3719 Christus.
1072 3651 1279 3742 Quapropter

275 3807 284 3838 ¹
296 3805 361 3854 Dan.
373 3821 418 3862 vas,
431 3806 459 3854 23
471 3815 497 3856 et
509 3822 582 3872 seqq.
604 3837 634 3845 -
652 3807 663 3841 ¹
678 3825 690 3858 2
702 3809 791 3859 Thess.
805 3828 831 3867 ιι,
844 3809 858 3858 8
870 3819 894 3860 ct
905 3825 977 3875 seqq.
997 3809 1046 3847 -⁸
1061 3811 1135 3859 Jcsu.
1152 3827 1176 3869 r,
1186 3809 1227 3868 63.
1246 3837 1278 3849 -

243 3890 252 3922 ⁶
268 3891 327 3940 Luc.
339 3906 410 3952 zvara,
425 3900 476 3939 aet
487 3907 561 3955 seqq.
