2522 4608
190 248 256 316 ere
507 275 679 322 csaunnrrs
703 273 914 322 snuxanntsnr

193 398 290 467 domo
306 413 394 477 aunt.
412 411 508 492 atqm
528 403 642 492 ipsam,
662 413 699 468 ut
717 400 817 468 semel
837 401 957 479 dicum,
974 403 1084 482 utam,
1104 421 1215 497 oportet

193 533 262 578 osse
280 525 526 582 consentaneam
546 524 642 581 scete
664 511 835 580 Christiani
858 511 996 580 hominia
1024 515 1214 595 institutioni,

191 635 287 712 prout
313 622 514 691 conducibile
533 623 641 700 luerit,
662 621 937 691 acommodatum
955 647 1113 714 peraenae,
1130 632 1214 708 atati,

191 729 298 798 studio
308 755 347 800 ac
357 731 504 822 tempori.
517 733 599 802 Gunt
607 731 694 806 enim
701 732 800 796 simus
808 731 902 798 unius
909 731 968 798 Dei
976 735 1126 813 ministri.
1135 761 1215 828 opor

190 851 237 906 tot
251 851 284 907 et
300 843 525 930 possessiones,
540 853 574 910 et
594 863 664 931 qun
680 852 731 910 est
749 841 784 907 in
802 840 850 908 oia
865 840 1110 928 supellectilem,
1135 851 1217 916 unios

190 951 417 1019 honestavitae
431 949 518 1044 sig'na
531 953 713 1029 ostendere,
732 964 767 1018 et
783 957 1052 1043 unumquemque
1064 957 1216 1028 hominem

191 1073 279 1130 certo
296 1061 373 1140 lide,
388 1062 465 1131 huic
476 1063 626 1131 uniformi
641 1061 831 1131 institutioni
841 1083 880 1128 oa
896 1085 968 1152 quc
985 1083 1215 1157 consequuntur

189 1303 274 1350 cero.
297 1284 379 1364 Quae
399 1295 505 1352 autem
526 1307 585 1352 noa
599 1281 771 1354 dillicudter
787 1283 994 1373 acquirimus,
1012 1306 1065 1362 ca,
1085 1289 1162 1355 dnm
1177 1290 1214 1357 eis

189 1390 282 1459 facile
307 1391 441 1469 utimur,
464 1391 648 1484 laudamus,
670 1405 704 1459 et
728 1391 820 1460 iacile
842 1392 1059 1472 custodimus,
1079 1407 1113 1464 et
1135 1397 1212 1466 isrils

188 1504 465 1572 communicamus
477 1527 487 1571 ε
500 1503 632 1571 meliora
643 1515 750 1571 autem
760 1514 848 1579 sunt,
860 1525 931 1592 qum
942 1501 1043 1572 utilia.
1060 1505 1142 1587 Qus
1150 1521 1211 1578 sunt

189 1613 300 1701 utique
314 1611 437 1690 viliora,
453 1637 491 1682 ea
505 1627 580 1680 aunt
594 1615 692 1682 etiam
708 1611 841 1680 meliora
854 1611 1017 1680 divitibus.
1035 1615 1076 1682 ln
1089 1639 1208 1697 summ,

190 1719 306 1789 diritiae
320 1745 391 1811 quc
406 1745 471 1790 non
486 1735 573 1791 recte
583 1721 858 1798 administrentur.
869 1735 945 1788 sunt
958 1745 1016 1790 arx
1028 1726 1098 1792 vitii
1112 1749 1209 1796 actor

187 1831 261 1900 leris
281 1855 290 1898 a
313 1832 428 1923 quibua
448 1831 541 1900 multi
560 1830 673 1900 oculos
693 1831 891 1920 adjicientes,
915 1827 1074 1900 colorum
1092 1857 1204 1926 rogn-

189 1965 354 2030 nunquam
376 1941 498 2032 ingredi
515 1951 688 2032 poteruntt
710 1963 819 2008 rernm
837 1941 967 2030 quidem
988 1945 1205 2014 mundanam

187 2051 441 2144 desiderioaegri,
450 2063 633 2144 arroganter
641 2066 749 2120 autem
756 2073 821 2144 prae
829 2049 950 2120 deliciis
959 2053 1112 2123 viventes.
1124 2055 1207 2148 Opor

189 2175 236 2228 tet
249 2176 356 2230 autem
372 2187 426 2230 cos
442 2164 496 2254 qui
511 2165 713 2233 contendunt
731 2163 774 2230 ad
789 2161 936 2241 salutem,
952 2164 1016 2234 hoc
1038 2167 1146 2235 animo
1162 2191 1207 2236 an-

185 2285 238 2339 tea
252 2275 452 2364 precepisse,
467 2275 555 2365 quod
571 2299 645 2343 naus
660 2275 791 2366 quidem
805 2297 900 2344 cnusn
914 2276 1007 2342 nohis
1023 2277 1065 2343 sit
1080 2281 1206 2345 univorsa

187 2385 359 2471 possessios
373 2385 570 2452 sufficientia
585 2397 692 2452 autem
708 2386 807 2476 gratio
821 2385 990 2476 possessio,
1010 2408 1110 2474 qnam
1126 2388 1206 2454 enan

185 2515 226 2560 ex
241 2495 351 2582 prucis
364 2491 521 2585 quispiam
540 2494 708 2584 paraverit.
724 2495 803 2562 Veni
817 2495 904 2561 onim
924 2504 999 2560 sunt
1017 2495 1075 2582 qui
1092 2519 1157 2586 pras
1168 2497 1206 2562 in-

187 2601 388 2670 satiabilitate
406 2603 607 2672 delectantur
630 2603 894 2695 peasomionihuc
910 2626 990 2692 quas
1013 2616 1141 2673 tantum
1153 2625 1205 2674 sot·

186 2722 262 2778 vent
275 2735 314 2780 nc
335 2713 522 2781 recondunt.
549 2740 563 2775 s
578 2713 643 2794 Qui
659 2725 765 2779 autem
779 2713 885 2804 cogit,
902 2714 1026 2800 iuquit,
1042 2715 1205 2788 mcmdu.

71 2869 76 2878 .
186 2822 321 2911 scoiigit
336 2823 370 2889 in
384 2823 505 2890 nodum
522 2823 719 2913 perforatum
728 2824 750 2889 ¹.
772 2825 831 2890 »Is
848 2835 956 2890 autem
975 2837 1037 2903 stt,
1060 2828 1116 2916 qui
1128 2830 1206 2917 cogit

184 2941 373 3010 sementem,
389 2945 423 3000 ot
442 2931 596 3011 excludit,
619 2945 652 3000 et
674 2933 868 3000 detrimento
892 2933 1043 3012 allicitur,
1066 2935 1205 3026 quiriuli

184 3041 375 3132 impertitur.
393 3041 455 3110 lieo
468 3056 517 3110 est
531 3055 639 3110 autem
653 3041 746 3132 plene
760 3043 909 3120 ridicula,
925 3055 958 3109 et
972 3043 1069 3135 digna
1085 3047 1205 3114 maxime

73 3216 78 3225 ,
184 3173 257 3239 quor
273 3150 413 3220 ludibrio
437 3151 604 3230 habentur,
619 3151 707 3243 quod
721 3153 779 3220 viri
795 3165 943 3244 argenteo
958 3155 1061 3222 urimo
1076 3169 1205 3245 recepta·

184 3260 270 3338 cula,
286 3274 319 3328 et
341 3264 456 3332 vitreae
474 3263 609 3331 mutulos
624 3263 773 3340 inierant,
789 3265 1064 3353 quemadmodum
1082 3289 1149 3332 suos
1161 3267 1204 3331 in-

185 3369 360 3438 troducunt
375 3371 590 3445 consiliarios}
607 3384 641 3438 ot
654 3373 717 3449 he,
733 3395 804 3463 quar
819 3375 886 3440 sine
901 3375 1025 3441 rationo
1040 3389 1124 3451 sunt,
1138 3376 1204 3440 diri

185 3488 232 3544 tea
251 3479 412 3558 mulieres,
428 3505 468 3550 ex
481 3505 558 3550 auro
573 3497 850 3552 excrementorum
873 3485 989 3551 sociant
1003 3484 1203 3575 receptacula¹
1256 3473 1258 3498 ³

183 3599 220 3652 ut
240 3609 281 3654 ne
304 3613 431 3680 egerere
446 3593 575 3682 quidem
592 3594 638 3660 oia
657 3591 751 3660 liccat
770 3594 890 3684 absque
915 3596 1075 3683 superbia.
1095 3593 1203 3662 Vellem

182 3695 313 3784 quidem
331 3721 386 3766 sos
404 3723 462 3791 por
483 3714 583 3769 totam
602 3703 700 3769 vitum
725 3725 840 3770 aurum
862 3713 1002 3772 stercora
1023 3705 1201 3772 existem-
1253 3737 1258 3748 ·

66 3797 82 3828 “
183 3807 276 3875 Nunc
291 3822 398 3877 autem
411 3834 467 3878 orx
482 3815 547 3880 vitii
563 3815 687 3882 invento
703 3825 751 3880 ast
765 3815 909 3903 pecuniae
930 3816 1098 3905 cupiditas,
1114 3837 1202 3904 quam

214 3934 225 3968 ¹
234 3935 298 4002 ⁸88·
310 3955 328 3996 ι,
338 3937 363 3985 6.
