2522 4608
348 267 559 345 ‘renascens
582 281 642 338 nin.
670 295 704 338 ιι.
995 275 1054 339 dar

30 429 88 481 tum
104 414 205 480 homo
218 425 278 478 cst.
298 411 366 480 Alia
385 425 506 489 autem,
524 414 549 478 si
571 414 641 500 quis
657 412 813 480 curiosius
834 412 985 499 inquirat,
1008 412 1059 479 io-

29 535 196 592 strumenta
219 523 360 590 inveniet
382 521 516 598 bellica.
541 524 582 589 ad
604 521 792 614 cupiditates
815 520 1058 598 inflammantia,

29 633 68 700 vel
80 656 209 700 amores
224 632 439 709 incendentia,
456 630 505 697 vel
520 632 601 697 iram
616 631 780 696 inritantia.
797 629 937 698 labellis
952 633 1059 721 itaque

26 745 81 810 suis
101 745 183 811 tuba
209 755 346 808 utuntur
367 743 505 818 Etrusci,
530 740 635 808 fistula
657 741 809 815 Arcades,
828 741 927 808 Siculi
949 756 1058 812 autem

27 855 237 921 instrumentis
255 877 325 942 quae
343 852 503 942 appellant
517 857 658 928 πηκτιδας,
679 853 847 918 Cretenses
864 851 946 942 lyra,
962 853 1059 921 Laec-

27 965 166 1032 daemonii
181 965 274 1039 tibia,
297 985 399 1030 cornu
414 963 566 1037 Thraces,
584 975 736 1051 tympano
754 961 907 1052 AEgyptii,
923 975 956 1028 et
977 965 1059 1030 Ara-

27 1068 247 1160 hes‘cymhalo.
261 1069 330 1136 Uno
341 1069 416 1160 ergd
428 1069 654 1145 instrumento,
665 1068 753 1158 Logo
764 1068 832 1135 solo
841 1069 989 1158 pacifico,
998 1096 1057 1139 uos

27 1183 151 1256 utimur,
168 1205 234 1269 quo
248 1180 355 1247 Deum
370 1180 659 1254 honoramus-non
673 1178 809 1268 amplius
823 1182 923 1246 veteri
939 1180 1059 1270 psalte·

27 1295 77 1370 riu,
90 1305 124 1358 et
141 1293 235 1369 tuha,
252 1303 285 1356 et
304 1301 470 1380 tympano,
482 1301 519 1387 ¹et
533 1290 621 1362 tibia,
640 1291 756 1379 quihus
772 1313 841 1356 mos
860 1303 928 1356 erat
943 1292 980 1358 iis
1002 1295 1057 1382 qui

27 1406 57 1469 iu
69 1402 150 1469 hello
170 1425 207 1468 se
226 1402 432 1476 exercebant,
447 1401 571 1488 Deique
591 1411 714 1466 metum
732 1412 1007 1491 contempserunt,
1023 1417 1059 1469 et

26 1515 131 1581 festivis
147 1513 361 1581 conventibus
376 1512 409 1578 in
429 1512 534 1578 choris
550 1512 609 1587 uti,
633 1524 668 1576 ut
690 1535 747 1600 per
765 1513 923 1598 ejusmodi
943 1514 1056 1581 modos

26 1623 135 1690 solutus
147 1647 188 1690 ac
205 1623 351 1712 dejectus
367 1645 479 1687 eorum
493 1622 686 1688 excitaretur
699 1621 834 1688 animus.
856 1621 981 1713 Duplex
996 1647 1055 1690 au-

24 1747 81 1800 tem
91 1735 131 1800 sit
147 1743 259 1800 nostra
274 1732 305 1797 in
321 1743 399 1822 potu
413 1729 641 1798 benevolentiae
655 1754 731 1821 crgo
746 1731 902 1807 invitatio,
913 1755 952 1798 ex
971 1731 1051 1823 lege.

24 1845 53 1910 Si
66 1847 149 1911 euim
159 1871 172 1905 ι
182 1843 295 1932 diliges
310 1843 484 1909 Dominum
499 1843 603 1908 Deum
617 1856 723 1918 tuum,
741 1843 859 1908 deinde
873 1844 1054 1932 proximum
1123 1860 1124 1866 ’

25 1980 37 2013 ι
50 1953 149 2018 tuum¹
156 1978 166 2026 ;
175 1982 189 2014 ι
198 1954 286 2042 prior
297 1950 440 2040 quidem,
449 1975 519 2039 quae
526 1963 574 2016 est
581 1952 614 2017 in
625 1952 728 2016 Deum
735 1951 889 2018 benevola
896 1953 1050 2028 invitatio,

28 2061 82 2126 liat
92 2087 145 2151 per
155 2063 325 2151 gratiarum
333 2061 490 2127 actionem
500 2073 533 2126 et
544 2058 751 2149 psalmodiam
762 2061 919 2128 :secunda
932 2075 1052 2140 autem,

26 2193 97 2259 quae
110 2181 155 2238 est
169 2172 199 2237 in
210 2171 404 2260 proximum,
420 2193 477 2258 per
493 2170 659 2236 honestam
673 2170 745 2234 rite
760 2173 1024 2245 consuetudinem
1041 2197 1048 2240 ι

32 2279 150 2368 «Logos
161 2279 243 2346 enim
251 2279 381 2345 Domini
394 2277 550 2344 inhahitet
562 2277 594 2342 in
603 2279 692 2344 rubis
700 2278 855 2367 copiose²,
864 2308 877 2342 s
887 2281 963 2347 dicit
971 2283 1053 2372 Apo·

23 2388 127 2455 stolus.
143 2391 204 2456 Hic
217 2401 327 2454 autem
341 2385 444 2476 Lagus
459 2409 493 2452 se
507 2386 729 2452 accommodat
749 2397 781 2452 et
803 2387 908 2454 reddit
923 2390 1053 2456 consor-

19 2523 102 2566 mem
114 2499 323 2589 temporibus,
336 2497 492 2586 personia,
505 2495 582 2562 locis
598 2508 716 2584 :atque
731 2496 811 2562 adeo
826 2519 914 2564 nune
924 2523 1052 2590 quoque

15 2612 47 2677 in
68 2612 215 2678 convivio
237 2621 393 2676 versatur.
418 2607 538 2674 Rursus
559 2607 645 2673 enim
667 2609 832 2698 subjungit
852 2609 1048 2699 Apostolus:

23 2725 82 2792 alu
93 2723 181 2788 omui
197 2721 350 2811 sapientia
363 2720 526 2808 deceptas,
538 2730 571 2783 et
582 2719 789 2787 admonentes
804 2744 860 2787 vos
875 2721 959 2812 ipsos
970 2723 1052 2812 psal-

16 2836 110 2910 mis,
129 2835 271 2924 hymnis,
287 2845 320 2899 et
338 2831 469 2900 canticis
487 2830 715 2921 spiritualibus,
731 2833 763 2898 iu
781 2833 880 2923 gratia
899 2847 1051 2902 canentes

16 2972 27 3004 ι
41 2945 72 3010 in
82 2945 182 3012 eorde
196 2957 301 3010 vestro
313 2942 413 3009 Deo⁸.
432 2942 493 3006 »Et
504 2965 612 3008 rursus
625 2965 633 3007 :
647 2943 836 3031 «Quidquid
851 2943 989 3010 feceritis
1001 2944 1050 3010 rel

14 3054 71 3121 »in
85 3077 246 3133 sermone,
263 3051 314 3118 vel
329 3053 362 3118 in
375 3051 487 3142 opere,
501 3053 605 3117 omnia
622 3052 654 3118 in
669 3051 799 3118 nomine
814 3053 941 3118 Domini
957 3054 1049 3131 desta,

11 3194 25 3226 ι
38 3166 155 3254 gratiss
165 3175 295 3252 agentes
305 3163 375 3228 Dec
386 3175 418 3228 et
429 3161 514 3228 Patri
530 3163 599 3250 ejus
609 3161 631 3226 ¹.
650 3191 662 3224 ι
678 3164 754 3228 Haec
768 3173 816 3228 est
830 3162 966 3251 gratiosa
979 3187 1049 3230 nos·
1066 3203 1075 3228 s

8 3287 55 3340 tra
70 3274 274 3342 comessatio.
289 3273 329 3339 Et
345 3274 371 3338 si
388 3273 429 3339 ad
443 3272 545 3362 lyram
562 3271 609 3338 vcl
625 3273 780 3339 citharam
794 3295 910 3337 canere
925 3283 957 3336 et
969 3271 1049 3360 psal-

9 3383 74 3450 lere
84 3385 224 3461 noveris,
237 3381 323 3449 nulla
339 3383 372 3449 in
387 3395 419 3448 te
431 3383 523 3450 cadet
536 3382 759 3473 reprehensio:
776 3381 947 3447 Hebraeum
959 3379 1048 3447 illum

7 3495 132 3583 justum
149 3517 256 3584 regem
270 3493 457 3570 imitaberis,
473 3495 541 3561 Deo
556 3493 672 3583 gratias
684 3503 830 3580 agentem
844 3513 851 3555 :
866 3491 1046 3568 «Exultate,

6 3605 124 3694 »justh
140 3605 338 3671 inDomino:
352 3616 456 3670 rectos
473 3606 565 3670 decet
576 3602 716 3670 laudatio
732 3601 827 3686 (dicit
837 3601 1043 3692 Prophetis).

4 3713 243 3782 »confitemini
265 3717 403 3782 Domino
424 3716 457 3783 in
473 3713 607 3789 cithara,
629 3713 662 3778 in
681 3711 829 3800 psalterio
846 3711 1046 3829 decachordo

41 3845 164 3896 tunuli.
174 3863 236 3904 sxrr,
246 3845 288 3912 37,
299 3847 339 3912 39.
352 3876 381 3886 -
391 3844 503 3896 1(ΙοΙοιι.
518 3863 555 3905 ιιι,
570 3843 608 3894 ι6.
620 3871 648 3880 -
662 3842 671 3876 ³
684 3843 752 3892 l'bid.
766 3871 794 3880 -
807 3841 816 3872 ⁶
827 3839 894 3890 ibid.
911 3859 947 3908 ¹7·

200 3955 244 3997 lll.
836 3951 872 3994 21
