2614 4628
220 245 280 322 154
427 316 431 324 ,
529 263 704 312 cnusunrrs
729 266 940 312 unsxsnnsrru

214 384 302 452 uliud
327 381 406 450 nihil
432 384 522 450 luere
549 404 646 472 quum
672 385 830 474 sepulcre,
853 389 969 476 quibus
993 388 1142 478 deinceps
1170 389 1250 456 hene
1296 395 1299 432 ³

217 495 410 586 templorum
430 494 676 585 appellationem
691 497 846 566 indidere.
859 498 924 568 Vos
939 523 1014 589 ergo
1030 523 1119 567 nunc
1141 499 1249 568 saltem

217 606 475 696 superstitionem
492 605 658 684 dediscite,
671 606 720 673 rel
735 608 797 676 hec
810 609 1009 676 tumulorum
1028 611 1134 676 cultus
1150 612 1249 704 indig-

217 719 315 784 nitute
326 717 474 784 revocati.
489 717 633 794 Lerissae,
644 717 830 786 inlllinervae
842 719 976 810 templo,
985 720 1074 809 quod
1084 721 1116 786 in
1128 743 1263 815 summa*
1298 729 1299 732 ’

217 851 291 896 erce
305 827 428 904 visitur,
444 826 559 895 Acrisii
574 812 759 917 sepulcrum
772 841 838 904 est;
856 830 989 897 Athenis
1000 842 1122 907 eutem,
1139 832 1173 898 in
1187 833 1247 922 ipsa
1297 853 1299 862 ’

217 938 336 1028 puriter
349 936 514 1028 Acropoli,
528 937 692 1028 Cecropis,
707 951 744 1005 ut
758 938 937 1008 Antiochus
952 941 1158 1010 historiarum
1169 968 1248 1010 nono
1298 950 1299 976 ³

219 1049 373 1138 scriptum
388 1046 525 1137 reliquit.
544 1049 632 1129 Quid
647 1072 744 1139 porro
758 1051 991 1118 Erichthonius
1002 1052 1018 1114 l
1030 1075 1138 1120 nonne
1153 1055 1247 1121 inl’o-

217 1158 307 1226 liudis
319 1156 439 1248 templo
453 1157 595 1250 sepultus
610 1159 681 1226 esti
693 1182 799 1226 nonne
811 1161 980 1238 immarus,
988 1161 1137 1251 Eumolpi
1158 1161 1246 1238 lilius,

217 1285 251 1338 ut
264 1269 388 1348 Deiras,
404 1271 437 1337 in
449 1269 601 1336 Eleusinii
613 1271 721 1360 septis,
735 1270 821 1359 quod
836 1272 895 1337 suh
906 1271 1022 1339 Arcem
1033 1283 1247 1341 constructum
1295 1282 1299 1334 t

221 1381 292 1448 esti
307 1404 414 1448 nonne
428 1377 515 1446 Celei
530 1380 603 1446 liliae
624 1379 771 1448 Eleusine
789 1380 964 1472 sepulturae
985 1383 1144 1450 mundate
1159 1387 1247 1450 sunt?
1296 1355 1299 1442 l

220 1493 300 1562 Nem
319 1491 397 1581 quid
412 1491 634 1580 Hyperboreas
649 1491 708 1556 tibi
723 1490 870 1558 mulieres
893 1493 1171 1559 commentorem?
1186 1493 1247 1560 due
1297 1507 1299 1530 t

218 1625 306 1678 sene,
321 1623 456 1690 querum
472 1599 571 1668 alteru
585 1601 789 1691 Hyperoche,
804 1600 942 1670 Laodice
953 1601 1050 1668 ultera
1067 1603 1246 1678 vocabatur,
1298 1613 1299 1674 ξ

220 1713 253 1778 in
273 1711 380 1778 Dione
397 1710 525 1787 sacello,
542 1711 629 1799 quod
645 1712 678 1777 in
693 1710 794 1777 insule
810 1710 890 1778 Delo
905 1710 1059 1800 Apollinis
1075 1710 1159 1778 Delii
1175 1725 1248 1778 tem·
1298 1699 1299 1766 ]

218 1817 273 1910 plo
294 1821 487 1897 continetur,
499 1820 631 1911 sepulte
651 1833 734 1888 sunt.
752 1820 926 1887 Leandrius
940 1832 1048 1887 eutem
1061 1820 1247 1891 Clearchunr

220 1930 331 2009 Mileti,
349 1933 381 1998 in
397 1917 550 2022 Apollinis
567 1931 723 2020 Didymei
740 1930 871 2021 templo,
888 1931 1056 2000 conditum
1070 1951 1146 2000 esse·
1159 1946 1247 2000 teus·

219 2055 281 2108 tur.
300 2031 410 2131 Neque
424 2066 501 2109 vero
515 2064 644 2132 equum
658 2041 753 2107 luerit
763 2041 826 2106 hoc
838 2039 909 2108 loco
921 2043 1096 2131 praeterire,
1108 2055 1165 2108 eut
1175 2043 1250 2110 leu-
1298 2063 1299 2098 t

221 2152 400 2241 cophrynes
415 2151 498 2220 illius
512 2162 771 2229 monumentum,
783 2152 904 2240 quae,si
916 2125 1080 2219 Zenonem
1091 2153 1250 2241 lllyndium
1297 2099 1299 2216 l

219 2287 402 2354 sequamur,
418 2264 583 2355 Magnesiae
598 2264 631 2330 in
645 2263 754 2332 Dione
765 2261 884 2353 templo
896 2262 1018 2354 sepulte
1030 2277 1096 2338 est3
1117 2277 1173 2331 aut
1185 2264 1250 2330 'lel-

221 2374 309 2440 missi
335 2385 476 2440 erectum
502 2371 656 2462 Apollinis
674 2393 776 2449 urum,
799 2372 886 2461 quod
906 2372 1067 2440 Telmissis
1090 2375 1250 2466 cujusdam

221 2483 300 2551 vetis
314 2494 565 2562 monumentum
585 2506 655 2549 esse
672 2482 811 2549 historice
829 2484 1049 2573 prodiderunt.
1074 2487 1251 2567 Quinetiam

221 2590 422 2669 Ptolemaeus,
446 2589 618 2682 Agesurehi
640 2588 737 2668 lilius,
759 2590 919 2659 volumine
941 2617 981 2660 ex
1001 2594 1038 2661 iis
1060 2596 1168 2685 primo
1190 2617 1251 2685 qne
1290 2603 1299 2618 ''

225 2700 266 2765 de
281 2698 484 2789 Philopatore
505 2698 643 2789 scripsit,
660 2713 774 2767 unctor
791 2713 840 2768 est
861 2700 1011 2769 ininsula
1032 2701 1251 2792 Papho,Cyni·

222 2831 292 2876 ram
306 2832 345 2876 uc
363 2808 489 2898 Gynirae
504 2820 648 2898 posteros
667 2807 847 2878 inveneris
862 2809 981 2899 templo
992 2810 1139 2879 conditos
1150 2813 1248 2879 luisse

219 2919 346 2986 Etenim
368 2930 492 3008 tempus
508 2941 560 2985 me
581 2917 721 2995 deliciet,
738 2918 764 2984 si
782 2917 921 2985 tumulos
936 2944 1047 2988 ornnes
1070 2923 1188 3010 quihus
1209 2921 1251 2987 di·

220 3030 309 3097 viuos
329 3029 468 3098 honores
488 3029 640 3107 tribuitis,
656 3051 823 3098 recensere
839 3027 954 3096 vellem
973 3055 982 3097 ε
1002 3055 1057 3098 vos
1081 3045 1203 3109 eutem,
1223 3031 1252 3097 ni

221 3137 379 3207 scelerum
397 3137 532 3205 istorum
545 3138 649 3227 pudor
661 3161 716 3205 vos
727 3137 840 3226 uliquis
851 3139 986 3230 ceperit,
999 3143 1042 3208 ite
1053 3164 1165 3231 porro,
1175 3161 1254 3208 rere-

222 3273 284 3338 que
306 3247 423 3315 mortni
439 3269 514 3314 eum
537 3259 674 3314 vestrum
692 3248 725 3314 in
747 3247 928 3316 hominihus
953 3250 1088 3319 mortuis
1109 3251 1254 3320 fiducium

221 3357 396 3437 collocetis,
411 3359 530 3450 passim
545 3356 610 3425 huc
624 3355 765 3446 illucque
780 3358 948 3448 vagemini.

851 3457 855 3493 l

304 3541 331 3596 0
346 3537 459 3596 miserit
470 3536 607 3617 quidhoc
621 3535 688 3596 muli
702 3549 746 3596 est
759 3538 838 3616 quod
849 3537 1130 3618 petiminilceligiue

305 3637 407 3717 Capite
418 3651 514 3698 vestra
526 3638 766 3719 cooperiuntur..
787 3683 794 3698 .
812 3682 819 3696 .

262 3797 315 3872 lv.
343 3799 438 3881 Quod
460 3803 484 3869 si
505 3802 635 3893 insuper
654 3801 704 3870 his
727 3804 793 3893 ipsu
819 3801 989 3871 simulacre
1017 3801 1120 3870 oeulis
1145 3801 1251 3870 vestris

221 3911 402 4004 subjecero,
422 3935 458 3978 ea
476 3926 699 4001 percurrentes
722 3914 842 4004 optime
865 3915 1061 4005 perspicietis
1084 3939 1141 3983 vos
1157 3913 1256 3984 venis·
