2478 4594
318 193 329 216 ’
364 237 556 282 arsenaruu
579 237 641 280 nra.
668 234 710 280 rs.
993 217 1055 304 287

22 352 122 440 bitror,
137 361 327 430 imitationes
343 357 449 451 gloriae
464 356 642 451 Angelicoe,
659 370 693 424 et
707 355 791 426 illius
807 359 994 426 eunomiae
1013 383 1055 428 ac

22 470 247 561 dispensationis
259 519 269 546 ,
281 493 377 558 quam
394 467 504 536 dicunt
515 467 689 556 Scripturas
699 479 870 555 expectare
890 465 981 545 illos,
1001 469 1056 556 qui

22 565 188 648 insistentes
206 577 341 666 vestigiis
363 574 610 666 Apostolorum,
635 575 782 644 viserunt
804 576 837 642 in
859 575 1059 664 perfectione
1202 624 1203 630 κ

22 687 139 770 iustitie
154 686 382 773 convenienter
404 683 587 774 Evangelio.
613 684 680 750 llos
694 681 837 750 sublatos
860 685 894 750 in
917 685 1060 751 nubibus

22 797 123 866 scribit
133 794 303 886 Apostolus
311 845 321 876 ,
333 795 474 884 primum
482 793 611 882 quidem
620 793 771 860 diaconos
783 792 927 870 futuros,
943 793 1061 868 deindo

22 904 207 994 cooptandos
221 926 291 970 esse
310 903 344 971 in
364 905 621 993 presbyteratum
641 902 788 990 proiectu
803 900 911 990 glorie
930 900 1059 990 (glorio

22 1014 93 1082 mim
105 1012 206 1101 differt
221 1037 241 1076 a
256 1010 383 1101 glorio)
398 1034 407 1077 s
422 1011 527 1078 donec
544 1009 704 1076 creverint
721 1009 865 1078 invirum
878 1011 1056 1101 perfectum.

61 1122 124 1204 Qui
138 1132 213 1188 sunt
229 1118 325 1198 tales,
342 1130 378 1186 ut
393 1119 437 1186 ait
451 1119 565 1186 beatus
579 1117 702 1196 David,
718 1117 901 1205 requiescent
914 1117 947 1184 in
959 1130 1061 1184 monte
1113 1135 1116 1142 ’

22 1242 118 1300 tando
129 1229 191 1296 Dei
199 1227 224 1305 ¹,
234 1249 381 1318 suprema
388 1225 511 1294 scilicet
521 1224 683 1303 Ecclesia,
700 1226 734 1292 in
751 1249 813 1314 qua
827 1239 1063 1317 congregantur

22 1339 75 1408 oei
96 1335 296 1428 philosophi,
318 1336 372 1425 qui
394 1357 469 1402 rer-e
487 1346 564 1402 sunt
585 1332 741 1400 Insolito
759 1334 869 1402 mundi
892 1335 1001 1413 ende,
1029 1335 1062 1402 in

22 1447 123 1532 unibus
136 1448 237 1512 nuilus
252 1453 295 1510 est
305 1441 399 1512 'dote
407 1442 433 1521 ²,
451 1443 505 1531 qui
520 1465 586 1510 non
598 1456 843 1534 permanserunt
861 1444 893 1512 in
911 1455 1064 1534 septena·

22 1552 360 1642 ricquietis,sed1loo
376 1549 536 1619 assimilati
552 1554 712 1622 bonorum
728 1575 863 1642 operum
879 1551 1064 1631 allectione,

22 1662 58 1732 od
76 1662 230 1729 octonarii
256 1659 476 1728 beneficentia
496 1659 716 1728 haereditatem
732 1658 848 1728 sublati
864 1671 958 1738 sunt,
979 1661 1065 1729 insa-

22 1769 134 1839 tiabilis
145 1765 420 1858 contemplationis
434 1791 523 1857 purae
535 1789 574 1836 ac
588 1768 721 1839 sinceras
735 1766 946 1858 speculationi
956 1777 1066 1839 etten-

22 1878 144 1946 dentes.

63 1981 205 2052 Fidelis¹
220 1981 281 2066 etsi
296 2003 423 2050 ecarne
435 1983 565 2062 exierit,
577 2005 707 2052 necesse
719 1995 768 2050 est
779 1994 816 2051 ut
826 1984 901 2052 vitia
914 1985 1067 2076 deponat,

22 2103 55 2158 ut
70 2092 170 2181 possit
195 2090 236 2194 ad
257 2090 419 2180 propriam
434 2092 599 2180 pervenire
613 2092 825 2161 mansionem.
848 2092 923 2160 Plus
943 2106 991 2162 est
1006 2117 1069 2161 au-

22 2211 85 2268 tem
101 2221 295 2289 cognoscere
318 2211 414 2286 qoam
431 2199 586 2278 credere:
607 2200 691 2266 sicut
709 2199 806 2268 etiam
827 2223 923 2288 quam
945 2200 1068 2282 salvum

23 2331 107 2386 osse,
119 2309 225 2397 majus
235 2318 284 2372 est
294 2319 462 2396 postquam
474 2305 577 2374 salvus
589 2307 692 2376 sactus
703 2319 770 2385 est,
781 2329 933 2397 supremo
944 2309 1069 2379 honore

24 2414 155 2507 dignum
174 2437 242 2484 esse
262 2414 418 2482 habitum.
442 2414 526 2480 Cum
542 2437 617 2504 ergo
633 2438 691 2505 per
710 2415 845 2490 mulum
868 2415 1069 2506 disciplinam

25 2526 94 2592 ritia
106 2523 229 2592 exuerit
241 2521 343 2590 [idelis
356 2534 464 2592 noster
472 2521 498 2600 ⁴,
511 2524 623 2590 transit
635 2522 676 2590 ad
687 2517 862 2594 maximum
875 2523 1070 2616 supplicium

25 2633 108 2724 guod
123 2644 173 2698 est
190 2628 305 2698 melius
326 2631 424 2720 priori
439 2630 621 2710 mansione,
641 2631 779 2700 inserens
795 2655 906 2700 secum
921 2635 1073 2724 proprie-

26 2753 122 2828 tatem
149 2739 342 2829 ponitentiae
372 2762 486 2810 eorum
511 2751 720 2830 peccatorum
746 2763 818 2829 que
846 2743 973 2812 admisit
998 2755 1074 2832 post

27 2849 231 2937 baptismum.
254 2846 473 2916 Discruciatur
497 2871 574 2938 ergo
598 2847 705 2916 adbuc
730 2848 893 2939 amplius,
921 2875 997 2920 cum
1020 2849 1073 2919 rel

28 2955 193 3033 nondum,
214 2951 264 3020 rel
283 2977 324 3020 ne
346 2956 477 3023 omnino
499 2957 629 3046 quidem
650 2979 688 3024 ea
711 2959 909 3047 assequatur,
931 2981 1073 3049 quorum

29 3065 113 3134 ridet
129 3062 207 3131 alios
218 3085 287 3128 csse
301 3063 480 3152 participes.
496 3064 654 3133 Praeterea
664 3079 777 3134 antem
792 3068 917 3156 pudore
932 3067 1077 3134 allicitur

30 3177 70 3242 oh
87 3196 126 3240 ea
147 3195 217 3260 quse
233 3168 366 3260 deliquit
388 3169 478 3260 (qum
492 3173 622 3259 quidem
638 3185 713 3240 sunt
735 3173 820 3241 iideli
839 3175 976 3242 maxima
995 3199 1076 3266 sup--

31 3280 159 3372 plicia).
179 3279 269 3346 Bona
287 3288 336 3342 est
350 3278 436 3346 enim
451 3279 510 3346 Dei
525 3280 664 3368 justitia,
682 3293 715 3353 et
729 3282 814 3371 justa
830 3292 878 3348 est
892 3283 962 3370 ejus
977 3283 1074 3350 boni-

31 3403 87 3460 tas.
106 3389 149 3456 Et
170 3387 245 3454 licet
266 3386 457 3454 cessaverint
472 3389 633 3456 cruciatus
649 3391 684 3458 in
698 3389 868 3480 implendis
887 3415 964 3480 quas
980 3391 1073 3462 luunt

32 3497 133 3590 paenis
143 3546 153 3574 ,
165 3507 199 3562 et
212 3491 375 3584 expiandis
386 3517 460 3585 que
469 3495 605 3564 admissa
620 3511 694 3566 stant
709 3501 750 3568 ab
765 3521 957 3594 unoquoque
972 3501 1077 3574 delior

72 3685 79 3710 ¹
98 3687 210 3748 eatae,
223 3683 383 3736 1.-¹Joan.
398 3703 422 3748 ι,
438 3689 484 3750 ⁴73
504 3689 625 3746 Matilo-v,
638 3681 665 3742 da

70 3775 151 3842 'Per
166 3779 218 3844 rat
228 3786 253 3824 n
264 3791 315 3841 wa·

72 3865 80 3887 ‘
98 3863 163 3913 Vide
173 3865 202 3914 D.
213 3862 331 3926 Gnillon,
345 3879 398 3930 pag.
418 3867 478 3922 406.
