2614 4628
480 267 644 314 oararrus.
1043 249 1084 334 95

35 395 136 466 colere
148 401 352 481 eoeperunt.
369 385 457 468 Quid
468 400 574 454 autem
586 388 636 453 isti
648 387 691 455 dii
702 411 762 478 pro
775 385 926 455 Romanis
943 398 1089 476 possunt,

34 508 83 597 qui
96 501 178 572 nihil
192 524 261 590 pro
279 499 350 565 auia
366 497 518 564 adversus
533 521 647 564 eorum
665 521 753 564 arma
773 496 962 564 valuerunt?
975 494 1090 562 lloma-

36 637 146 682 norum
161 612 257 678 enim
272 605 468 676 vernaculos
481 607 557 673 deos
568 607 725 673 novimus.
740 607 908 682 Romulus,
920 605 1026 681 Picus,
1039 604 1092 672 Ti·

38 725 183 796 berinus,
199 733 235 788 et
249 718 400 792 Consus,
413 729 447 782 et
461 715 640 794 Pilumnus,
653 741 692 784 ac
707 716 879 784 Picumnus
894 718 948 784 dii.
964 715 1091 782 Cloaci·
1182 777 1188 792 ,

43 857 120 902 nam
131 831 242 898 Tatius
257 841 297 895 et
312 827 438 896 invenit
454 836 488 893 et
506 826 607 893 coluit
627 850 636 891 ε
657 827 811 894 Pavorem
826 826 976 895 Hostilius
995 838 1091 916 atque

44 942 198 1012 Pallorem
212 965 222 1006 :
236 924 324 1010 mdx
335 963 356 1006 a
372 938 481 1005 nescio
491 961 557 1026 quo
567 937 680 1006 Febris
695 939 839 1004 dedicate
855 962 864 1002 τ
879 938 949 1005 lraec
964 936 1091 1004 alumna

46 1055 135 1120 urbis
145 1053 237 1118 istius
248 1049 456 1139 superstitio,
473 1047 578 1114 morbi
589 1059 622 1114 et
632 1047 725 1114 malae
735 1047 941 1114 valetudines.
957 1047 1041 1113 Sane
1059 1059 1092 1113 et

47 1165 133 1232 acea
141 1161 310 1236 brontia,
322 1171 358 1226 et
368 1157 477 1234 Flora,
490 1158 673 1225 meretrices
684 1158 898 1248 propudiosae,
911 1158 994 1223 inter
1010 1179 1094 1222 mor-

45 1277 106 1341 lsos
115 1273 345 1342 Romanorum
355 1280 390 1334 et
406 1268 482 1334 deos
493 1268 725 1356 computandae.
741 1269 796 1334 lsti
813 1266 934 1334 scilicet
944 1267 1094 1334 adversus

46 1396 190 1458 caurus,
203 1381 311 1469 quiin
323 1378 474 1468 gentibus
486 1376 685 1452 colebantur,
698 1377 916 1444 Romanorum
926 1377 1095 1466 imperium

44 1491 277 1584 protulerunt:
300 1487 511 1575 nequeenim
527 1509 582 1553 eos
603 1487 773 1554 adversum
788 1511 862 1553 suos
879 1487 1025 1553 homines
1044 1487 1095 1553 vel

45 1605 129 1670 llars
142 1600 322 1673 Thracius,
335 1595 387 1663 rel
401 1595 530 1685 Jupiter
540 1596 755 1675 Creticus,vel
770 1597 858 1664 June
870 1619 958 1664 nune
967 1597 1096 1686 Argiva,

48 1735 139 1781 nunc
160 1709 291 1783 Samia,
313 1729 404 1774 nunc
422 1705 533 1782 Poena,
556 1705 606 1772 vel
627 1707 728 1774 Diana
750 1706 900 1784 Taurica,
924 1705 974 1773 vel
996 1719 1099 1772 mater

50 1823 152 1898 ldaea,
164 1818 221 1888 vel
232 1817 383 1908 AEgyptia
396 1815 462 1894 illa,
474 1840 539 1883 non
551 1817 696 1893 numina,
709 1817 765 1883 sed
775 1829 922 1907 portenta
935 1819 1097 1905 juverunt.

54 1933 128 2000 Nisi
142 1931 231 1996 forte
244 1928 328 2018 apud
346 1928 424 1994 istos
444 1928 550 2016 major
566 1921 699 1994 ¹castitas
718 1927 890 2017 virginum,
914 1940 969 1992 eut
989 1924 1100 2016 religio

62 2041 213 2107 sanctior
232 2037 450 2104 sacerdotum:
466 2059 541 2102 com
558 2060 641 2125 pene
659 2039 692 2103 in
708 2036 852 2126 pluribus
868 2037 1056 2126 virginibus,
1069 2047 1102 2104 et

65 2173 147 2238 qua
161 2145 362 2214 inconsultius
371 2171 405 2214 se
418 2146 493 2212 viris
504 2146 719 2222 miscuissent,
730 2146 825 2213 Vesta
838 2169 913 2212 sane
925 2147 1102 2224 nesciente,

62 2261 112 2326 sit
125 2259 288 2324 incestum
306 2257 514 2331 vindicatum
538 2257 572 2321 in
588 2255 722 2322 residuis
740 2257 964 2346 impunitatem
980 2257 1103 2332 feeerit,

58 2393 133 2436 non
148 2368 278 2435 castitas
289 2368 398 2444 tutior,
415 2366 472 2434 sed
487 2366 685 2455 impudicitia
699 2364 830 2432 felicior.
845 2365 907 2430 Ubi
919 2379 1027 2430 autem
1042 2389 1109 2431 ma·

56 2481 116 2571 gis
131 2502 150 2544 a
163 2477 386 2544 sacerdotibus
404 2499 501 2565 quam
519 2475 684 2544 intereras
695 2487 727 2541 et
738 2475 871 2542 delubra
883 2476 1109 2542 conducuntur

51 2605 190 2679 stupra,
203 2601 383 2655 tractantur
391 2587 564 2663 lenocinia,
572 2585 727 2654 adulteria
738 2587 1109 2678 meditanturifrequen·

49 2704 130 2768 tius
142 2701 284 2787 denique
301 2700 335 2766 in
349 2698 541 2766 aedituorum
551 2695 686 2772 cellulis,
697 2721 794 2787 quam
806 2699 838 2764 in
854 2699 927 2787 ipsis
943 2697 1107 2787 lupanari-

50 2815 125 2878 bus
138 2809 284 2900 llagmns
299 2808 400 2876 lilsido
415 2807 609 2898 defungitur.
627 2809 1032 2885 Etumenanteeos,1teo
1047 2809 1109 2875 dis·

49 2933 240 3012 pensante,
254 2918 311 2984 diu
322 2941 420 3009 regna
432 2929 606 2986 tenuerunt
619 2919 753 3008 Assyrii,
764 2917 861 2996 lledi,
878 2918 993 2995 Persae,
1004 2919 1111 2985 Graeci

50 3032 231 3104 etiams
244 3027 402 3117 AEgyptii,
418 3051 494 3097 cum
514 3027 682 3119 pontifices
699 3041 732 3095 et
747 3028 879 3105 arvales,
895 3043 929 3094 et
951 3027 1057 3104 salios,
1074 3037 1108 3093 et

47 3137 219 3212 redoles,
232 3151 268 3204 et
287 3161 429 3228 augrrres-
443 3162 506 3206 non
520 3138 690 3215 haberent,
702 3161 763 3204 nec
776 3137 880 3229 pullos
895 3161 991 3205 cavea
1007 3135 1110 3204 reclu-

49 3275 127 3326 sos,
146 3271 299 3337 quorum
312 3248 388 3315 cibo
399 3246 448 3315 vel
463 3247 588 3323 fastidio
603 3247 781 3339 respublica
796 3271 922 3315 summa
937 3258 1109 3336 regeretur.

98 3357 246 3429 xxvl.
255 3358 329 3426 lam
340 3359 428 3426 enim
439 3359 532 3426 venio
545 3359 646 3426 odilla
659 3359 841 3449 auspiciaet
853 3359 983 3448 auguria
994 3357 1113 3426 Roma-

53 3496 116 3550 n,
135 3493 224 3559 quae
238 3492 367 3536 summo
381 3466 489 3539 labore
508 3467 641 3538 collecta
663 3482 796 3538 testatus
810 3493 857 3544 es,
873 3480 907 3534 et
925 3469 1117 3560 paenitenter

53 3582 198 3648 missa
214 3591 250 3646 et
261 3581 428 3646 observate
441 3577 585 3649 feliciter.
601 3579 732 3646 Clodius
746 3578 867 3646 seilicet
881 3591 914 3644 et
926 3577 1114 3654 Flaminius,

53 3703 92 3756 et
100 3689 126 3756 J
130 3686 243 3754 unius
254 3687 327 3753 ideo
338 3688 494 3756 exereitus
505 3689 727 3778 perdiderunt,
739 3687 826 3776 quod
837 3684 995 3778 pullorum
1005 3687 1118 3754 solisti-

56 3821 165 3866 mum
185 3796 367 3884 tripudium
377 3799 609 3888 expectandum
620 3821 685 3865 non
696 3799 1006 3887 putaveruntiQuid
1015 3797 1120 3887 Regu-

60 3909 141 3977 lus?
155 3929 278 3977 nonne
292 3909 421 4000 auguria
436 3911 582 3986 servavit,
598 3923 631 3978 et
647 3922 757 4000 captus
772 3911 842 3979 esti
859 3911 1023 3981 Mancinus
1043 3908 1119 3975 reli-
