2570 4614
329 275 528 330 rnnaoocos,
552 275 613 319 ιιι.
641 276 676 320 ιι.
958 259 1016 326 ὕοι

50 411 110 475 rant,
123 401 166 466 eir
176 399 226 463 assi
238 397 323 487 piscis
337 409 458 485 partem
469 395 692 468 deteruntur
707 413 782 462 cum
794 415 902 461 coram
913 397 958 464 eis
970 421 1023 464 co·

49 511 195 584 smedissct,
207 509 276 574 dixit
287 508 342 583 eis,
355 508 465 594 inquit
480 507 598 580 Lucam
618 527 827 595 quaecumque
845 506 935 573 dixit.
951 509 1024 576 »Ad

47 621 97 688 teo
105 633 203 694 autem,
213 643 250 684 ne
259 616 458 685 hellariorum
468 617 611 705 quidem,
621 639 735 706 nempe
745 617 903 696 favorum,
914 643 1024 710 exper-

47 743 80 796 tes
94 755 148 797 esse
162 729 375 796 observandum
389 740 437 794 est
451 751 505 794 eos
522 727 577 815 qui
592 728 770 794 secundum
787 730 943 796 rationem
965 755 1020 796 seu

46 839 151 910 Verbum
163 853 284 907 canant.
308 841 354 904 Ex
375 839 454 906 cibis
476 837 562 904 enim
582 839 604 904 ii
626 850 701 904 aunt
722 840 885 928 aptissimi,
907 841 1023 930 quibus

45 951 122 1016 statim
132 952 171 1015 uti
185 949 252 1017 licet
264 952 381 1038 absque
395 950 482 1038 igne,
498 950 649 1038 quoniam
666 960 740 1016 aunt
756 953 929 1040 paratiores
946 973 954 1016 ι
974 951 1022 1018 his

45 1073 123 1126 autem
131 1059 254 1137 secundi,
269 1061 409 1148 quisunt
423 1058 607 1149 frugaliores
617 1081 656 1126 ao
667 1057 803 1136 viliores,
817 1074 852 1126 ut
861 1061 1024 1127 antedixi-

45 1193 104 1234 nus
113 1170 144 1234 lis
151 1183 243 1236 autem
254 1170 307 1258 qui
318 1170 360 1236 ad
371 1168 483 1235 luxum
494 1192 676 1236 mensarum
687 1171 899 1260 propendent,
907 1183 940 1236 et
951 1194 1024 1237 suos

46 1277 915 1368 tihinorbosenutriunt,praeestdaemonhelluomaximos,
928 1305 1025 1370 quem
1109 1359 1116 1374 ⁶

46 1409 145 1475 qoam
156 1389 273 1453 verebor
290 1385 450 1476 appellare
468 1385 772 1462 Ventridaemonem‚
789 1399 822 1454 et
842 1389 1023 1456 demonum

47 1498 148 1562 omniun
157 1499 311 1587 pessimum
322 1510 356 1564 et
368 1497 678 1586 perniciosissimum.
693 1499 724 1564 is
737 1511 844 1566 autem
855 1511 902 1566 est
914 1522 1022 1568 revera

45 1604 155 1674 rottei
171 1609 217 1697 qui
237 1608 350 1674 dicitur
373 1605 601 1694 ventriloquus.
626 1605 738 1674 Melius
755 1620 804 1675 est
826 1622 933 1676 autem
954 1633 1023 1678 esse

45 1714 144 1792 bicen,
157 1741 238 1806 qoam
251 1719 370 1785 habere
384 1716 622 1784 cohabitantem
637 1719 825 1786 daemonem.
844 1721 883 1786 ln
898 1745 956 1787 usu
967 1743 1023 1788 au·

44 1837 91 1890 tam
99 1828 193 1894 virtutis
202 1853 263 1895 esse
274 1841 426 1897 censetur
439 1825 581 1894 felicitas.
596 1827 762 1894 Mattheus
772 1831 880 1918 itaque
892 1831 1024 1920 Aposto-

45 1933 81 1998 Ιιιι
91 1939 234 2014 omnibus,
246 1940 369 2015 baccis,
381 1951 415 2004 et
430 1936 582 2015 oleribus,
597 1940 717 2027 absque
733 1941 894 2030 carnibus,
913 1942 1023 2010 uteba·
1100 2005 1102 2010 .
1119 1982 1127 1996 =

47 2046 323 2126 tunioannesautem,
338 2048 570 2114 continentiam
581 2045 712 2114 ulterius
722 2049 909 2127 extendens,
923 2052 1022 2118 iocur·

44 2160 171 2224 tatami
180 2177 289 2252 agreste
299 2159 493 2227 comedebat
502 2157 525 2222 ¹.
539 2157 639 2223 Porro
650 2169 758 2224 autem
767 2159 879 2226 Petrus
894 2185 1022 2251 quoque

43 2267 197 2337 usmetun
206 2273 319 2340 suibus.
333 2271 401 2337 Sed
411 2297 423 2330 ι
434 2270 467 2335 in
478 2291 553 2334 eum
566 2267 683 2334 cecidit
694 2269 820 2345 extasis,
835 2287 870 2334 ut
881 2271 919 2334 in
929 2271 1022 2338 Acti·

41 2374 314 2468 »tommosam
328 2379 492 2468 scriptum
505 2392 563 2452 eat,
585 2388 619 2442 et
634 2376 719 2443 videt
733 2376 851 2445 coelum
866 2390 1024 2467 apertum,

39 2493 287 2578 retroquoddam
307 2503 448 2581 quatuor
467 2488 564 2566 initiis
588 2485 752 2577 alligatum
772 2513 868 2579 super
883 2502 1019 2567 terrama

39 2617 138 2665 ronnas
150 2601 372 2691 quadrupedes,
389 2612 422 2666 et
436 2609 598 2688 serpentes
618 2610 724 2675 terrae,
740 2613 773 2664 et
789 2599 931 2668 volucres
950 2603 1023 2672 celi

39 2705 79 2771 rin
90 2709 151 2796 ipso.
166 2713 202 2778 Et
216 2737 275 2779 vox
289 2712 335 2778 ad
349 2713 454 2801 ipsum
468 2709 550 2798 sacta
566 2720 614 2774 est
636 2731 644 2774 ι
665 2709 780 2799 Surge,
795 2724 828 2777 et
851 2713 974 2790 occide,
991 2727 1024 2780 et

40 2819 163 2885 *comede
174 2821 278 2906 Petrus
296 2834 407 2887 autem
420 2818 517 2883 dixit:
534 2816 753 2918 Nequaquam.
771 2819 919 2898 Domine,
942 2847 1024 2912 quo·-

40 2923 118 2992 rrirn
134 2951 215 2996 omne
229 2951 404 2998 commune
424 2939 457 2992 et
475 2925 678 2992 immundum
697 2950 860 3016 nunquam
884 2933 1021 2999 comedi.

41 3059 46 3092 ι
56 3035 140 3102 Etru
150 3063 249 3108 rursus
262 3039 307 3106 ad
321 3061 398 3104 eum
408 3033 550 3102 secundo
562 3033 643 3104 facta
655 3047 703 3101 est
716 3059 725 3100 :
741 3035 820 3117 Quae
831 3039 917 3106 Deus
929 3063 1024 3108 mun-

41 3139 127 3223 ·dttit,
136 3149 359 3216 recommunia
370 3145 485 3212 dixeris
493 3143 517 3208 ².
529 3143 635 3234 »Ergo
646 3145 739 3212 nobis
751 3169 878 3236 quoque
890 3171 965 3214 usus
975 3163 1026 3218 est

41 3252 192 3324 oddaram:
207 3259 302 3327 «Non
316 3257 403 3324 enim
418 3277 489 3343 quae
504 3254 625 3321 intrant
639 3255 673 3320 in
689 3277 724 3320 os
740 3256 948 3345 coinquinant
966 3259 1024 3326 ho·

50 3363 195 3445 minam⁸,r
217 3370 321 3435 sedin
340 3363 581 3454 intemperantia
602 3363 705 3430 inanis
723 3366 916 3433 exercitatio.
936 3368 1022 3437 Deus

42 3469 103 3550 nin,
109 3499 169 3544 cam
175 3479 311 3547 finxisset
319 3476 495 3551 hominem,
505 3475 631 3540 Omnia
638 3472 743 3548 vobis,
756 3474 871 3563 inquit,
880 3483 1022 3548 arentin

43 3577 131 3650 ttrmt.
141 3585 250 3655 «Olera
263 3605 460 3656 autemeam
471 3582 625 3652 charitate
636 3580 781 3659 meliora,
795 3607 890 3672 quam
907 3589 1022 3658 vitulus

50 3709 106 3758 eun
116 3694 246 3764 frande‘.
266 3699 361 3764 »Hoc
378 3696 470 3763 nobis
489 3705 577 3760 recte
593 3693 626 3757 in
643 3695 831 3762 memoriam
846 3714 973 3768 revocat
987 3703 1022 3767 id

48 3845 251 3915 ¹flatth.nr,t.-
263 3857 275 3890 ²
287 3859 345 3908 Act.
358 3873 383 3916 x,
395 3873 435 3918 ro,
449 3871 488 3918 ιι,
504 3871 543 3915 ιι,
557 3851 595 3912 ιῗι,
609 3851 647 3910 ¹4,
663 3851 762 3900 t⁵··-³
779 3853 868 3904 Matth.
883 3873 924 3918 xv,
938 3877 973 3909 ιι.
991 3888 1021 3899 -

47 3919 136 3986 Genu,
146 3945 166 3988 a,
178 3929 240 3982 3.-
250 3929 259 3964 ⁵
270 3931 344 3984 Prot.
356 3944 397 3990 xv,
409 3945 445 3993 ¹7·
