2532 4608
170 282 234 352 558
487 303 661 353 ocsusnrrs
687 301 899 350 taruanorum

167 441 323 520 potestate
338 453 346 496 :
361 431 418 498 sed
432 432 576 497 nundum
590 429 687 496 etiam
703 451 859 506 numeru,
875 441 945 495 nun
956 429 1047 496 enim
1057 429 1208 500 dimoveri

167 561 232 604 uon
248 551 365 628 posset,
384 540 470 630 quod
485 540 596 605 attinet
613 537 653 604 ad
667 537 792 603 diuuos
803 539 860 625 qui
876 537 1039 604 debentur
1054 531 1209 634 proiectus

167 658 201 712 et
216 647 513 715 administrationes.
534 649 626 714 Hunc
649 671 777 736 quoque
800 649 886 714 Deus
903 647 1060 737 adjuvat,
1086 653 1208 739 propin

168 758 278 846 quiere
294 759 454 826 honorans
469 759 645 824 curatione.
661 757 778 824 Annon
788 759 876 824 euim
891 760 1060 824 bonomm
1080 762 1207 828 vironm

167 867 284 955 gratia,
304 879 336 932 et
355 880 391 932 ut
405 891 443 934 ca
464 867 681 957 possiderent,
701 879 734 932 et
753 865 814 932 iliis
833 867 904 932 usui
922 865 975 933 vel
1002 869 1113 956 potius
1128 869 1206 935 astuti

166 987 289 1052 essent,
305 976 411 1042 omnia
427 965 510 1042 faeta
527 976 624 1042 sunti'
639 975 712 1042 Nou
724 997 802 1064 ergo
813 975 860 1039 eis
872 975 1000 1040 auseoet
1012 999 1054 1041 ea
1065 993 1207 1066 quassant

164 1095 294 1172 propter
311 1081 483 1161 virtmem,
499 1097 632 1175 propter
644 1107 724 1173 quos
743 1095 818 1150 sumt
839 1083 1018 1172 quaefacta
1038 1097 1123 1151 nmt.
1145 1087 1205 1154 cte

164 1215 235 1256 rum
252 1203 302 1257 est
317 1193 405 1259 euim
429 1195 516 1282 quod
538 1195 654 1262 honam
677 1193 819 1280 ipsorum
839 1203 999 1258 naturam
1023 1205 1058 1258 et
1079 1209 1203 1262 sanctum

163 1302 346 1369 institutum
358 1303 538 1381 honorans,
551 1304 589 1369 iis
604 1303 658 1391 qui
675 1304 756 1367 bene
772 1302 878 1368 vivere
891 1303 1150 1381 constituerunt,
1163 1309 1201 1370 ri-

161 1433 213 1474 res
229 1411 363 1499 inspirat
379 1409 419 1476 ad
434 1410 587 1499 reliquam
608 1409 766 1477 salutem:
785 1409 863 1476 alies
882 1409 1027 1499 quidem
1047 1411 1140 1479 seham
1152 1415 1199 1480 sd-

163 1515 314 1595 hortans,
336 1517 403 1586 aliis
417 1543 490 1585 vero
505 1521 559 1606 qui
575 1542 613 1584 ex
631 1541 664 1584 se
681 1517 766 1607 digni
790 1529 969 1584 evaserunt
987 1532 1087 1608 opem
1105 1522 1193 1588 imus.
1263 1547 1264 1568 ³

161 1628 218 1692 Est
231 1626 319 1692 enim
335 1628 570 1694 omnebonum
588 1627 745 1716 ejusmodi
763 1639 801 1691 ut
819 1627 1027 1694 adnascatur
1046 1629 1073 1694 ei
1089 1631 1131 1716 qui
1148 1643 1187 1694 ert

161 1735 335 1802 Gnostioua
357 1757 366 1800 t
386 1735 542 1825 siquidem
562 1736 591 1800 ei
614 1747 662 1800 est
684 1735 756 1800 finis
783 1735 864 1800 sciro
891 1745 926 1800 et
951 1735 1067 1802 facere
1083 1739 1182 1802 sunto
1263 1745 1264 1748 ’

161 1843 426 1932 unumquodque.
443 1843 725 1924 Quemadmodum
741 1853 850 1908 autem
865 1843 1024 1910 modicus
1037 1847 1187 1934 pateas·
1263 1853 1264 1856 ’

161 1952 295 2018 uitatem
307 1953 344 2017 iis
355 1953 408 2041 qui
422 1952 452 2016 ei
465 1963 677 2040 cooperantur
688 1951 729 2017 ad
742 1951 918 2017 sanitatem
936 1977 946 2017 :
961 1953 1010 2019 ita
1024 1955 1115 2020 etiam
1127 1955 1193 2020 Drus
1262 1941 1264 1958 ’

160 2074 311 2129 aeternam
336 2059 470 2128 salutem
496 2062 533 2127 iis
559 2063 710 2151 quicum
737 2085 777 2127 eo
803 2075 1032 2151 cooperantur
1059 2065 1194 2152 adcogni-

160 2173 280 2237 tionem
302 2181 335 2236 et
360 2170 400 2236 ad
426 2173 527 2238 bonas
551 2171 701 2237 actiones.
728 2172 829 2237 Porro
848 2171 946 2237 simul
970 2195 1050 2238 cum
1072 2175 1193 2244 adum,
1263 2191 1264 2208 ¹

160 2279 418 2368 quandoquidem
438 2281 471 2346 in
493 2291 600 2347 nestra
622 2280 684 2345 siut
708 2291 866 2368 potestate
892 2303 931 2345 aa
961 2305 1037 2369 quae
1061 2295 1192 2370 precepta

160 2388 344 2476 imperant,
378 2389 542 2478 perficitur
568 2389 746 2478 promissio.
778 2387 825 2454 Ac
858 2387 941 2455 mihi
978 2391 1105 2456 videtur
1132 2389 1191 2454 iilud

160 2520 288 2585 queque
305 2509 391 2564 tecte
407 2498 470 2563 dici
486 2499 572 2587 apud
584 2499 723 2562 Grecos.
743 2495 876 2562 Athletas
893 2497 1031 2585 quidam
1049 2499 1189 2588 nonunc-

161 2603 231 2670 bilis
247 2606 330 2670 inter
346 2617 486 2682 veteres,
510 2626 585 2672 cum
601 2604 695 2695 lengo
711 2595 856 2694 tempore
872 2607 1103 2696 corpuscuium
1114 2631 1181 2672 orm

160 2711 275 2778 coisset
291 2713 331 2778 ud
351 2713 589 2791 fortitudinem,
606 2726 717 2804 petens
733 2713 903 2804 Olympia,
918 2738 1000 2782 cum
1011 2715 1183 2783 Pisauiioris

46 2829 49 2836 '
161 2811 330 2910 aspexisset
337 2833 476 2888 statuam
491 2845 499 2887 a
512 2849 525 2882 a
537 2823 570 2892 si
583 2823 702 2900 omnia,
715 2823 826 2911 iuquit,
839 2825 858 2890 ὃ
870 2823 1028 2912 Jupiter!
1041 2825 1189 2891 uitione

160 2939 293 3017 »parata
310 2942 383 2994 sunt
399 2929 439 2995 ad
461 2941 644 3006 certamen,
660 2930 776 2995 merite
791 2926 871 2996 mihi
886 2930 992 2996 redde
1008 2933 1186 2998 victoriam»

161 3035 214 3100 Sic
226 3034 312 3102 enim
325 3036 496 3113 Gnostice,
511 3057 583 3102 cum
597 3033 759 3125 inculpate
770 3047 803 3100 et
815 3057 891 3102 cum
904 3038 992 3102 bona
1006 3037 1191 3108 conscientia,

45 3195 51 3202 .
160 3143 247 3232 quod
263 3144 302 3209 ad
314 3167 348 3209 se
360 3145 491 3221 attinet,
516 3145 622 3210 omnia
638 3143 835 3234 impleverat,
851 3155 886 3209 et
901 3145 944 3210 ad
959 3147 1154 3220 doctrinam,
1167 3155 1192 3209 et

95 3289 98 3296 ·
162 3251 202 3318 ad
216 3253 493 3330 exercitationem,
510 3265 543 3317 ot
559 3251 599 3318 ad
615 3254 772 3320 bonorum
785 3275 921 3341 operum
933 3253 1136 3320 effectionem
1150 3265 1192 3328 ,rt

162 3361 202 3427 ad
217 3361 279 3428 hoc
290 3373 327 3426 ut
340 3361 408 3428 Deo
419 3363 460 3425 sit
470 3373 594 3450 gratus,
611 3361 644 3426 id
659 3385 775 3436 omne,
790 3360 927 3427 salutem
944 3363 1076 3429 deducit
1089 3363 1127 3430 ad
1137 3387 1194 3452 per·

161 3470 344 3537 sectionem.
366 3472 442 3537 Haec
462 3493 537 3560 ergo
559 3495 576 3536 a
595 3471 686 3535 uobis
707 3471 880 3560 exiguntur
903 3494 977 3560 quae
999 3474 1058 3539 sita
1080 3473 1192 3540 suntin

162 3591 269 3644 nostra
283 3591 457 3670 potestate,
473 3567 630 3644 eteorum
651 3601 720 3668 quse
732 3578 773 3645 ad
788 3601 847 3644 nos
861 3581 1025 3668 pertinent
1040 3593 1106 3647 tam
1120 3603 1193 3670 pre-

162 3686 300 3753 sentium
322 3711 418 3777 quam
442 3687 618 3754 absentium
640 3686 774 3764 electio,
795 3700 828 3753 et
852 3687 1069 3766 desiderium,
1085 3701 1192 3777 etpos-

161 3794 256 3860 sessio
266 3845 275 3871 ,
287 3808 321 3861 et
333 3821 406 3863 usus
418 3848 427 3874 ,
440 3809 472 3863 et
483 3796 673 3886 permansio.
691 3797 867 3878 Quorcirca
881 3819 957 3862 vere
967 3821 1081 3886 puram
1098 3811 1128 3862 et
1142 3798 1191 3861 im·

158 3897 349 3974 maculatum
366 3919 491 3997 oportet
503 3907 622 3974 habere
633 3908 771 4004 animam
782 3928 881 3984 ,eum
892 3909 1035 3996 quicum
1046 3909 1113 3975 Dec
1124 3931 1189 3976 con·
