2412 4596
332 235 519 288 annotarunt
542 240 602 288 uta.
630 243 652 286 ι.
971 221 1012 290 05

18 365 161 442 Moira,
175 359 225 430 ille
240 360 356 430 utiliter
367 361 492 441 didicit,
511 362 566 457 qui
584 363 685 432 varim
698 360 803 454 attigit
819 359 1012 456 disciplinas,

22 475 140 568 atpoosit
154 471 258 542 melius
273 471 374 542 colere
390 485 422 542 et
439 495 550 540 curare
570 497 579 540 r
596 473 640 540 ita
655 472 708 542 hic
726 473 823 542 etiam
841 495 916 544 eum
931 476 1015 544 hene

22 583 152 656 aniliter
162 583 315 652 eruditum
322 582 465 650 existimo
477 631 486 658 ,
499 583 553 673 qui
565 583 671 654 omnia
677 581 774 652 refert
784 584 827 652 ad
834 583 1013 662 veritatem,

23 695 81 770 aleo
93 706 123 760 ut
134 716 170 760 ex
180 692 354 760 Geometria
370 703 404 760 et
417 690 555 770 Musica,
571 704 604 758 et
616 715 658 758 es
675 691 888 762 Grammatico
904 694 1016 784 etipsa

22 801 183 892 Philosophia
199 799 345 894 colligens
364 799 451 890 quod
464 811 512 870 est
527 799 621 879 utile,
641 812 744 873 tutam
761 803 803 868 ah
817 800 937 870 insidiis
952 825 1016 874 ser·

21 923 58 980 ot
68 911 159 980 fidem.
181 911 277 982 Porro
292 921 399 978 autem
416 908 554 988 athleta,
571 923 606 980 ut
621 910 707 1001 prius
719 910 842 980 dictum
854 922 923 989 est,
939 934 1015 980 con-

15 1021 156 1098 temnitur,
177 1020 229 1112 qui
250 1042 285 1088 se
311 1043 375 1090 non
397 1020 485 1111 prius
511 1019 660 1088 instruxit
677 1019 721 1096 ad
744 1030 917 1090 certamen.
941 1020 1016 1088 Jnm

19 1153 74 1201 tero
93 1132 326 1220 gubernatorem
358 1152 485 1220 quoque
510 1127 674 1198 laudamus
704 1127 880 1198 multorum
906 1153 1017 1201 rerum

19 1240 172 1330 operientia
195 1239 406 1316 instructum,
432 1238 485 1328 qui
501 1241 596 1311 urbes
615 1235 791 1310 multorum
807 1239 886 1308 vidit
908 1239 1015 1308 homi-

19 1371 94 1418 num:
108 1358 136 1414 et
148 1348 322 1426 medicum,
343 1349 397 1438 qui
417 1346 518 1420 multa
537 1360 585 1414 est
600 1358 764 1438 expertura
789 1349 1014 1440 quaeratione,

12 1459 137 1547 ¹affingunt
153 1453 283 1548 ‘quidam
308 1457 406 1526 etiam
436 1457 634 1548 empiricam.
663 1457 728 1540 Qui
752 1469 862 1528 autem
893 1457 1015 1548 singula

12 1567 89 1638 ttlcrl
100 1567 134 1635 ad
149 1579 266 1636 rectam
282 1566 381 1638 vitam
392 1617 401 1642 ‚
413 1565 556 1658 exempla
580 1565 714 1636 afferens
732 1589 773 1634 ex
787 1567 906 1638 Graecis
928 1579 1018 1634 etex

20 1677 143 1752 lulnris,
164 1677 188 1744 is
210 1675 301 1746 valde
322 1675 443 1766 peritus
465 1675 603 1747 veritatis
628 1676 850 1766 investigator,
870 1675 1018 1744 etmulti

21 1807 100 1854 tuas
110 1785 241 1864 masilii,
257 1787 359 1854 instar
375 1783 487 1875 lapidis
501 1785 615 1856 indicis
629 1786 670 1873 (is
683 1797 731 1854 est
746 1796 854 1856 autem
869 1783 1017 1876 Lydius),
1080 1865 1082 1870 ι

12 1895 124 1962 vereditur
143 1919 232 1986 posse
247 1895 431 1964 discernere
451 1919 566 1964 aurum
585 1892 800 1968 adulterinum
815 1918 833 1960 a
849 1895 971 1984 probo,
986 1903 1020 1964 et

26 2016 90 2093 aptos
101 2029 153 2072 esse
171 2006 210 2073 ad
225 2003 439 2096 separandum
454 2004 499 2086 is,
517 2004 570 2104 qui
586 2027 625 2070 ex
648 2003 741 2074 nobis
762 2003 861 2076 habet
883 2002 1019 2072 multam

21 2115 329 2203 mmexperientiam
351 2125 383 2180 et
401 2112 564 2203 gnosticas
582 2125 648 2190 est,
664 2111 876 2204 sophisticam
888 2113 1018 2202 quidem
1061 2139 1070 2162 ·

13 2219 225 2313 ,alhilosophim
238 2222 443 2293 Ornatricem
457 2233 564 2292 autem
577 2221 828 2312 aGymnastica,
844 2233 877 2288 nt
894 2219 1019 2290 Gulina-

18 2327 283 2414 aramancias,
300 2344 334 2400 et
349 2331 475 2400 dicendi
492 2343 597 2404 artem
608 2355 625 2396 a
637 2329 829 2410 Dialectica,
845 2331 1020 2420 quinetiam

18 2435 73 2511 tlias
90 2441 230 2520 hareses,
250 2467 324 2533 quae
344 2442 471 2510 suntin
490 2442 625 2512 barbara
644 2438 867 2532 Philosophia,
894 2439 936 2508 ah
953 2439 1020 2531 ipsa

17 2549 125 2618 nanu.
142 2553 314 2635 Quomodo
325 2563 434 2620 autem
449 2573 514 2620 non
534 2571 665 2628 necesse
679 2561 746 2628 est,
768 2561 804 2618 ut
821 2548 863 2617 dc
873 2549 933 2628 iis,
949 2571 1021 2638 quae

12 2653 184 2748 ¹intelligentia
197 2661 443 2753 percipiuntur.
460 2671 577 2728 tractet
598 2656 875 2750 philosophando,
896 2658 949 2749 qui
961 2659 1021 2728 Dei

11 2763 71 2840 ¹solit
82 2771 244 2860 potentiam
268 2771 449 2860 attingere?
465 2769 636 2852 Quomodo
652 2780 759 2838 autem
778 2791 844 2838 non
861 2779 910 2838 est
923 2769 1022 2836 etiam

14 2873 88 2953 dle,
102 2879 234 2948 dividere
257 2901 354 2946 voces
368 2929 377 2956 ,
394 2903 465 2972 quan
479 2890 555 2948 sunt
568 2878 738 2969 ancipites,
750 2890 784 2944 et
797 2901 868 2968 quae
892 2878 927 2945 in
943 2878 1022 2944 Tea*

18 2990 134 3056 lamentis
158 2991 337 3060 efferuntur
354 2988 538 3079 oequivocel
558 2989 606 3058 Ex
628 2985 820 3084 amphibolia
845 2986 933 3055 enim
954 2985 1022 3055 Do-

17 3093 95 3164 mltos
109 3101 264 3190 sapienter
286 3097 386 3168 eludit
408 3096 579 3167 Diabolum
601 3098 634 3166 in
659 3109 803 3186 tempore
823 3089 1018 3164 tentationis.

11 3199 66 3271 lito
81 3231 131 3298 ego
149 3209 202 3278 hic
221 3210 332 3298 utique
355 3207 468 3286 tideo,
488 3231 627 3296 quonam
648 3205 746 3274 modo
763 3203 977 3296 Philosophia²
989 3217 1023 3272 ot

11 3307 164 3386 lllnleoticae
186 3319 353 3396 inventor,
374 3330 410 3384 ut
425 3316 554 3408 quidam
571 3316 774 3394 existimant,
791 3313 953 3382 inducitur
964 3314 1022 3382 de-

16 3435 101 3510 fflptut
123 3439 212 3518 tropo
242 3425 454 3517 amphiboliae.
481 3425 624 3508 Quodsi
646 3423 812 3513 Propheta
825 3435 859 3491 et
880 3422 1023 3514 Apostoli

11 3547 64 3603 ‘tto
76 3533 182 3604 luerint
198 3535 355 3628 ejusmodi
370 3536 490 3604 artibus
503 3533 669 3610 instructi,
681 3533 798 3624 quihus
815 3529 1023 3625 philosophiae

11 3643 223 3714 *mmindonee
242 3647 452 3714 ostenduntur
468 3670 476 3712 :
491 3657 524 3712 at
543 3666 634 3714 mens
649 3639 826 3733 prophetici
842 3655 875 3710 et
885 3665 1023 3734 praecep-

15 3749 214 3844 adspirans
230 3755 356 3826 occulte
376 3755 563 3831 enuntiata,
586 3765 755 3845 propterea
770 3753 859 3845 quod
872 3775 937 3824 non
959 3754 1023 3823 sint

18 3879 87 3930 tures
99 3866 235 3941 omnium
258 3864 486 3958 intelligentes,
509 3865 577 3934 sine
596 3863 779 3956 cognitione
794 3863 912 3937 artium
934 3862 1021 3937 haud
