2412 4596
320 237 508 286 arnoueruu
529 241 591 287 me·
618 242 654 284 ιι.
959 245 1000 310 97

1 357 74 428 utto
94 361 195 450 magio
211 359 245 436 in
264 357 446 428 hominibus
461 358 581 426 erudeli
599 371 634 425 et
647 359 779 426 immani
799 362 899 428 menti
919 373 1002 451 pm-

33 480 60 532 t
83 469 279 544 remedium,
301 479 336 532 ut
351 469 411 533 etti
435 479 602 544 naturam,
620 465 817 556 disciplinam
833 482 920 535 certe
936 490 1003 538 non

44 575 142 666 'gant
162 576 270 642 Hoedis
284 575 371 642 enim
383 587 416 640 et
427 576 516 664 agnis
530 576 575 642 eis
588 573 713 664 impleri
731 576 920 664 permistum
935 591 1002 648 etta

1 709 2 712 ¹
20 683 274 773 aliquauquidem
290 683 422 750 fortusse
439 683 534 750 fuerit
549 684 708 750 excusatio
724 683 773 761 ot,
790 685 844 774 qui
859 685 1004 760 ioetuma

23 803 72 856 tre
92 802 240 880 separat:
259 791 384 858 infantis
404 802 511 858 autom
531 791 732 880 expositionis
750 815 893 882 quaenam
911 817 1004 863 eausa
1085 849 1087 860 ,

2 899 89 965 riti
105 899 157 966 Ab
172 900 261 965 initio
275 900 360 965 enim
372 901 539 988 oportebat
549 923 589 966 ne
600 921 732 968 uxorem
745 901 873 988 qudem
888 899 1006 970 dooere

9 1007 92 1097 ,qui
117 1030 183 1073 non
203 1007 350 1096 cupiebat
370 1029 538 1096 procreare
559 1006 695 1084 litat-os,
716 1007 820 1096 petitu
835 1031 930 1097 quam
949 1033 1008 1100 per

0 1149 4 1172 ι
12 1113 146 1206 luptatis
172 1115 465 1205 intemperantiam,
489 1113 545 1182 filii
567 1114 636 1182 fieri
656 1114 860 1186 homicidam.
887 1119 1009 1188 Ruroue

0 1255 4 1264 ι
35 1243 81 1290 ιιιι
99 1221 237 1312 benigna
252 1223 316 1290 Lex
329 1222 478 1314 prohibet
492 1223 606 1290 eodem
625 1223 677 1290 die
696 1223 809 1292 foetum
825 1238 858 1292 et
875 1239 1010 1295 matrem

43 1331 168 1398 'tcare
189 1329 272 1397 Hine
292 1331 388 1399 etiam
410 1331 563 1409 Romani,
587 1332 612 1398 si
633 1355 696 1419 qua
717 1331 833 1402 mulier
846 1355 1011 1425 prognem

0 1475 1 1484 ι
44 1439 70 1504 ‘t
83 1439 235 1506 damnata
242 1438 370 1528 capitit,
384 1461 447 1504 non
458 1440 547 1530 prius
557 1439 744 1528 permittunt
754 1489 764 1519 ,
773 1454 810 1508 ut
820 1441 1012 1533 supplicium

2 1549 109 1624 beat,
125 1569 222 1635 quam
233 1546 400 1635 pepererit.
420 1547 537 1635 Aperte
546 1547 652 1636 itaque
663 1570 872 1639 quoecumque
884 1563 1012 1622 uterum

8 1689 18 1711 ι
55 1666 93 1720 nt
109 1651 276 1730 animalia,
299 1653 364 1722 Lex
383 1677 448 1720 non
464 1654 552 1744 prius
574 1656 706 1724 mactari
722 1659 895 1744 permittit,
916 1683 1012 1750 quam

12 1796 17 1820 ι
31 1798 34 1817 ι
83 1795 96 1821 ι
114 1763 161 1828 'nt
170 1762 310 1838 ,eminus
318 1761 642 1830 cohibenthominum
653 1764 694 1830 ad
702 1765 851 1854 injuriam
864 1767 897 1834 in
908 1767 1015 1836 homi·

0 1893 44 1936 tes
65 1861 241 1937 faciendam
260 1869 512 1959 propensionem.
533 1871 591 1936 Ita
602 1869 652 1936 vel
668 1895 766 1960 usque
782 1874 823 1941 ad
842 1875 935 1942 bruta
951 1877 1016 1942 ani·

3 1979 104 2046 nantia
122 1977 266 2044 extendit
284 1978 535 2068 benignitatem:
557 1989 594 2044 ut
614 2001 690 2045 oum
711 2001 783 2046 eam
806 1981 839 2047 in
861 2005 918 2060 ea,
945 2006 1017 2073 que

0 2099 59 2153 unt
72 2087 184 2154 diversi
208 2087 349 2176 generis,
372 2087 606 2152 exercuerimus
622 2135 631 2162 ,
655 2085 748 2176 longe
768 2091 882 2180 majori
900 2091 1017 2159 huma-

8 2195 81 2262 itate
98 2207 226 2262 utamur
238 2195 269 2261 in
280 2217 318 2261 ea
329 2243 338 2270 ,
351 2217 421 2282 quae
436 2206 510 2259 suut
523 2193 666 2282 ejusdem
680 2197 812 2284 geuene
829 2199 895 2280 Qui
909 2213 1016 2268 autem

7 2336 10 2359 ι
30 2303 243 2393 quormndnm
258 2301 466 2370 animantium
478 2314 602 2368 ventres
617 2313 690 2368 ante
706 2315 832 2392 partum
845 2305 946 2374 calceo
960 2309 1019 2374 im·

26 2444 29 2469 ι
43 2423 136 2494 unt,
150 2422 187 2475 ut
196 2421 432 2500 contemperata
443 2407 526 2476 laete
538 2433 633 2476 carne
645 2422 824 2488 vescantur,
838 2400 1017 2493 matricem,

9 2543 52 2586 aaa
76 2530 127 2585 est
152 2529 258 2586 creata
277 2518 318 2584 ad
336 2517 591 2608 generationem,
619 2517 739 2584 ficiunt
761 2519 943 2609 sepulcrum
964 2522 1020 2588 sm·

10 2659 54 2704 ·.,
75 2627 130 2717 qui
145 2637 286 2718 gestatur
303 2626 336 2692 in
357 2637 446 2691 utero
464 2649 474 2691 z
491 2649 567 2692 eum
588 2625 653 2693 Lex
674 2639 780 2715 aperte
794 2629 905 2716 jubeat
921 2653 930 2696 r
953 2631 1020 2698 Sed

89 2759 193 2823 coques
213 2757 328 2823 agnum
352 2734 383 2799 in
404 2735 480 2800 inae
497 2734 605 2800 mauis
625 2734 718 2800 son&
744 2735 814 2803 Non
838 2737 894 2804 fiat
907 2740 1018 2817 enim,

49 2846 103 2921 v't,
121 2845 171 2921 id,
187 2842 274 2932 quod
283 2852 331 2908 est
346 2841 476 2908 viventio
488 2843 738 2921 nutrimentum,
755 2845 1023 2937 interemptioni-

8 2983 19 3006 ι
50 2985 69 3009 ι.
96 2951 365 3018 condimentumt
390 2973 493 3039 neque
519 2952 606 3039 quod
631 2963 679 3018 eat
701 2951 772 3017 vitae
791 2977 905 3031 eausa,
926 2979 1019 3044 opem

15 3090 25 3113 ι
83 3059 126 3126 ed
141 3059 416 3147 consumptionem
434 3059 585 3148 corporis.
607 3059 727 3126 Eadem
743 3073 849 3128 autem
865 3064 929 3128 Lex
951 3063 1020 3130 edi-

4 3167 52 3244 't,
74 3192 113 3232 ne
127 3169 284 3233 obturetur
301 3189 334 3231 or
357 3165 423 3231 bovi
445 3166 634 3233 tritumnti².
653 3167 788 3257 Oportet
808 3170 894 3236 enim
914 3193 1019 3258 opetu-

1 3273 68 3340 rium
80 3273 208 3364 dignata
223 3297 338 3341 ccum
352 3273 566 3340 nutrimento⁸.
581 3276 621 3342 Et
636 3275 785 3364 prohibet
796 3277 890 3344 simul
905 3277 938 3343 in
947 3273 1020 3345 ora·

1 3394 41 3448 ro
53 3384 247 3473 conjungere
266 3384 380 3450 bovem
401 3395 434 3448 at
452 3383 577 3448 asinum
595 3407 604 3447 ι
622 3383 901 3480 fortasse'quidem
924 3386 1018 3456 etiam

1 3513 31 3556 eo
50 3490 232 3567 collimant,
255 3490 341 3580 quod
361 3487 448 3557 nulla
470 3491 510 3556 eit
532 3479 882 3559 inter'eooanimanteo
902 3515 1020 3562 conve

1 3598 128 3666 tenua:
146 3597 240 3666 simul
255 3611 362 3666 autem
377 3597 573 3688 significant,
589 3619 654 3664 non·
668 3610 813 3687 oportere
828 3593 1019 3691 quemquam

1 3727 33 3772 ιι
44 3707 162 3777 diversa
181 3721 275 3799 gente
289 3707 404 3796 injuria
421 3706 566 3784 afficere,
590 3727 693 3796 neque
705 3708 790 3798 ,jugo
807 3691 1018 3802 iubjungere,

34 3858 121 3914 'oenc
131 3881 185 3928 ιιι,
195 3881 237 3918 ιι.
251 3893 278 3902 -
287 3863 342 3914 ¹1d.
352 3879 413 3926 xxv,
423 3867 453 3926 43
466 3881 477 3913 ι
490 3866 554 3914 Tim.
566 3881 592 3927 v,
603 3863 675 3916 8.-·
685 3867 744 3916 Luc.
756 3883 784 3931 x,
798 3885 824 3932 ις
834 3867 971 3934 Μιιώιι,
985 3861 1023 3922 io.
1045 3890 1047 3896 ¹

145 3977 184 4018 rr.
867 3982 891 4050 ν7
992 4031 996 4037 ,
