2532 4608
333 339 525 386 annonarnu
546 341 609 384 un.
636 341 691 384 vu.
970 317 1034 397 545

26 463 55 530 id
69 462 139 552 quod
155 463 334 553 cognoscit,
354 462 383 528 ei
402 461 506 528 reddit
521 460 608 550 quod
623 461 835 552 cognoscitur.
855 461 896 528 Et
907 459 1038 528 sortasse

24 572 72 662 qui
84 583 124 637 est
135 572 305 661 ejusmodi,
317 572 383 660 jam
397 571 651 660 praeoccupavit,
665 582 702 635 ut
716 571 756 635 sit
770 569 879 636 similis
892 570 1036 659 Angelis.

24 680 88 748 Post
100 703 268 770 supremam
284 677 380 769 igitur
394 699 466 767 quae
481 688 529 743 est
542 678 575 744 in
591 701 686 746 carne
699 677 939 755 excellentiam,
955 703 1041 746 sem-

22 813 75 880 per
86 801 167 878 prout
178 788 325 854 convenit
338 799 480 854 mutatus
495 787 529 852 in
541 785 653 853 melius
664 837 673 863 ,
686 787 728 854 ad
739 799 905 876 paternam
918 785 1041 865 aulam,
1127 809 1131 814 ·
1222 778 1237 810 ”

25 899 61 964 nd
82 921 144 964 aere
161 899 361 966 Dominicum
383 919 440 988 per
463 908 605 964 sanctam
624 895 859 964 hebdomadem
877 897 1043 964 contendit

21 1007 220 1084 mansionem,
236 1005 378 1084 futurus,
397 1017 433 1070 ut
452 1005 495 1070 ita
511 1005 636 1082 dicam,
657 1003 765 1071 lumen
776 1003 928 1095 peculiari
944 1004 1042 1072 modo

20 1127 98 1182 stans
112 1127 140 1180 ot
153 1137 303 1191 manens,
324 1114 411 1203 quod
425 1125 473 1180 est
494 1115 582 1179 omni
595 1137 635 1179 ex
650 1125 739 1203 parte
751 1114 880 1180 omnino
891 1115 1043 1181 immuta-

19 1221 95 1301 bile,
106 1223 156 1313 qui
166 1235 213 1289 est
224 1223 346 1312 primus
358 1222 473 1288 modus
486 1221 661 1288 Dominicae
673 1223 862 1312 operationis
869 1245 878 1295 ς
893 1224 1044 1312 ejusque

19 1332 98 1398 dicta
112 1343 157 1397 est
171 1357 189 1398 a
204 1331 295 1396 nohis
311 1331 594 1408 remunerationis,
610 1330 801 1420 propietate
816 1329 979 1396 indicium.
997 1332 1045 1396 Ex

17 1439 120 1508 multis
136 1451 238 1504 autem
250 1462 320 1528 quae
331 1452 404 1505 sunt
415 1439 620 1516 testimoniis,
636 1463 737 1506 unum
749 1435 930 1528 exemplum
943 1439 1047 1506 addu-

19 1571 87 1618 cam
97 1597 106 1625 ,
118 1549 198 1637 qnod
213 1550 257 1614 sic
272 1549 453 1615 summatim
465 1547 598 1614 ell'ertur
610 1573 626 1615 a
637 1547 793 1638 propheta
803 1549 922 1615 David:
943 1549 1046 1630 «Quis

16 1657 181 1722 »ascendet
191 1658 224 1722 in
236 1669 378 1723 montem
389 1657 517 1723 Domini
530 1703 541 1734 ,
554 1669 608 1724 aut
619 1657 689 1746 quis
701 1657 797 1722 stabit
808 1657 839 1721 in
852 1655 1046 1723 locosancto

16 1766 125 1854 sejusi
142 1766 298 1831 innocens
312 1765 480 1842 manibus,
492 1776 525 1829 et
536 1766 659 1831 mundo
677 1765 793 1842 corde,
811 1765 864 1853 qui
880 1787 945 1830 non
960 1785 1049 1830 acce-

16 1873 86 1962 »pit
95 1875 127 1936 in
146 1895 225 1938 vano
241 1873 379 1937 animam
394 1895 483 1938 suam
496 1921 505 1948 ,
520 1894 624 1960 neque
638 1873 755 1961 juravit
766 1872 799 1936 in
815 1871 889 1937 dolo
904 1871 1050 1961 proximo

16 2005 105 2046 aeuo.
120 1981 179 2046 Hic
195 1978 329 2068 accipiet
345 1979 600 2045 benedictionem
616 2005 634 2046 a
648 1979 804 2057 Domino,
820 1991 853 2045 et
868 1980 1050 2046 misericor-

16 2089 119 2154 »diam
133 2113 151 2154 a
163 2089 232 2155 Deo
243 2087 411 2154 Servatam
425 2109 493 2155 suo.
509 2088 585 2154 Haec
599 2101 647 2153 est
663 2088 824 2177 generatio
839 2089 1050 2177 quaerentium

16 2197 228 2274 »Dominum
243 2197 453 2286 quarentium
466 2193 578 2262 faciem
587 2197 645 2263 Dei
656 2198 757 2263 Jacob
772 2196 795 2262 ¹.
810 2225 823 2260 s
841 2199 1003 2274 Breviter,
1016 2210 1053 2263 ut

17 2307 164 2383 arbitror,
178 2307 269 2371 nobis
284 2306 472 2372 Gnosticnm
484 2305 670 2396 significavit
681 2305 858 2396 Propheta:
872 2307 1053 2395 cursimque

17 2427 43 2482 at
59 2415 187 2490 obiter,
208 2425 243 2479 ut
260 2413 401 2490 videtur,
418 2415 510 2480 nabis
527 2415 752 2480 demonstravit
767 2414 886 2492 David,
906 2415 1056 2482 Servato-

18 2547 81 2590 ern
96 2545 166 2588 esse
181 2524 304 2599 Deum,
318 2545 393 2588 eum
408 2545 525 2588 vacans
537 2523 645 2615 facian
657 2523 719 2588 Dca'
732 2524 849 2600 Jacob,
862 2525 916 2613 qui
930 2547 1055 2589 annun-

20 2631 145 2698 invitet
165 2631 274 2698 docuit
290 2633 329 2697 de
341 2631 464 2720 spiritu.
484 2633 660 2713 Quorcirca
675 2631 846 2723 Apostolus
861 2657 987 2722 quoque
1003 2657 1056 2723 ap-

20 2739 139 2806 tellavit
153 2739 271 2805 Filium
283 2741 486 2807 characterem
496 2741 606 2829 glarie
619 2741 726 2807 Patris
736 2741 759 2819 ²,
774 2743 827 2831 qui
839 2744 1002 2810 veritatem
1015 2739 1055 2808 de
1129 2786 1133 2794 ·

21 2851 79 2914 teo
96 2847 266 2925 docuerit,
281 2860 313 2913 et
325 2849 514 2938 expresserit
526 2851 613 2938 quod
625 2850 710 2916 Deus
721 2862 754 2916 et
764 2862 855 2939 poter
870 2875 951 2916 unus
964 2863 1012 2916 est
1023 2863 1056 2916 et

23 2954 100 3021 olus
117 2956 320 3043 omnipotens
330 2964 436 3044 ,pacm
449 2981 534 3023 naua
549 2959 631 3023 accit
642 2957 701 3025 nisi
716 2959 749 3024 F
750 2959 820 3025 ilius
828 3007 840 3036 ,
857 2972 885 3025 ct
897 2959 945 3026 cai
953 2959 1057 3025 Filias

23 3063 228 3130 metaverat
246 3063 351 3129 Unum
367 3077 472 3131 autem
486 3090 554 3133 esse
569 3068 693 3145 Deum,
709 3092 768 3158 per
781 3091 835 3134 ecs
851 3069 905 3156 qui
921 3081 1059 3156 queram

24 3172 124 3239 aciem
145 3171 211 3236 Dei
225 3172 345 3249 Jacob,
367 3173 541 3240 indicatum
557 3187 604 3240 est
622 3200 630 3240 ε
646 3199 742 3265 quem
757 3175 859 3242 solum
871 3201 939 3244 esse
954 3178 1058 3244 Deum

25 3295 144 3349 intrem
156 3283 282 3348 bonum
298 3283 445 3372 exprimit
458 3285 607 3350 Servatur
618 3299 724 3352 noster
739 3298 771 3352 et
785 3288 880 3354 Deus.
899 3288 1059 3355 Generatia

26 3403 112 3460 utem
136 3389 336 3479 querentium
355 3415 431 3456 eum
454 3403 502 3456 est
516 3383 614 3481 genus
629 3393 785 3472 electum,
801 3397 889 3485 quod
903 3399 992 3464 estvi
1008 3399 1060 3464 in-

27 3499 166 3566 nirendi
181 3497 223 3566 ad
238 3499 454 3588 cognitionem
469 3500 648 3589 praeditum.
664 3504 704 3568 Et
718 3504 790 3569 ideo
803 3504 970 3593 Apostolus
983 3509 1060 3596 quo-

28 3631 69 3674 ue
83 3609 170 3674 dicit
190 3631 224 3672 :a
238 3606 322 3674 Nihil
336 3608 424 3674 vobis
445 3609 604 3697 prodero,
624 3611 683 3676 nisi
703 3613 791 3678 vobis
807 3611 932 3679 locutus
947 3616 1058 3693 fuero,

29 3729 84 3784 tut
99 3717 136 3782 in
155 3715 370 3792 revelatione,
390 3728 444 3782 aut
467 3717 500 3782 in
524 3717 726 3809 cognitione,
751 3733 805 3786 aut
826 3722 857 3787 in
873 3724 1060 3813 prophetia,

30 3837 84 3892 tut
97 3826 134 3890 in
149 3824 329 3892 doctrina⁴.
349 3826 565 3914 »Quanquam
577 3826 729 3895 nonnulla
745 3845 963 3920 quoquerectc
980 3833 1062 3900 fiunt

31 3951 51 4004 .'
66 3955 140 4012 Pnl.
149 3953 304 4021 uruat,
317 3951 342 4014 5,
351 3953 425 4008 6.—¹
435 3957 511 4008 ilcbr.
522 3971 543 4020 1,
553 3955 768 4026 3.-'Mnttlr.xr,
779 3963 866 4025 spa—⁶
881 3963 961 4017 rCor.
973 3981 1027 4028 xre,
1036 3961 1063 4013 6.
