2738 4628
476 285 600 330 norrun
624 285 772 329 uuaasus.
1100 267 1138 344 [μ

95 406 218 475 riaouls
241 407 433 498 relinquens
454 430 627 496 perquem
648 403 716 497 ipse
736 405 839 473 suerat
857 403 1015 495 alligatus,
1035 406 1144 482 idest,

96 518 396 606 transgressionem.
420 515 512 584 lllius
538 516 624 590 enim
652 513 826 606 colligatio,
851 513 969 582 solutio
992 515 1076 582 laeta
1097 531 1146 582 ost

96 625 248 702 bominis,
268 627 459 716 quoniam«
481 647 547 691 non
566 636 670 714 potest
685 621 799 714 aliquis
816 625 948 690 introire
967 625 1000 690 in
1013 625 1146 691 domum

99 735 229 810 rionis,
253 749 289 802 et
311 757 390 802 vasa
413 736 485 825 ejus
499 734 650 824 diripere,
668 734 728 799 nisi
749 735 891 824 primum
908 734 1012 822 ipsum
1029 734 1145 801 sortem

105 843 337 935 alligaverit&
358 844 551 911 »Contraria
566 867 643 934 ergo
658 844 692 910 in
712 866 859 910 sermone
876 845 945 933 ejus
964 845 1019 932 qui
1037 847 1144 911 omnia

108 955 179 1021 iecit
190 955 258 1031 liei,
277 955 456 1022 traduoens
471 977 547 1020 eum
564 953 733 1030 Dominus,
751 971 785 1020 et
798 955 970 1043 subjiciens
986 977 1044 1043 per
1060 977 1144 1044 pre-

106 1075 227 1152 omtum
238 1062 462 1154 (praeceptum
471 1077 579 1130 sutem
589 1063 662 1140 Dei,
678 1061 774 1152 Lex);
785 1063 1035 1154 fugitivumsum
1046 1065 1144 1132 homo

105 1173 184 1259 ejus,
199 1185 232 1238 et
245 1173 346 1262 Legis
363 1187 642 1263 uanagressorem‚
654 1184 687 1239 et
702 1184 878 1262 apostatam
889 1175 948 1240 Dei
959 1175 1141 1252 ostendens,

103 1293 206 1368 postes
219 1282 291 1370 jam
305 1280 456 1348 Verbum
467 1293 649 1349 constanter
659 1306 735 1348 eum
754 1280 928 1372 colligavit,
942 1284 1033 1373 quasi
1049 1307 1143 1351 suum

100 1385 278 1474 largidrmn,
294 1400 331 1454 et
347 1387 482 1477 diripuit
494 1389 566 1476 ejus
576 1411 661 1465 vasa,
681 1389 716 1454 id
730 1400 791 1464 est,
805 1411 859 1454 eos
874 1391 929 1479 qui
947 1392 987 1457 ab
1006 1414 1046 1457 eo
1066 1391 1144 1458 deti·

99 1497 258 1564 rebantur
271 1499 434 1574 homines,
442 1498 558 1587 quibus
571 1499 638 1588 ipse
649 1500 766 1586 injuste
779 1501 937 1566 utebatur.
950 1499 990 1566 Et
1000 1503 1142 1590 captivus

99 1607 231 1694 quidem
249 1609 368 1676 duetus
385 1621 435 1674 est
453 1610 538 1697 juste
555 1611 581 1675 is
597 1611 651 1698 qai
666 1609 831 1677 bominem
844 1612 962 1700 injuste
980 1614 1141 1700 captivum

102 1717 252 1792 almerae
263 1721 319 1809 qui
335 1732 444 1786 autom
462 1731 538 1786 ante
555 1720 698 1809 captivus
713 1721 829 1789 duetus
848 1722 949 1788 luerat
964 1723 1075 1801 bomo,
1091 1747 1143 1790 ex·

101 1841 223 1896 tractus
233 1843 281 1896 est
292 1855 311 1894 a
323 1831 513 1920 possessoris
522 1843 690 1920 potestate,
701 1833 878 1900 secundum
891 1834 1141 1901 misericordiam

103 1937 165 2002 Dei
176 1937 297 2005 Patn's:
312 1940 366 2028 qui
378 1940 546 2006 miseratus
562 1952 610 2007 est
620 1919 766 2030 plasmati
777 1965 849 2020 suo,
861 1953 894 2008 et
906 1942 995 2008 dedit
1005 1942 1141 2010 salutem

110 2046 156 2120 ei,
176 2069 233 2134 per
249 2047 401 2125 Verbum,
424 2050 460 2116 id
480 2062 542 2126 est,
565 2074 623 2141 per
641 2051 818 2128 Christum,
841 2053 1061 2142 redintegrans
1081 2066 1140 2119 :ut

114 2157 326 2243 experimento
344 2159 439 2226 dison
457 2158 569 2236 homo,
589 2161 742 2248 quoniam
757 2183 825 2228 non
844 2183 861 2226 a
879 2163 1062 2252 semetipso,
1083 2163 1140 2230 sed

110 2263 281 2334 donatione
295 2268 353 2334 Dei
368 2269 481 2359 sooipit
498 2265 759 2357 incorruptelam.

151 2455 189 2516 2⁰
200 2451 373 2520 Humanae
392 2461 623 2546 potestatesa
640 2450 739 2536 Deo,
757 2469 832 2518 non
853 2469 874 2516 a
892 2446 1039 2519 diabolo
1057 2471 1140 2520 con·

96 2563 344 2636 stituuntur²:
1021 2559 1029 2570 '

138 2745 233 2815 Sicut
254 2771 331 2838 ergo
346 2749 379 2815 in
397 2749 557 2840 principio
573 2749 724 2815 mentitus
739 2761 799 2825 est,
812 2749 854 2816 ita
871 2759 904 2816 et
918 2751 951 2818 iu
966 2751 1030 2821 line
1044 2777 1137 2822 men·
1209 2821 1213 2830 ,

93 2858 249 2934 tiebatur,
260 2859 369 2926 dicens
380 2882 389 2924 ε
402 2888 414 2920 ι
429 2859 506 2926 tlaec
515 2861 620 2924 omnia
632 2860 710 2926 mihi
723 2860 836 2926 tradita
854 2873 941 2938 sunt,
950 2875 983 2928 et
1001 2865 1053 2929 oui
1066 2863 1137 2930 volo

92 2998 107 3033 a
123 2971 165 3037 do
176 2973 229 3038 es'
242 3019 252 3038 .
267 2971 363 3040 »Non
379 2975 466 3040 enim
483 2974 549 3063 ipse
561 2973 782 3040 determinavit
797 2975 893 3064 hujus
904 2975 1011 3042 sarculi
1026 3000 1135 3068 regna,

92 3079 149 3146 sed
160 3080 252 3148 Deus
266 3105 301 3162 :s
316 3081 410 3172 Regis
425 3083 512 3148 enim
526 3105 583 3148 cor
594 3083 626 3149 in
638 3105 735 3147 manu
746 3082 805 3149 Dei
816 3085 838 3148 ⁸.
854 3085 916 3150 »Et
927 3109 986 3174 per
997 3085 1137 3152 Solomo

92 3211 166 3254 nem
177 3203 292 3257 sotem
312 3191 356 3255 ait
374 3193 509 3257 verbum
520 3213 528 3255 ε
540 3188 624 3257 «Per
634 3213 687 3258 me
698 3215 788 3282 reges
800 3203 1137 3285 regnant‚etpotentes

92 3325 105 3358 ι
120 3309 236 3364 tenent
242 3299 410 3388 justitiam.
420 3299 481 3365 Per
490 3323 542 3365 me
554 3301 712 3390 principos
724 3301 960 3380 exaltabuntur,
969 3318 1002 3369 et
1011 3309 1136 3394 tyranni

93 3431 179 3498 »per
194 3432 250 3475 me
266 3424 401 3500 regnant
416 3411 567 3478 terram‘.
590 3413 651 3477 »Et
666 3409 782 3479 Paulus
797 3425 905 3479 autem
920 3413 1087 3506 Apostolus
1103 3421 1135 3486 in

94 3515 153 3584 boe
168 3519 277 3607 ipsum
299 3521 343 3585 eit
358 3543 392 3585 :r
407 3520 564 3586 Omnibus
583 3521 791 3610 potestatibus
806 3519 1042 3592 sublimioribus
1058 3531 1134 3594 sub-

93 3653 105 3688 r
119 3627 197 3716 jeoti
208 3641 334 3696 estote:
349 3641 474 3698 nonest
488 3632 575 3698 euim
589 3641 727 3719 potestas
740 3631 799 3697 nisi
812 3655 829 3698 a
841 3633 919 3700 Deo.
936 3634 1015 3716 Quae
1027 3649 1134 3704 auteur

124 3764 237 3816 ¹ttarth.
249 3782 295 3826 xri,
309 3783 350 3836 ²9·

124 3847 210 3916 ²Csp.
224 3871 294 3906 mr.
307 3873 335 3921 p.
346 3853 393 3903 321
404 3862 431 3902 at
440 3869 493 3919 seq.
618 3845 624 3854 ⁸

125 3932 205 3985 tuuc.
216 3955 251 4002 rr,
262 3941 288 3990 6.
298 3969 332 3980 -
343 3939 354 3974 ⁶
367 3939 443 3992 Prov.
455 3955 505 3998 ur,
522 3955 543 3989 t·
556 3967 587 3980 ·-
597 3939 676 3992 ⁵1tttt.
688 3955 744 4004 vrri,
756 3942 793 3990 15.
