2570 4614
212 277 274 353 944
522 289 695 334 cnsuusrrs
720 290 932 334 snnxaunnnr

208 406 343 474 naturali
363 387 582 474 diffusioneab
598 405 683 473 almo
698 419 731 472 et
743 408 956 496 generationis
970 421 1106 490 auctore
1123 407 1198 474 Iino
1216 409 1258 476 ad

141 601 146 610 Ι
208 522 306 586 ubera
322 520 386 608 jam
398 518 556 607 turgentia
573 541 606 583 se
622 519 766 584 conferre
780 520 945 605 jubentur,
964 530 998 584 et
1013 517 1157 586 aealore
1174 541 1257 586 oon·

206 639 375 695 vertuntur
391 627 573 718 spirituum,
591 637 687 716 atque
697 628 740 694 itu
751 625 889 694 efficitur
905 626 1088 716 jucundum
1103 643 1140 694 et
1156 649 1254 696 suase

206 739 461 806 nutrimentum:
481 735 515 804 id
533 735 618 825 quod
638 748 781 804 mutatur
798 737 925 828 sanguis
946 749 1012 812 ectr
1037 724 1079 804 ex
1095 738 1254 804 omnibrn

206 849 293 915 euim
315 847 467 915 membris
491 845 667 912 maximum
686 847 808 914 babent
829 869 1021 914 consensum
1045 847 1154 912 ubera
1182 869 1255 914 cnm

207 959 350 1026 matrice.
372 958 434 1026 Ubi
447 958 534 1026 enim
552 957 586 1022 in
600 969 693 1044 partu
706 980 760 1024 vus
777 957 953 1024 abscissum
972 959 1069 1024 tirerit
1083 982 1149 1048 per
1169 960 1254 1048 qnod

207 1068 332 1158 sanguis
345 1067 388 1133 ad
406 1067 518 1134 foeturn
533 1066 749 1142 deferebatur,
766 1067 944 1132 obstruitur
958 1065 1092 1154 quidem
1109 1079 1252 1144 mentm,

207 1179 332 1268 sanguis
343 1189 451 1244 autem
462 1178 503 1243 ad
517 1177 614 1243 ubera
629 1174 814 1265 impellitur,
827 1189 946 1243 etcum
957 1175 1033 1243 illuc
1046 1176 1252 1265 permultum

206 1287 387 1361 defluxerit,
401 1284 628 1361 extenduntur,
643 1295 677 1350 et
692 1284 818 1373 sanguis
834 1285 866 1350 in
882 1283 931 1352 lac
946 1295 1109 1362 mutatur,
1124 1309 1198 1352 non
1210 1309 1251 1353 te·

206 1419 263 1462 cus
275 1419 314 1462 ac
325 1405 468 1462 mutatur
482 1394 608 1483 sanguis
623 1393 656 1461 iu
674 1417 736 1483 pus
751 1394 783 1459 iu
800 1393 994 1462 ulceratione
1014 1418 1023 1459 ε
1042 1396 1117 1462 sive
1130 1421 1151 1461 a
1167 1399 1250 1464 venis

205 1527 276 1593 quae
290 1504 438 1600 sitaasunt
452 1503 486 1568 in
501 1500 659 1580 mamillis,
675 1527 734 1592 per
748 1503 872 1570 loeturae
882 1505 1103 1572 ⁴distensiones
1120 1509 1247 1597 apertis,

206 1611 418 1690 innaturales
441 1611 653 1680 mamillarum
667 1617 827 1682 'mvemas
848 1615 975 1706 sanguis
994 1618 1244 1695 mussunditur,

203 1727 234 1790 ei
249 1737 357 1790 autem
377 1723 566 1788 commixtus
582 1723 636 1810 qui
652 1747 692 1788 ex
712 1723 823 1791 vicinis
843 1725 965 1792 arteriis
988 1727 1173 1804 emittitur,
1188 1730 1246 1818 spi-

204 1837 296 1910 ritus,
309 1845 457 1900 manente
473 1833 594 1920 integra
609 1856 680 1920 quse
695 1833 864 1922 subjicitur
879 1836 1038 1924 sanguinis
1051 1838 1238 1912 substantia,

207 1947 299 2012 undae
315 1946 413 2010 instar
424 1944 558 2033 agitatus
569 1942 714 2020 albescit,
730 1957 763 2009 et
777 1943 832 2030 tali
847 1945 1087 2036 interruptione.
1097 1947 1170 2014 ritu
1180 1972 1242 2038 spu

201 2081 262 2124 mae
288 2067 445 2131 mutatur,
469 2055 637 2122 affcctione
656 2057 795 2143 quadam
814 2057 844 2122 ei
866 2057 920 2145 qui
942 2057 1022 2124 mari
1042 2061 1165 2126 evenit
1187 2082 1245 2126 non

203 2165 351 2244 absimili,
368 2166 455 2256 quod
470 2167 600 2256 quidem
622 2172 726 2255 poc'tae
744 2165 857 2232 dicunt
883 2180 1053 2232 ventorum
1077 2169 1246 2236 concitum

202 2276 384 2354 insultibus,
398 2277 478 2343 solis
495 2278 876 2367 aspergincmcoepucre,·
893 2289 1124 2344 verumtamen
1144 2278 1247 2346 adbuc

200 2385 299 2468 babet
314 2385 474 2474 sanguinis
488 2385 708 2451 substantiam.
731 2385 853 2452 Eodem
871 2386 968 2452 modo
987 2385 1078 2452 ssusii
1103 2411 1245 2478 quoqne,

202 2496 279 2561 dum
290 2519 406 2584 magno
417 2495 562 2560 seruntur
571 2494 704 2584 impetu,
717 2494 902 2562 circumfusi
914 2495 994 2562 aiiris
1006 2496 1247 2588 interceptione

202 2603 366 2680 lancinati,
389 2627 534 2694 spumam
553 2627 629 2670 cnm
648 2626 813 2670 murmure
827 2604 1010 2693 exprimunt
1026 2627 1035 2669 ι
1053 2619 1091 2674 et
1112 2607 1246 2696 quodiu

202 2737 258 2780 ore
272 2726 381 2780 nostro
396 2725 443 2779 est
453 2712 635 2788 humidum,
652 2714 765 2802 spiritu
781 2713 962 2780 exalbescit.
979 2715 1089 2796 Quam
1104 2731 1157 2785 est
1177 2743 1247 2808 ergo

203 2823 377 2890 absurdum
391 2847 456 2890 non
473 2823 578 2899 fateri,
591 2823 777 2912 sauguinem
792 2825 825 2891 in
844 2848 918 2896 eum
935 2825 1097 2916 fulgorem
1110 2853 1247 2920 eamque

202 2933 383 3002 albedinem
409 2957 428 2999 a
458 2933 575 3023 spiritu
598 2933 759 2998 converti!
784 2934 875 3001 Hanc
897 2947 1005 3001 autem
1026 2941 1247 3008 mutationem

202 3041 334 3133 suscipit
350 3044 382 3108 iu
398 3039 561 3132 qualitate,
579 3064 645 3108 nou
663 3056 770 3108 autem
785 3043 817 3108 iu
834 3045 1032 3110 substantia?
1048 3045 1145 3115 Nihil
1164 3061 1248 3118 certe

202 3153 288 3241 quod
299 3150 413 3220 molius
426 3152 557 3230 nutriat,
574 3176 679 3242 neque
692 3154 779 3242 quod
797 3153 837 3219 sit
856 3153 979 3220 dulcius
995 3178 1056 3221 nec
1073 3158 1248 3226 candidius

202 3264 296 3341 lacte,
316 3264 482 3332 inveneris.
497 3265 553 3329 Est
567 3263 600 3330 id
618 3266 723 3353 itaque
740 3264 826 3330 omni
842 3287 882 3330 ex
895 3277 986 3354 parte
1005 3253 1173 3356 spirituali
1185 3297 1248 3338 nn-

202 3375 353 3440 trimento
368 3371 481 3449 simile,
501 3375 588 3463 quod
601 3387 650 3440 est
668 3375 798 3462 quidem
821 3373 914 3443 dulce
935 3389 1066 3467 propter
1091 3383 1247 3470 gratiam,

200 3483 343 3550 nutriens
366 3497 477 3550 'autem
505 3499 654 3574 tauquam
676 3487 751 3563 vita,
774 3487 948 3552 candidum
974 3501 1084 3556 autem
1111 3504 1152 3556 ut
1179 3495 1248 3559 dies

201 3593 329 3658 Christi.
349 3593 414 3660 Sed
424 3597 650 3686 etsanguiuem
661 3597 759 3664 Verbi
772 3610 934 3664 ostensum
943 3611 991 3664 est
1002 3623 1071 3666 esse
1087 3611 1249 3691 tanquam

203 3700 262 3767 lac.
281 3702 325 3766 Ea
342 3725 417 3792 ergo
439 3707 609 3773 rationein
628 3708 797 3797 puerperio
816 3707 1035 3797 dispensatum
1053 3707 1107 3778 lac
1127 3705 1248 3780 infanti

199 3810 469 3889 subministratur,
491 3825 524 3880 et
542 3817 654 3892 ubera,
675 3841 746 3906 quae
761 3817 889 3883 interim
908 3830 994 3884 recta
1011 3819 1117 3885 vuum
1139 3823 1247 3912 respi-

199 3920 336 3996 ciebant,
361 3921 425 4008 jem
443 3921 482 3987 ad
503 3923 643 4014 puellum
666 3924 870 4006 inclinantur,
887 3927 973 4019 quod
998 3941 1152 3998 enatura
1177 3929 1248 3998 ela—
