2448 4610
217 265 254 312 12
277 281 282 290 ·
523 260 695 308 ctrnttnttnts
721 260 930 306 ntnxtttmttttt

107 395 113 407 “
213 408 423 454 »tarenorum
440 396 597 475 potestas,
623 396 659 448 ut
673 383 741 474 regi
756 383 965 458 annuntient,
980 383 1032 448 sed
1047 394 1090 450 est
1100 381 1205 475 llern'n¹

212 495 317 570 »eoelo
327 494 467 567 revelans
482 495 527 560 ’.ι
545 493 605 558 Ubi
618 492 746 583 quidem
758 492 894 583 appellat
905 492 1047 578 sopientes
1058 491 1206 582 Babylonis

214 607 309 689 Quod
328 618 435 672 autem
458 603 623 694 Scriptura
644 603 823 691 sapientiam
849 601 987 692 appellet
1008 605 1155 670 communi
1176 639 1178 659 r
1205 642 1207 645 v

212 717 299 782 mino
315 737 444 782 omnem
457 715 651 782 mundanam
663 763 673 790 ,
687 714 751 780 sive
765 713 927 780 scientiam
937 762 948 787 ,
957 711 1029 790 sire
1044 725 1147 787 menn
1190 781 1192 783 ,

213 836 319 891 autem
330 834 404 890 sunt
420 820 612 911 disciplinae,
632 845 709 912 quas
728 822 856 914 insuper
872 820 1012 888 humana
1027 821 1105 888 ratio
1139 852 1152 879 ι
1166 858 1169 879 ι

211 913 280 1008 nil3
299 944 332 1000 et
351 932 471 1020 quoda
486 932 553 998 Deo
575 931 615 998 sit
635 930 738 998 omnis
758 930 926 998 artificiosa
941 942 976 1016 et
997 931 1179 1020 sapienia,
1199 986 1203 1000 ,

212 1042 276 1118 tio,
307 1040 508 1108 manifestum
531 1041 613 1118 erit,
645 1041 671 1106 si
697 1041 782 1108 hanc
810 1040 986 1106 dictionem
1011 1039 1176 1129 atlp-u'us

220 1150 284 1214 «Et
298 1147 422 1215 loeutus
440 1161 488 1214 est
504 1149 658 1216 Dominus
678 1150 719 1216 nd
741 1149 867 1225 Mosen,
888 1147 998 1215 dicens
1014 1173 1024 1214 τ
1038 1151 1118 1216 Ecce
1132 1173 1180 1214 rvr

123 1258 127 1267 '
208 1256 389 1334 »Beselee'l,
413 1256 514 1324 silium
534 1258 606 1334 Uri,
633 1256 689 1324 filii
708 1257 755 1322 Or
771 1257 909 1323 detribu
928 1257 1036 1334 luda,
1063 1270 1095 1324 et
1134 1292 1146 1315 n·
1161 1290 1178 1316 r

208 1389 304 1432 reum
325 1365 431 1433 (livino
450 1366 561 1455 spiritu
575 1367 753 1456 sapientiae,
773 1367 854 1432 utin
874 1366 962 1432 omni
978 1389 1108 1455 operer
1150 1367 1180 1448 'r'

209 1487 264 1542 aet
279 1474 503 1550 architectetur
518 1525 527 1551 ,
543 1487 694 1565 operetur
708 1499 821 1542 aurum
837 1487 869 1540 et
883 1487 1077 1565 argentum,
1092 1487 1121 1542 et
1131 1499 1181 1552 ns,

211 1583 460 1674 »hyacinthum
484 1596 516 1648 et
537 1592 712 1674 purpuram
732 1596 764 1652 et
785 1585 976 1663 coccinum,
996 1597 1031 1650 et
1048 1597 1084 1650 ut
1101 1609 1146 1650 oc
1166 1630 1169 1641 ‚

210 1718 328 1786 »opera
348 1693 469 1784 lapideo
480 1745 489 1771 ,
502 1707 535 1760 et
546 1693 691 1792 lsbrilem
703 1707 803 1762 ortem
816 1693 996 1786 lignorum,
1014 1717 1116 1784 usque
1128 1695 1172 1764 alr
1198 1698 1200 1702 ’

211 1803 285 1870 »nin
302 1826 396 1892 opera
407 1801 429 1867 ².
440 1803 583 1870 »Deinde
598 1827 672 1870 vero
685 1802 863 1892 generalem
875 1802 971 1869 insert
986 1804 1140 1871 rationem
1150 1827 1179 1868 :r

210 1904 569 2002 »cuilibet'intelligenti
589 1912 685 1979 corde
706 1911 777 1978 dodi
801 1911 1059 2001 intelligentium
1075 1942 1087 1974 r
1104 1913 1178 1980 hoc·

208 2023 257 2098 ei,
276 2021 329 2111 qui
344 2033 448 2110 potest
462 2021 563 2110 ipsam
579 2021 719 2112 recipere
735 2019 843 2086 labore
858 2033 890 2085 et
905 2021 1142 2088 exercitatione.
1162 2038 1174 2079 *r
1191 2087 1196 2094 ,

208 2155 261 2196 sus
287 2141 393 2198 autem
415 2143 522 2220 aperto
546 2131 699 2220 scriptum
723 2143 770 2196 est
790 2154 830 2196 ex
849 2130 980 2196 nomine
1002 2131 1172 2197 Dominitt
1191 2134 1210 2200 '1³'

208 2251 266 2304 rtu
289 2235 418 2327 loquere
434 2240 581 2306 omnibus
596 2240 788 2329 sapientibus
803 2251 932 2316 mente,
949 2263 1029 2328 quos
1046 2239 1157 2331 impleti

209 2350 294 2414 »ritu
307 2372 415 2414 sensus
428 2349 451 2414 ⁸.
466 2377 478 2410 r
494 2349 618 2415 Habent
630 2349 758 2438 quidem
771 2333 907 2436 aliquam
920 2347 1119 2438 peculiarem
1133 2384 1136 2407 ι
1154 2382 1157 2403 r

206 2460 457 2550 proprietatem,
480 2460 533 2548 qui
551 2472 624 2526 sunt
646 2461 800 2550 sopientes
814 2472 932 2526 mente.
950 2458 1125 2550 Duplicem
1145 2492 1162 2515 ·=
1185 2464 1188 2467 ’

208 2591 318 2634 sensus
334 2567 479 2656 spiritum
492 2569 650 2657 accipiunt
662 2570 701 2633 ab
714 2593 772 2645 ea,
785 2591 856 2659 quae
868 2580 916 2633 est
928 2567 1116 2660 principalis
1136 2604 1148 2615 ι
1180 2580 1182 2586 ’

209 2677 270 2754 tia,
287 2676 328 2752 ii,
351 2677 405 2766 qui
428 2701 461 2742 se
484 2677 567 2767 ipsos
582 2677 712 2744 idoneos
726 2677 948 2744 exhibuerunt.
968 2677 1034 2760 Qui
1050 2704 1093 2769 pe
1116 2712 1134 2719 ⁴·
1148 2712 1168 2735 r

211 2797 265 2852 tur
275 2786 361 2854 enim
373 2798 455 2854 artos
467 2786 622 2864 sordidos,
634 2789 776 2854 sensibus
787 2785 1061 2854 excellentissimis
1073 2789 1124 2854 irn
1153 2824 1155 2845 ·
1171 2820 1172 2833 ¹

211 2893 322 2963 auditu
341 2894 493 2982 quidem,
518 2895 570 2984 qui
595 2896 947 2962 dicitur'communiter
967 2897 1140 2965 musicus:
1164 2914 1189 2951 ν

208 3027 283 3070 vero
296 3053 314 3082 ,
329 3001 443 3093 figulus
463 3027 471 3068 ε
491 3015 524 3069 et
545 3025 621 3070 voce
636 3055 645 3082 ,
661 3015 774 3071 cantor
795 3029 804 3070 r
827 3004 967 3081 olfactu,
991 3029 1125 3096 unguen
1144 3039 1145 3043 ¹
1166 3005 1174 3020 ’

207 3113 296 3189 risu,
314 3113 368 3203 qui
384 3136 442 3188 oa,
459 3135 529 3200 qnae
548 3113 581 3178 in
603 3110 709 3202 sigillis
724 3113 966 3202 exprimuntur,
987 3126 1036 3179 ost
1051 3113 1177 3182 oaelantli

208 3220 328 3289 cultate
343 3221 502 3310 praeditus.
523 3221 587 3302 Qui
606 3235 711 3289 autem
726 3222 758 3288 in
774 3222 918 3290 doctriua
932 3235 1119 3304 versantur,
1140 3274 1143 3281 ,
1164 3254 1167 3277 r
1189 3288 1192 3293 ,

213 3331 344 3396 ditatam
366 3327 485 3396 habent
508 3330 772 3407 consensionem,
793 3354 851 3418 per
872 3353 968 3419 quam
989 3338 1097 3421 pois'tae
1117 3357 1159 3400 nn
1172 3364 1190 3375 .

212 3439 387 3506 dictionem
402 3438 563 3516 rhetores,
586 3451 618 3504 et
642 3437 837 3528 syllogismos
860 3437 1035 3516 dialectici,
1059 3453 1094 3506 et
1112 3437 1204 3530 pbil

209 3549 265 3640 phi
280 3549 520 3639 apprehendunt
537 3573 606 3615 cam
616 3600 624 3624 ,
636 3572 711 3637 quse
731 3549 770 3616 ad
786 3573 819 3615 se
832 3549 967 3640 pertinet
982 3598 991 3625 ,
1009 3563 1160 3618 contem·
1178 3588 1191 3599 ν

210 3681 295 3724 nem.
312 3659 361 3724 Ad
382 3658 605 3725 inveniendum
624 3659 710 3724 enim
727 3672 759 3723 ot
773 3660 1016 3748 excogitandum
1036 3685 1089 3726 res
1108 3673 1154 3726 est
1169 3681 1185 3725 t

210 3759 375 3834 consensio
391 3793 398 3834 :
413 3767 482 3836 haee
497 3769 583 3834 enim
598 3767 708 3833 studiis
724 3768 866 3835 altimum
879 3767 1039 3858 applicare
1055 3793 1131 3858 pers
1158 3766 1210 3825 ul·

251 3897 762 3968 ¹1buniel.1r,27,28.-²holm,
776 3896 1197 3964 a‚3,t‚5,6.-'llzotl.xmu.
