2522 4608
234 209 297 294 578
526 205 719 274 'clausuras
744 229 956 274 rimaremur

232 345 389 413 nameatis
404 345 592 411 abstineant.
609 345 690 425 Quae
704 346 810 434 itaque
826 345 981 434 cupiditas
996 345 1027 412 ia
1041 351 1206 418 auramlorai-

232 467 337 531 catur,
353 455 389 522 lit
412 437 545 531 idolum,
563 477 638 522 cum
661 457 732 544 igne
747 456 945 521 examinatur
962 481 970 521 ε
987 459 1037 524 cui
1055 460 1157 547 quidem
1170 461 1205 528 soli

233 578 433 634 reservantur
449 565 584 642 delicias,
602 577 638 630 ut
658 589 728 655 qaae
745 566 807 631 sint
827 565 1042 643 simulacrum,
1056 593 1110 634 nan
1122 572 1203 636 soritas.

233 677 316 742 Hinc
340 677 442 767 Logos
461 699 519 764 per
547 675 734 764 prophetam
756 659 906 742 llebraeos
927 679 1047 767 probris
1069 680 1203 747 instem:

242 789 423 876 «Argentea
440 797 473 851 et
493 809 601 860 aurea,
626 787 750 873 inquit,
770 786 915 854 lecerunt
930 787 1037 866 Baal¹‚
1052 819 1063 852 ι
1077 803 1205 856 ornamenta

233 896 364 963 scilicet.
383 899 422 962 Et
440 906 549 986 aperte
561 896 785 962 comminans:
806 923 818 957 ι
833 897 873 962 Et
884 898 1063 975 vindicabo,
1074 900 1166 987 inque,
1177 924 1205 965 sa-

234 1035 247 1070 »
263 1031 321 1096 per
332 1009 432 1098 ipsam
443 1007 510 1072 dies
522 1003 657 1082 Baalim,
672 1008 704 1072 ia
716 1007 871 1095 quibus-ei
883 1007 1078 1084 sacrificavit,
1089 1021 1115 1076 et
1126 1011 1205 1076 ianae

235 1145 248 1184 a
265 1118 294 1182 ei
315 1117 475 1206 apposuit,
492 1128 526 1181 et
545 1127 675 1204 torques
692 1114 797 1181 suos'.
815 1144 829 1178 a
844 1117 885 1181 Et
899 1129 1029 1183 ornatus
1049 1140 1150 1182 causam
1160 1118 1205 1181 sal·

235 1226 351 1316 jungit,
374 1225 483 1293 dicens
507 1249 515 1290 :
533 1252 546 1286 ι
564 1227 605 1293 Et
624 1224 798 1292 ambulavit
818 1238 891 1314 post
913 1238 1065 1292 amatores
1087 1249 1152 1296 suas,
1169 1226 1205 1290 uei

236 1365 256 1407 ι,
264 1347 372 1402 autem
384 1336 481 1402 oblita
493 1348 554 1413 est,
563 1336 641 1402 dicit
652 1336 822 1403 Dominus.
839 1321 945 1402 »Cum
957 1337 1024 1426 ipso
1033 1360 1099 1426 ergo
1110 1336 1205 1425 inprobo

236 1447 388 1535 sophista,
401 1445 528 1513 diabolo
540 1445 675 1524 scilicet,
689 1471 788 1537 nugas
803 1447 859 1513 has
875 1449 1063 1537 rejicientes,
1075 1471 1108 1512 ne
1120 1445 1204 1511 sintla

235 1558 285 1645 jus
304 1557 477 1623 meretricii
495 1569 626 1622 ornatus
643 1557 835 1646 participesss
849 1579 910 1624 neo
927 1581 986 1648 per
1002 1558 1204 1647 speciosanprr

236 1681 371 1742 textum,
389 1661 573 1734 idololatriae
588 1666 712 1732 crimen
728 1667 908 1732 admittant.
924 1665 1097 1734 Admodum
1105 1662 1204 1755 ergopal

236 1779 314 1846 chre
328 1778 407 1843 dixit
422 1780 532 1844 beatus
548 1777 664 1842 Paulus
679 1801 687 1842 :
704 1776 892 1853 «Mulieres,
909 1779 1031 1865 inquit,
1047 1776 1158 1843 similiter
1168 1797 1204 1840 aaa

237 1917 250 1951 a
265 1889 297 1953 in
308 1885 485 1976 plicaturis,
495 1885 543 1952 vel
555 1908 647 1963 auro,
659 1885 707 1951 vel
719 1887 908 1976 margaritis,
917 1886 968 1952 vel
979 1898 1060 1952 vesta
1070 1898 1202 1982 sumptam.

237 2023 249 2059 ι
265 1997 334 2072 sed,
350 1996 436 2084 quod
453 1996 546 2062 decet
560 1994 722 2072 mulieres,
739 1997 925 2086 profitentes
941 1999 1094 2086 pietatem,
1106 1997 1203 2085 pertua

236 2127 360 2194 »opera
385 2107 501 2194 seipsas
524 2105 704 2172 ornantes⁸.
730 2108 882 2173 »Etenim
905 2110 977 2195 jure
999 2111 1037 2174 ab
1057 2107 1203 2172 hisarnam

236 2217 345 2281 abesse
368 2217 470 2304 jubet.
494 2215 527 2282 si
551 2229 626 2282 sunt
644 2217 729 2284 enim
745 2214 900 2306 pulchre,
916 2215 1032 2282 sufficit
1049 2227 1138 2282 natura
1151 2232 1203 2277 :aaa

238 2321 411 2389 contendat
422 2345 473 2387 ars
484 2335 595 2388 contra
608 2335 772 2397 naturam
787 2322 850 2388 hoe
862 2334 922 2398 est,
935 2321 1019 2388 fraus
1030 2322 1136 2388 minime
1145 2318 1203 2406 trip

238 2453 312 2498 cum
328 2433 470 2498 veritate.
487 2431 543 2496 Sin
559 2443 666 2497 autem
677 2443 751 2497 sunt
766 2443 878 2498 natura
893 2443 1015 2520 turpes,
1027 2455 1062 2496 aa
1074 2432 1104 2495 iis
1115 2424 1203 2518 quasb'

238 2535 412 2627 applicant,
423 2539 510 2629 quod
521 2563 587 2604 non
602 2539 722 2606 babent
737 2551 884 2629 arguunt.
898 2541 959 2605 Eas
975 2563 1047 2629 ergo
1060 2535 1203 2628 qualilrita

137 2657 139 2663 '
238 2648 390 2723 serviunt,
412 2648 625 2738 frugalitatem
646 2650 794 2716 convenit
813 2646 972 2739 amplecti.
991 2647 1141 2739 Frugalitas
1156 2645 1203 2710 saia

238 2780 346 2822 revera
370 2781 481 2824 curam
498 2759 579 2847 gerit
599 2759 787 2833 sanctitatis,
804 2771 838 2823 ut
862 2781 933 2846 quae
953 2782 989 2824 ea
1006 2782 1072 2848 que
1088 2753 1204 2824 redundant

238 2879 393 2953 exaequet,
409 2880 441 2932 et
456 2891 474 2932 e
491 2864 685 2955 quibuslibet
699 2891 786 2944 eum,
803 2869 912 2955 quiex
927 2868 1141 2958 supervacaneis
1153 2861 1204 2951 oapi

239 2990 304 3053 tur,
317 2999 411 3043 usum
423 2977 586 3066 percipiat.
603 2974 701 3055 Quod
712 2978 798 3043 enim
809 2975 930 3065 lrugalo
941 2989 1002 3052 cst,
1016 2990 1048 3041 ut
1061 2971 1204 3066 ipsametisa

238 3110 356 3153 nomen
370 3087 503 3162 indicat,
520 3110 584 3153 nou
599 3088 730 3163 eminet,
747 3109 852 3174 neque
868 3085 932 3152 ulla
947 3087 980 3153 in
996 3111 1030 3152 ro
1044 3087 1074 3152 in
1087 3082 1205 3151 molano

239 3199 338 3286 surgit
360 3210 415 3262 aut
442 3182 630 3264 intumescit
635 3222 644 3271 ς
670 3197 726 3263 sed
748 3210 796 3262 est
820 3198 1002 3262 universum
1023 3196 1142 3285 planum,
1157 3188 1204 3258 ta.

238 3307 371 3397 aequale,
393 3319 425 3374 et
444 3308 575 3374 minime
590 3306 802 3396 superfluum,
817 3320 849 3372 et
871 3329 908 3372 ea
931 3307 971 3372 de
990 3329 1077 3374 causa
1092 3299 1203 3370 sufficias

240 3419 296 3484 Est
310 3431 418 3485 autem
434 3417 636 3493 sufficieutia,
654 3417 783 3484 habitus
799 3417 927 3504 quidam
944 3419 998 3505 qui
1014 3408 1204 3483 adsalutem

137 3605 142 3614 ¹
239 3528 397 3615 pervenit,
415 3527 458 3592 ita
475 3541 511 3594 ut
526 3550 629 3616 neque
645 3529 724 3615 quid
738 3527 830 3604 desit,
847 3549 954 3615 neque
971 3527 1120 3594 redundet.
1133 3521 1204 3584 bru

241 3648 348 3702 autem
380 3651 483 3703 mater
509 3650 556 3704 est
576 3639 715 3726 justitia;
739 3639 846 3704 nutrix
872 3639 1203 3715 antemnaeque

164 3791 167 3798 ι
241 3765 343 3834 graeoe
359 3744 475 3812 dicitur
486 3754 638 3828 αὐτάρκεια,
657 3761 791 3836 quaeest
805 3771 973 3837 perquam
988 3746 1114 3818 ananei
1124 3754 1202 3810 sanat:

274 3871 352 3922 ²0⁵0.
366 3889 393 3934 ιι,
405 3873 427 3923 8.
437 3901 467 3913 -
480 3871 572 3930 2'1bid.
586 3851 624 3926 1¹3.
637 3875 689 3918 -·⁸
704 3893 713 3928 ι
728 3877 796 3930 Tim.
808 3895 837 3940 n,
849 3894 875 3942 9,
890 3893 927 3928 ιο.
