2448 4610
152 233 217 310 Atio
470 247 643 292 οιιιιιιιιτιο
669 247 880 292 tonitruum

69 397 93 436 s·
154 387 218 453 que
232 363 331 430 robur
345 361 509 452 molosque
525 383 563 428 ιιο
576 361 750 450 proceritas
766 360 1026 454 eorporis-vitem
1046 410 1049 415 -
1065 378 1069 417 ῑ
1090 392 1093 399 ⁴
1130 390 1134 415 ι
1154 394 1156 419 ι

155 475 407 543 neemembrum
418 472 546 563 aliquod
557 471 612 538 dst
619 472 794 562 perniciem
799 497 809 546 ;
820 472 877 538 sed
889 494 1020 539 οιιιιιιιιιι
1030 473 1097 538 inu
1138 504 1172 531 :o

154 609 217 674 que
231 587 364 675 praebet,
379 606 451 674 quae
470 583 520 650 bis
534 583 639 649 animo
657 582 767 648 utitur.
787 582 930 657 Sustine,
949 583 1064 671 inquit,
1082 583 1111 648 si
1134 616 1139 639 ι
1157 583 1179 666 ’μ

154 706 186 762 te
201 696 234 761 in
251 694 364 762 sociem
380 693 511 768 eaedit‘3
527 694 580 761 eui
596 707 627 758 et
644 694 793 759 robustus
808 705 842 758 et
855 715 1012 782 prospers
1033 703 1129 758 utens
1178 730 1180 751 .

155 803 297 871 {etudine
312 802 467 869 obaudire
486 814 591 892 potest
598 826 609 877 s
627 812 661 868 et
675 811 787 868 contro
807 802 878 889 quis
898 799 1065 876 infirmus,
1091 830 1172 857 ooo·

154 913 329 1005 petulantia
344 915 415 1003 ejus
431 925 642 1002 transgressor
660 935 739 978 esse.
754 911 808 979 sto
821 923 854 977 et
870 933 983 977 rursus
995 933 1119 1000 egenus
1136 946 1139 965 ·
1158 946 1161 957 ‹

155 1019 229 1086 dnm
243 1032 277 1086 et
291 1020 395 1108 inops,
411 1018 638 1108 cupiditatibus
652 1018 760 1084 ebrius
775 1017 932 1090 extiterit;
950 1017 1073 1106 quique
1083 1017 1117 1082 di
1130 1018 1147 1051 ·'
1179 1024 1180 1027 ’

155 1129 276 1206 effluet,
296 1128 419 1194 sobrius
440 1139 473 1193 et
492 1149 611 1218 egsnru
633 1127 844 1216 voluptatum,
862 1149 982 1216 nempe
1003 1127 1118 1214 obseq
1155 1164 1158 1175 ·

59 1309 66 1324 ,
155 1236 275 1311 animo,
297 1234 439 1329 sedolps,
460 1235 630 1312 cordatus,
654 1235 807 1312 mundus,
829 1237 1017 1325 castigatus.
1045 1235 1081 1302 si
1125 1272 1134 1316 1,
1158 1264 1163 1287 ·

156 1346 243 1435 quod
257 1345 455 1434 potissimum
474 1345 679 1432 primumque
695 1344 791 1411 ritsm
807 1355 855 1410 est
872 1345 1085 1422 bobiturum,
1095 1347 1148 1412 on'
1159 1382 1169 1401 ιἸ

155 1466 216 1530 est,
240 1453 332 1540 eiquo
353 1452 449 1518 vitem
463 1462 604 1540 prestet,
620 1474 691 1540 quse
714 1449 760 1516 illi
780 1451 879 1518 virtus
900 1452 995 1539 qussi
1016 1452 1094 1518 adn
1108 1486 1114 1507 .-
1129 1486 1151 1509 νε

156 1574 253 1651 atque
268 1583 375 1629 eomes
390 1575 450 1635 est,
466 1561 579 1628 vitium
593 1572 701 1628 sutem
717 1561 815 1628 ritum
829 1562 978 1650 perimus
997 1575 1115 1652 operto
1138 1596 1159 1619 ι»

158 1683 233 1749 stst,
248 1673 349 1761 ipsum
363 1683 431 1736 tum
448 1693 561 1736 eorum
575 1694 707 1760 egenum
721 1695 793 1760 quae
808 1673 877 1760 quis
895 1672 1017 1739 divitiis
1034 1672 1171 1739 turen·

158 1781 352 1850 incolumem
363 1780 444 1858 fore,
458 1794 528 1847 tum
542 1781 580 1846 iis
591 1781 772 1846 effluentem
784 1803 855 1869 qun
869 1803 911 1846 ex
924 1780 1050 1848 divitiis
1062 1782 1161 1871 proe‘

157 1888 348 1965 inolescunt,
361 1889 491 1958 interitu
501 1888 719 1978 mergendum.
734 1889 801 1957 Nee
810 1891 877 1979 jorn
888 1888 965 1956 olibi
977 1914 1083 1978 quam
1096 1892 1129 1957 in
1145 1942 1147 1945 .

159 2022 219 2065 mae
233 2000 302 2088 ipso
316 2010 401 2066 stotu
414 2009 456 2066 ‘et
475 1997 657 2073 affectione,
674 2010 709 2064 ut
731 1998 799 2064 Deo
814 1998 1014 2086 obsequatur
1029 2022 1114 2066 mun
1124 2032 1146 2057 v·
1163 2032 1175 2055 ιι

158 2133 222 2200 que
243 2132 277 2175 se
296 2111 450 2200 praebeot,
470 2120 503 2176 et
525 2119 560 2174 ut
575 2106 836 2198 transgrediendo
850 2107 1002 2174 mondntn
1027 2109 1147 2176 vitium

159 2219 311 2288 malitiam
326 2219 465 2310 colliget,
482 2243 612 2288 orosam
627 2241 809 2307 quaeromus
829 2241 887 2284 eur
902 2218 973 2287 baeo
988 2220 1036 2286 its
1171 2262 1174 2269 ·

158 2331 314 2397 eveniunt.
516 2331 522 2342 '

157 2427 162 2437 ¹
203 2437 295 2506 xlx.
322 2437 404 2506 Vere
419 2437 516 2528 igitur
530 2440 693 2527 probeque
709 2436 795 2506 diros
809 2449 871 2514 est,
886 2437 941 2525 qui
956 2437 1063 2504 fretus
1079 2437 1176 2506 virtu

159 2547 219 2612 bus
240 2558 343 2611 estet
364 2547 472 2634 quovis
495 2547 621 2612 fortuna
643 2557 751 2614 snnote
774 2556 807 2610 et
827 2543 892 2613 fide
913 2547 960 2612 uti
978 2559 1117 2634 potest:
1168 2580 1180 2597 υ

161 2663 267 2720 sutem
279 2651 378 2726 dives,
390 2653 445 2741 qui
461 2662 557 2720 earne
569 2651 655 2720 diros
666 2663 727 2729 est,
739 2651 900 2740 vitemque
916 2651 1084 2720 transtulit
1097 2654 1142 2718 sd
1158 2684 1161 2691 ·
1178 2686 1180 2695 v

160 2760 309 2826 seriorem
328 2761 537 2828 substantium
550 2781 621 2848 qun
637 2761 779 2849 preterit
794 2772 891 2849 etque
904 2761 1030 2838 interit,
1047 2786 1089 2829 ao
1104 2785 1150 2851 qu
1166 2796 1178 2819 v

162 2869 267 2956 doque
285 2869 318 2936 in
340 2867 470 2936 ulterius
488 2891 621 2938 censum
638 2871 764 2945 transit,
780 2883 814 2936 et
833 2870 875 2936 nd
888 2883 1074 2940 extremum
1089 2896 1115 2940 n
1161 2873 1169 2888 '

160 2977 255 3070 plone
268 2979 384 3046 existit.
401 2977 522 3046 Rursus
537 2979 650 3046 eodem
665 2979 787 3049 ratione
801 2992 897 3046 estet
913 3003 1005 3048 verus
1023 3005 1164 3071 pauper,

161 3088 287 3178 spurius
297 3087 376 3156 nlius
386 3087 518 3177 salsique
530 3089 666 3159 nominis
673 3111 794 3178 proper
801 3090 1078 3179 existittquorum
1099 3126 1104 3149 ·
1123 3124 1128 3131 ·
1146 3126 1160 3149 ·.·
1177 3140 1179 3143 ,

162 3195 243 3263 elius
257 3221 379 3286 psuper
396 3197 510 3286 spiritu
526 3197 575 3274 bt,
592 3197 679 3286 quod
693 3209 742 3263 est
762 3199 944 3287 propriums
963 3197 1046 3266 alius
1066 3250 1071 3257 ‚
1095 3232 1098 3239 ’

162 3305 258 3383 sustu,
281 3307 368 3396 qood
389 3305 539 3374 alienum.
561 3306 671 3374 Mundi
694 3307 791 3396 igitur
811 3308 894 3375 festu
917 3305 1068 3398 pauperi,
1090 3334 1135 3380 se
1163 3344 1167 3365 ι

164 3414 250 3484 diros
262 3417 344 3484 vitiis
361 3417 414 3493 sit,
432 3440 497 3484 non
514 3417 568 3506 qui
584 3418 698 3508 spiritu
714 3440 836 3507 pauper
852 3429 884 3486 et
902 3420 1085 3488 secundum
1101 3421 1167 3488 De

164 3524 250 3592 dives
269 3527 395 3602 existet,
416 3525 556 3604 Recedo,
578 3529 635 3604 ait,
652 3529 692 3595 ob
710 3526 760 3595 bis
775 3551 853 3616 quos
871 3529 904 3598 in
923 3529 1033 3596 onimo
1049 3535 1185 3618 possr'o-⁴

163 3631 276 3703 olienis
287 3635 502 3714 facultatibus,
515 3648 551 3704 ut
562 3635 684 3706 mundo
695 3635 794 3705 eorde
805 3638 943 3706 evadens
954 3639 1067 3706 videns
1082 3639 1153 3706 boo
1165 3670 1188 3695 ο

165 3742 251 3832 quod
265 3757 298 3812 et
312 3744 370 3814 olio
386 3749 557 3818 vorborum
572 3745 672 3816 sonmo
687 3757 748 3823 est,
765 3759 802 3814 ut
822 3747 920 3816 intres
934 3748 968 3816 in
985 3771 1126 3837 regnum

198 3894 312 3946 1ΜιιῑΙι.
327 3911 353 3956 r,
365 3896 404 3961 ³9·
416 3895 479 3946 buo.
497 3911 532 3958 rr,
543 3913 582 3961 ²9·
593 3895 674 3948 scor.
686 3911 721 3956 nr,
734 3910 772 3945 so.
