2546 4614
421 374 550 421 ιιοιιιιιι
575 373 607 418 ru
632 375 846 422 rasurarum.
969 346 975 352 ’
1082 359 1147 446 459

1 499 2 506 '
117 520 176 566 non
190 495 347 562 Dominus
362 517 422 585 ego
443 519 531 570 sum;
551 496 703 585 privatus,
720 519 786 561 non
805 519 880 562 rex:
899 497 965 562 oris
979 519 1064 574 sum,
1081 519 1145 564 non

1 694 3 702 Ι
116 621 237 698 pastor3
250 608 362 681 homo,
370 630 437 672 non
449 607 545 673 Deus.
557 605 763 673 sterilitatem
773 607 883 672 matris
897 631 976 674 meae
987 631 1061 674 cum
1073 629 1147 672 nas-

1 712 2 733 *
117 741 201 786 cerer
212 715 303 793 solvi,
317 739 381 782 non
395 717 606 805 virginitatem
622 714 734 804 reliqui
749 715 897 784 sterilem.
917 719 1002 785 lnsra
1017 719 1145 794 emersi,

116 851 177 893 non
194 828 331 916 desuper
345 825 512 892 descendi.
529 825 630 890 Patris
646 824 786 914 linguam
807 824 911 916 ligavi,
927 851 992 893 non
1008 827 1147 895 divinam

116 938 245 1028 gratiam
261 935 431 1025 explicui¹.
446 936 474 1002 A
490 945 591 1002 matre
602 937 740 1024 agnitus,
753 959 817 1002 non
834 961 851 1002 a
866 936 954 1003 stella
966 937 1147 1028 presignili·

117 1062 202 1116 catus
217 1045 322 1114 sum’.
340 1045 460 1112 Tenuis
474 1068 533 1135 ego
548 1057 581 1112 et
596 1047 745 1111 minimus
761 1068 769 1109 ι
787 1046 871 1111 vonit
886 1057 992 1112 autem
1006 1059 1079 1137 post
1094 1071 1146 1113 me

5 1165 13 1176 '
116 1159 166 1246 qui
179 1171 251 1224 ante
262 1180 315 1223 me
326 1167 374 1222 est
382 1181 392 1230 ;
408 1168 480 1245 post
496 1179 547 1221 me
559 1156 688 1243 quidem
700 1156 822 1221 ratione
832 1157 998 1245 temporis,
1012 1171 1084 1222 anto
1094 1181 1146 1225 me

115 1278 221 1332 autem
235 1275 365 1353 propter
380 1265 578 1330 inaccessum
597 1275 630 1329 et
647 1261 858 1330 inenarrabile
876 1262 985 1329 lumen
1000 1263 1147 1330 divinita-

117 1375 185 1440 tis¹.
204 1373 300 1444 Venit
314 1374 426 1440 fortior
441 1397 506 1451 me,
523 1375 615 1461 cujus
631 1396 697 1440 nou
719 1396 790 1438 sum
807 1373 920 1462 dignus
938 1385 1067 1464 portare
1082 1372 1148 1440 cal-

118 1495 297 1557 ceamentaa
313 1484 379 1572 ipse
390 1507 445 1548 vos
456 1482 629 1571 baptizabit
640 1483 673 1548 iu
684 1481 804 1571 Spiritu
817 1494 926 1549 sancto
937 1494 970 1548 et
981 1484 1064 1572 igne.
1081 1484 1147 1572 Ego

5 1603 7 1640 ἒ
117 1593 263 1682 potestati
274 1593 439 1669 obnoxius,
452 1594 520 1682 ipse
534 1616 592 1681 per
602 1617 635 1658 se
647 1603 835 1681 potestatem
846 1593 978 1659 babens.
992 1593 1059 1682 Ego
1071 1615 1149 1682 pec·

6 1741 8 1752 =
116 1715 260 1771 catorum
274 1726 365 1780 rous,
381 1704 448 1793 ipso
462 1715 510 1768 est
524 1703 578 1790 qui
595 1702 698 1768 aufert
713 1713 843 1790 peccatu
856 1700 879 1768 ’.
898 1703 964 1790 Ego
980 1701 1082 1792 legem
1097 1703 1148 1767 in-

119 1811 223 1887 culco,
236 1812 286 1880 itta
297 1815 404 1904 gratiae
416 1812 521 1878 lucem
537 1811 674 1902 praelert.
689 1813 757 1900 Ego
772 1825 808 1876 ut
820 1835 928 1878 servus
939 1812 1082 1887 instituo,
1097 1805 1148 1877 ille

118 1923 239 2012 judicat
255 1935 290 1989 ut
305 1924 463 1990 dominus.
481 1921 557 1988 Mihi
574 1920 678 1988 solum
693 1920 794 1988 lectus
814 1933 874 1996 est,
892 1921 958 2009 ipso
973 1919 1090 1986 coelum
1104 1930 1149 1985 t'e

1 2051 2 2088 ὲ
117 2046 179 2098 net.
195 2033 261 2124 Ego
273 2033 466 2123 poenitentiae
481 2031 606 2121 baptizo
620 2032 823 2120 baptismate,
837 2029 889 2096 ille
902 2030 1081 2118 adoptionis
1094 2031 1147 2095 do

115 2155 170 2209 nat
179 2145 323 2233 gratiam.
337 2145 408 2234 lpse
420 2167 475 2209 vos
486 2143 608 2232 Spiritu
618 2154 729 2209 sancto
740 2153 772 2208 et
782 2143 854 2232 igne
864 2141 1047 2230 baptizabit.
1061 2141 1148 2220 Quid

111 2253 191 2319 mibi
204 2253 389 2319 attenditis?
398 2275 464 2318 non
474 2274 534 2342 ego
546 2253 690 2318 Christus
702 2275 783 2317 sum.

158 2361 213 2428 lv.
239 2365 316 2430 Haec
333 2363 475 2431 «loannes
496 2365 537 2430 ad
550 2361 707 2454 populum
728 2373 802 2430 oum
818 2362 960 2438 dixisset,
976 2376 1009 2429 et
1027 2361 1081 2430 hic
1093 2385 1143 2428 ar-

112 2473 209 2538 rectis
224 2471 380 2560 capitibus
391 2483 573 2561 expectaret
583 2493 701 2537 novum
712 2469 831 2561 aliquid
843 2470 1062 2562 spectaculum
1073 2495 1148 2539 ocu·

88 2645 93 2656 ,
112 2579 152 2645 lis
176 2580 318 2668 corporis
341 2601 484 2655 cernere,
501 2578 628 2647 diabolo
649 2581 806 2646 etiamad
827 2581 890 2648 boc
912 2581 1043 2648 «loannis
1058 2583 1148 2648 tosti-

113 2689 260 2754 monium
281 2687 441 2777 perculso,
463 2711 540 2756 ecce
562 2689 710 2756 dominus
731 2713 869 2780 praesens
890 2691 980 2757 adest
1002 2690 1147 2780 simplex,

112 2796 213 2872 solus,
229 2797 348 2874 nudus,
364 2797 431 2864 sine
448 2798 615 2874 comitatu,
630 2800 773 2866 humano
787 2822 922 2888 corpore
943 2797 1039 2865 veluti
1061 2811 1147 2866 reste

113 2907 257 2981 indutus,
270 2907 518 2996 dignitatemque
529 2909 700 2974 divinitatis
714 2908 891 2984 occultans,
904 2921 940 2973 ut
955 2907 1068 2974 lateret
1080 2909 1149 2976 ‹lra-

113 3015 203 3081 conis
220 3013 354 3082 fraudes.
375 3016 441 3082 Nec
455 3029 580 3084 tantum
596 3031 630 3083 ut
645 3019 800 3086 Dominus
816 3020 884 3086 sine
899 3018 985 3107 regio
1002 3017 1148 3086 satellitio

112 3124 320 3190 adJoannem
331 3126 475 3199 accessit,
485 3127 540 3192 sed
550 3126 831 3216 etiamutsimplex
841 3128 939 3194 homo
949 3142 983 3193 et
994 3129 1148 3194 obnoxius

40 3307 43 3312 ¹
112 3231 253 3320 peccatis
275 3243 372 3321 caput
390 3255 483 3296 suum
503 3232 664 3300 inclinarit
685 3249 720 3300 ut
738 3260 756 3301 a
776 3237 900 3302 loanne
921 3237 1144 3326 baptizaretur.

112 3343 208 3410 Unde
223 3341 275 3408 ille
291 3343 398 3408 ridens
414 3353 536 3410 tantam
551 3343 788 3424 demissionem,
800 3347 846 3412 rei
862 3347 1069 3412 admiratione
1081 3360 1150 3412 stu-

111 3477 192 3544 pens
203 3455 302 3542 ooepit
312 3476 385 3519 eum
397 3454 580 3543 prohibere,
591 3469 686 3545 atque
697 3470 732 3522 ut
743 3457 840 3524 modo
851 3457 1010 3523 audivistis
1022 3456 1063 3524 ad
1074 3479 1148 3524 eum

112 3564 193 3630 dixit
211 3587 219 3627 :
242 3563 332 3630 Mitt
347 3587 426 3653 opus
440 3580 486 3630 est
505 3564 671 3654 baptizari
684 3591 706 3631 a
722 3583 763 3643 te,
781 3583 812 3631 et
827 3583 863 3632 tu
877 3568 923 3631 ad
938 3589 991 3631 mc
1008 3563 1148 3632 oram?

113 3670 205 3751 Quid
217 3671 305 3747 facis,
318 3671 476 3738 Domine?
492 3673 588 3739 doces
604 3695 675 3762 quae
686 3697 760 3740 cum
773 3672 881 3763 regula
896 3697 960 3741 non
976 3677 1058 3742 bene
1074 3699 1150 3742 cou-

112 3792 245 3870 gruunt.
265 3779 335 3848 lllia
351 3781 391 3846 de
411 3793 443 3847 te
463 3781 644 3871 predicavi,
661 3796 694 3848 et
715 3781 775 3849 alia
794 3795 830 3848 tu
846 3783 926 3850 obis.
945 3783 1013 3851 Alia
1030 3786 1149 3852 audivit

113 3887 260 3955 diabolus
274 3899 308 3954 et
328 3889 387 3956 alia
403 3889 499 3956 ridet.
522 3889 649 3980 Baptiza
670 3901 703 3956 tu
721 3892 859 3982 moigne
875 3893 1057 3972 divinitatis,
1073 3892 1150 3981 quid

151 4004 159 4037 ¹
173 4005 234 4054 Luc.
246 4023 266 4064 ι,
276 4005 459 4058 no.-²blattb.
473 4025 502 4067 u,
513 4007 583 4072 p.-⁸
594 4009 667 4058 Joau·
681 4027 700 4069 1,
713 4008 796 4075 ape-⁶
806 4009 847 4059 lb.
860 4011 943 4076 asp-⁵
955 4009 1046 4060 blattlr·
1059 4023 1097 4067 ur,
1111 4008 1147 4066 tl·
