2614 4628
358 311 562 362 coaosrarro
588 319 628 361 an
651 321 781 368 usurus.
1024 317 1085 401 aly

42 424 293 513 panomphaeus,
307 427 467 497 scelerum
480 433 567 500 ultor
586 457 594 499 ε
618 437 682 505 ἰιιιο
697 443 802 529 potius
817 445 968 535 injustus,
985 455 1086 535 exlex,

40 531 236 624 flugitiusus,
252 539 384 629 impius,
399 544 606 624 inhumanus,
622 564 743 640 raptor,
764 535 935 647 stuprator,
950 566 1089 648 adulter,

46 641 192 712 lescivus.
211 645 335 714 Verum
349 662 430 719 tunc
443 666 512 719 erat
529 655 610 722 sorte
622 661 698 726 cur'n
714 660 782 730 talis
799 680 880 745 uret,
898 693 973 738 cum
991 675 1089 760 homo

21 783 25 792 ’
43 766 121 819 erat.
137 755 238 824 Nunc
252 768 363 824 eutem
373 761 452 828 mihi
470 763 545 853 ipsae
563 764 679 834 sehulae
695 783 805 848 vestrae
821 783 1024 850 consenuisse
1041 789 1091 854 vi·-

45 861 164 930 deutur
180 889 190 932 ε
211 865 343 957 Jupiter
360 893 425 937 nun
441 873 642 965 estamplius
665 879 775 958 druco,
792 905 857 951 uon
873 911 1006 977 cycnus,
1022 919 1089 965 non

43 972 162 1062 aquila,
193 998 262 1042 non
288 977 387 1044 homo
415 978 567 1056 lascivusr
593 1008 658 1051 non
679 987 764 1055 volat
784 990 883 1072 Deus,
912 1022 1086 1087 puerorum

43 1105 155 1149 amore
179 1108 248 1152 nou
270 1096 410 1166 tenetur,
434 1113 500 1157 non
519 1092 573 1158 det
587 1097 709 1174 oscula,
732 1123 796 1168 uon
813 1103 906 1173 affert
929 1111 1005 1190 rim,
1025 1115 1083 1182 etsi
1123 1187 1126 1192 ,

47 1192 150 1260 adhuc
166 1193 281 1262 multae
304 1196 368 1262 sint
381 1197 524 1287 pulchras
538 1201 700 1284 mulieres,
713 1207 798 1276 Lede
815 1212 1031 1300 formosiores,
1051 1239 1084 1291 et

49 1301 174 1384 Semele
190 1307 387 1396 vegetiorem
401 1308 618 1380 adolescentes
633 1317 730 1384 etiam
745 1321 851 1401 multi,
867 1329 921 1416 qui
936 1353 1012 1400 cum
1027 1334 1089 1402 for-

51 1435 109 1479 mae
122 1413 381 1503 pulchritudine,
397 1429 468 1485 tum
481 1419 636 1512 elegantia
651 1449 779 1496 morum
790 1430 928 1526 Phrygio
947 1441 1090 1512 bubulco

52 1536 209 1612 prestant.
238 1525 300 1593 Ubi
323 1549 399 1594 vero
417 1553 505 1597 nunc
525 1546 574 1598 est
593 1535 697 1624 aquila
713 1537 790 1606 illai'
805 1545 860 1611 ubi
877 1553 1020 1636 cycnus?
1034 1559 1089 1624 uhi
1130 1615 1133 1620 ,

52 1645 157 1700 eutem
175 1637 244 1725 ipse
261 1635 410 1726 Jupiter?
422 1639 490 1707 Una
506 1664 582 1708 cum
596 1648 708 1734 pennis
719 1657 910 1722 consenuit:
926 1680 989 1728 nec
1002 1667 1093 1743 enirn¹

54 1741 184 1834 legim
204 1770 283 1814 eum
301 1761 357 1813 aut
382 1773 515 1818 suorum
536 1777 681 1822 emeram
704 1763 902 1849 poenituisse,
928 1786 984 1839 eut
1006 1786 1089 1841 tem-

56 1855 230 1941 perantiam
258 1855 417 1923 didicisse.
447 1858 512 1927 Sed
538 1861 644 1932 fabule
666 1867 736 1936 haec
758 1875 888 1942 tendum
914 1881 1087 1974 detegitur,

63 1975 188 2028 mortue
200 1975 246 2029 est
258 1964 356 2042 leda,
373 1980 520 2036 mortuus
535 1993 811 2061 cycnus-mortua
830 1989 944 2076 equile.
972 1995 1088 2074 Quaere
1159 2021 1167 2028 ·

69 2081 159 2136 mum
172 2069 279 2138 iorem
292 2097 300 2140 ι
311 2097 352 2140 ne
364 2098 440 2142 vero
453 2077 583 2157 crelam,
604 2083 661 2150 sed
681 2087 798 2157 'terram
814 2103 975 2168 scruteris.
998 2104 1087 2173 lndi-

70 2179 154 2246 cshit
174 2179 242 2258 tihi,
262 2184 339 2272 apud
359 2209 457 2275 quem
476 2189 618 2280 sepultus
643 2207 703 2273 est,
726 2197 883 2272 Cretensis
902 2209 934 2276 ia
954 2212 1087 2300 llymnis

65 2285 270 2357 Callimachus
286 2315 295 2355 ε

136 2467 144 2481 .
160 2466 168 2479 .
185 2465 193 2480 .
209 2469 217 2482 .
231 2427 337 2485 etenim
351 2428 532 2508 sepulcrum,
545 2453 563 2492 o
578 2437 642 2494 Rex
650 2480 659 2509 ,
673 2449 755 2498 tunm

133 2527 284 2585 Cretenses
296 2526 484 2590 fabricarunt.
502 2576 509 2589 .
525 2579 532 2592 .
549 2579 557 2592 .
574 2579 581 2592 .

53 2671 192 2741 llortuus
212 2677 302 2744 enim
325 2692 374 2745 est
395 2681 532 2772 Jupiter,
549 2710 590 2753 ue
614 2699 851 2774 commovearis,
877 2715 913 2768 ut
927 2705 1025 2789 Leda,
1043 2727 1078 2780 ut

54 2804 182 2872 cycnus,
205 2797 245 2852 ut
263 2787 382 2876 aquila,
406 2803 442 2856 ut
457 2793 555 2861 homo
577 2800 737 2869 amoribus
760 2805 896 2890 deditus,
917 2829 952 2882 ut
971 2821 1080 2892 draco.

54 2891 238 2974 Quinetiam
257 2897 317 2986 ipsi
337 2899 391 2987 qui
412 2897 475 2968 hac
498 2926 594 2992 prava
616 2922 689 2975 sunt
709 2912 823 2982 imbuti
848 2929 1085 3013 superstitione,

54 3004 194 3072 videatur
217 3007 351 3074 tandem
370 3033 446 3076 suos
475 3014 515 3080 de
541 3016 600 3082 diis
620 3043 757 3104 errores,
780 3035 923 3116 quamvis
944 3038 1033 3107 inviti
1054 3058 1087 3110 et

52 3137 129 3204 pene
141 3116 356 3197 reluctantes,
372 3121 619 3211 deprehendisse
635 3155 645 3196 ε

123 3270 194 3327 Non
207 3269 288 3327 enim
301 3289 319 3328 a
332 3291 442 3349 quercu
454 3295 484 3334 es
499 3278 630 3358 antiqua,
644 3303 739 3364 usque
750 3308 766 3348 a
778 3305 877 3370 petra,

123 3368 182 3429 Sed
198 3369 354 3432 homiuum
367 3393 404 3434 ex
416 3396 522 3455 genere
532 3399 563 3439 es
564 3428 668 3445 .....

55 3509 159 3583 Stetim
174 3539 255 3584 veru
278 3520 479 3612 invenientur
495 3527 593 3600 iidem
614 3544 647 3597 et
668 3559 806 3621 quereus
818 3563 899 3621 esse,
919 3559 952 3613 et
965 3568 1076 3641 petroe.

52 3615 157 3693 «lesem
180 3629 274 3696 enim
294 3634 463 3720 quemdam
478 3637 754 3730 Agamemnonem
768 3647 897 3739 Sparte,
908 3657 968 3725 coli
984 3664 1082 3731 refert

54 3727 232 3825 Stephylus'.
250 3739 425 3811 Phanocles
449 3761 569 3827 sutem,
592 3752 627 3818 in
650 3750 733 3821 liltro
752 3767 847 3846 quem
862 3767 1003 3839 Arauros
1024 3799 1081 3843 sen

54 3836 185 3912 rm
205 3847 388 3940 inscripsit,
414 3872 572 3956 memorat
601 3861 872 3952 Agamemnonem
896 3877 1082 3954 Graecorum

54 3971 155 4041 regem
175 3957 337 4047 templum
360 3963 520 4056 Argyunae
539 3969 685 4054 Veneris,
709 3977 741 4045 in
765 3987 952 4056 memoriam
976 3998 1082 4062 amasii

856 4120 903 4161 10.
