2738 4628
205 207 245 248 l0
527 205 640 250 SANC'l’l
665 205 779 249 tantm
803 206 864 248 tln.
888 208 906 248 V

78 300 91 352 ¹¹
199 319 471 408 quemadmodum
492 320 705 395 ostendimus;
727 321 799 410 quis
814 325 987 410 potentior,
1010 335 1042 389 et
1062 324 1186 400 lortior,
1215 336 1254 388 et

200 455 274 496 vere
290 433 393 496 bonus
409 430 609 497 ostenditur?
625 443 733 498 utrum
749 431 950 523 Demiurgus,
968 434 1022 520 qui
1039 445 1143 500 totum
1158 433 1247 498 vivi-

199 540 275 607 sreat
290 541 470 612 hominem
487 562 527 605 sn
543 537 620 606 falso
635 541 878 630 cognominatus
893 544 1035 633 ipsorum
1045 541 1159 610 Pater?
1171 543 1245 622 Qui

199 651 382 739 sequidem
406 673 475 739 quse
493 663 568 716 sunt
588 666 701 718 natura
724 651 926 730 immortalia,
943 653 1060 743 quibus
1073 677 1091 720 a
1105 677 1162 720 sua
1180 676 1248 718 ner·
1344 661 1352 666 “

201 773 274 850 ture
289 761 378 827 adest
396 762 513 836 vivere,
532 759 623 849 fingit
645 784 678 826 se
696 761 876 836 vivificaret
897 762 1012 850 quibus
1035 775 1143 828 autem
1162 784 1250 850 opus

203 881 250 935 est
265 871 305 934 ob
321 891 360 934 eo
375 867 570 956 adjutorium
586 877 622 932 ut
636 861 755 943 urant,
768 890 833 934 non
848 867 1009 935 vivificans
1024 865 1077 936 illo
1088 867 1246 956 benigne,

203 979 261 1046 sed
280 977 463 1067 relinquens
486 975 537 1042 illa
557 976 752 1066 negligenter
767 978 800 1044 in
815 991 962 1044 mortem.
987 977 1101 1044 Utrum
1116 1001 1194 1068 ergo
1208 989 1247 1043 et

201 1088 252 1162 lris
274 1089 371 1155 sitam
393 1086 487 1152 Pater
506 1085 661 1174 ipsorum,
681 1109 756 1153 eum
772 1087 872 1174 possit
892 1098 1056 1176 praestare,
1073 1109 1138 1154 non
1157 1108 1247 1174 prae-

203 1209 282 1272 stet3
299 1221 339 1264 an
360 1220 435 1264 cum
456 1218 521 1262 non
539 1195 663 1289 possiti
677 1193 712 1262 Si
727 1196 855 1285 quidem
872 1220 946 1264 cum
965 1219 1029 1264 non
1045 1196 1156 1285 possit,
1173 1197 1245 1286 jem

201 1332 267 1375 non
289 1319 402 1397 potens
422 1318 484 1382 est,
501 1328 605 1394 neque
626 1305 787 1396 perlectus
808 1329 903 1395 super
920 1306 1155 1396 Demiurgum:
1175 1305 1247 1372 lle-

75 1417 81 1434 ’
202 1418 345 1506 miurgus
363 1416 450 1482 enim
466 1427 607 1502 praestat,
623 1414 895 1504 quemadmodum
911 1415 1000 1484 adest
1018 1414 1138 1490 videre,
1153 1415 1247 1504 quod

201 1527 256 1594 ille
274 1549 340 1594 non
360 1537 464 1615 potest
485 1535 644 1614 prestare.
669 1524 705 1592 Si
725 1539 834 1592 eutem
856 1548 932 1593 eum
953 1526 1052 1615 possit
1076 1538 1244 1614 praestare,

202 1660 267 1704 non
284 1648 430 1726 prestet}
446 1635 512 1722 jum
527 1657 591 1700 non
606 1634 710 1700 bonus
725 1634 915 1710 ostenditur,
929 1632 985 1700 sed
997 1633 1122 1701 invidus
1132 1644 1166 1700 et
1176 1657 1247 1701 ma-

203 1747 305 1836 lignus
320 1745 423 1812 Potor.

241 1855 282 1937 ,st
305 1866 413 1922 autem
437 1867 471 1920 et
496 1876 624 1922 oensem
650 1852 790 1942 aliquem
809 1854 958 1930 dixerint,
981 1876 1040 1945 per
1053 1877 1151 1944 quem
1174 1877 1244 1922 non

202 1964 342 2034 rivilieat
364 1987 499 2054 corpora
522 1964 616 2034 Pater
636 1955 916 2055 ipsorumt'ipsam
938 1987 1067 2032 eausam
1085 1966 1246 2054 majorem

203 2097 333 2142 neeesse
348 2086 397 2140 est
411 2095 564 2163 apparere
578 2095 674 2162 quam
688 2071 830 2150 Patrem,
845 2074 1044 2141 obtinentem
1061 2074 1244 2163 benignita-

201 2197 272 2250 tem
284 2183 355 2272 ejus
372 2203 382 2248 t
396 2193 430 2247 et
443 2179 658 2248 infirmabitur
671 2179 849 2270 benignitas
862 2182 946 2270 ejus,
962 2194 1092 2271 propter
1112 2203 1244 2250 musam

200 2315 274 2360 eam
286 2313 357 2381 quae
371 2291 413 2358 als
427 2291 503 2382 ipsis
519 2291 647 2358 dieitur.
663 2289 825 2370 Quoniam
838 2300 946 2358 sotem
962 2302 1096 2380 possunt
1106 2313 1242 2381 corpore

201 2403 366 2494 percipere
381 2401 491 2477 vitam.
503 2401 651 2468 omnibus
667 2397 774 2466 videre
789 2412 847 2466 est.
861 2399 979 2469 vivunt
993 2402 1081 2468 enim
1096 2401 1128 2468 in
1143 2426 1246 2491 quen·

202 2527 274 2579 turn
288 2535 326 2580 ea
340 2510 427 2580 Deus
438 2509 506 2578 rnlt
520 2509 647 2577 vireret
662 2509 775 2597 etjam
791 2493 856 2576 non
871 2523 1004 2599 possunt
1018 2511 1139 2590 disere,
1154 2515 1245 2602 quod

143 2687 146 2693 ,
202 2622 335 2688 minime
349 2617 475 2686 valeant
493 2619 590 2686 ritem
609 2637 735 2705 capere.
754 2614 790 2682 Si
808 2618 906 2708 igitur
920 2631 1052 2710 propter
1067 2612 1256 2690 necessita-¹

203 2744 271 2798 tem
285 2739 319 2798 et
333 2750 461 2797 eausam
484 2725 578 2796 aliam
593 2724 763 2815 quamdam
779 2749 844 2793 non
858 2726 1070 2805 vivifieantur,
1087 2752 1157 2818 que
1170 2754 1245 2821 pos-

203 2851 279 2907 sunt
298 2837 488 2929 participare
507 2833 621 2909 vium
644 2833 706 2899 erit
724 2835 904 2918 neeessitsti
926 2848 959 2902 et
980 2859 1083 2904 causas
1101 2841 1242 2908 serviens

203 2949 297 3017 Patet
310 2949 465 3038 ipsorum,
484 2957 518 3013 et
531 2967 597 3012 non
615 2944 682 3034 jam
704 2941 786 3012 liber
799 2956 832 3012 et
850 2965 915 3012 sue
933 2947 1096 3035 potestatis
1111 2948 1145 3015 in
1163 2973 1222 3018 sen

203 3057 313 3126 tentia.

256 3241 293 3323 [Γ
313 3239 365 3306 Ex
384 3237 451 3306 Dei
466 3230 728 3304 conservatoris
746 3227 942 3329 potestate¹
964 3259 971 3301 :

252 3390 413 3472 Quoniam
435 3401 542 3457 autem
567 3389 669 3458 multo
694 3403 839 3479 tompore
865 3403 1067 3479 perseverent
1091 3417 1240 3484 corpora,

204 3504 239 3571 in
253 3512 408 3590 quantum
423 3497 543 3587 placuit
552 3499 621 3567 Deo
635 3501 717 3592 hene
731 3499 869 3576 hebere,
883 3499 989 3590 legant
1000 3501 1194 3595 Scripturas,
1207 3517 1242 3572 et

205 3611 367 3680 invenient
382 3631 436 3674 eos
451 3609 506 3698 qui
523 3621 598 3676 ante
613 3632 671 3676 nos
685 3607 826 3686 luerunt,
844 3610 1072 3700 septingentos,
1087 3626 1120 3680 et
1135 3614 1242 3682 ontin-

203 3731 328 3813 gentos,
345 3731 379 3785 et
392 3731 567 3808 nongentos
584 3742 683 3787 annos
698 3741 937 3808 supergressus:
951 3734 984 3787 et
1000 3724 1242 3812 consequeban-

240 3854 251 3889 ¹
261 3854 329 3918 (lep.
338 3867 363 3914 v,
373 3867 400 3916 p.
413 3849 459 3915 298
467 3859 491 3900 et
502 3866 557 3914 seq.
