<?xml version="1.0" encoding="UTF-8"?>
<!DOCTYPE html PUBLIC "-//W3C//DTD XHTML 1.0 Transitional//EN"
    "http://www.w3.org/TR/xhtml1/DTD/xhtml1-transitional.dtd">
<html xmlns="http://www.w3.org/1999/xhtml" xml:lang="en" lang="en">
 <head>
  <title>
</title>
<meta http-equiv="Content-Type" content="text/html;charset=utf-8" />
  <meta name='ocr-system' content='tesseract 3.04.00' />
  <meta name='ocr-capabilities' content='ocr_page ocr_carea ocr_par ocr_line ocrx_word'/>
</head>
<body>
  <div class='ocr_page' id='page_1' title='image "./collectioselect00guilgoog_0906.png"; bbox 0 0 2546 4614; ppageno 0'>
   <div class='ocr_carea' id='block_1_1' title="bbox 210 310 828 387">
    <p class='ocr_par' dir='ltr' id='par_1_1' title="bbox 210 310 828 387">
     <span class='ocr_line' id='line_1_1' title="bbox 210 310 828 387; baseline 0.003 -13"><span class='ocrx_word' id='word_1_1' title='bbox 210 310 274 387; x_wconf 68' lang='lat' dir='ltr'><strong>dio</strong></span> <span class='ocrx_word' id='word_1_2' title='bbox 608 333 632 374; x_wconf 90' lang='lat' dir='ltr'><strong>s.</strong></span> <span class='ocrx_word' id='word_1_3' title='bbox 660 331 828 376; x_wconf 76' lang='lat' dir='ltr'><strong>meremur</strong></span> 
     </span>
    </p>
   </div>
   <div class='ocr_carea' id='block_1_2' title="bbox 207 451 1264 3973">
    <p class='ocr_par' dir='ltr' id='par_1_2' title="bbox 208 451 1264 2189">
     <span class='ocr_line' id='line_1_2' title="bbox 211 451 1213 548; baseline 0.004 -24"><span class='ocrx_word' id='word_1_4' title='bbox 211 481 281 533; x_wconf 84' lang='lat' dir='ltr'><strong>nes,</strong></span> <span class='ocrx_word' id='word_1_5' title='bbox 294 451 435 546; x_wconf 80' lang='lat' dir='ltr'><strong>apostole</strong></span> <span class='ocrx_word' id='word_1_6' title='bbox 445 467 477 524; x_wconf 87' lang='lat' dir='ltr'><strong>et</strong></span> <span class='ocrx_word' id='word_1_7' title='bbox 487 457 614 524; x_wconf 84' lang='lat' dir='ltr'><strong>Domini</strong></span> <span class='ocrx_word' id='word_1_8' title='bbox 625 458 793 548; x_wconf 78' lang='lat' dir='ltr'><strong>discipule,</strong></span> <span class='ocrx_word' id='word_1_9' title='bbox 804 459 965 548; x_wconf 75' lang='lat' dir='ltr'><strong>quidnam</strong></span> <span class='ocrx_word' id='word_1_10' title='bbox 976 460 1093 526; x_wconf 84' lang='lat' dir='ltr'><strong>audisti</strong></span> <span class='ocrx_word' id='word_1_11' title='bbox 1103 472 1134 526; x_wconf 87' lang='lat' dir='ltr'><strong>et</strong></span> <span class='ocrx_word' id='word_1_12' title='bbox 1143 463 1213 528; x_wconf 57' lang='lat' dir='ltr'><strong>ri&amp;</strong></span> 
     </span>
     <span class='ocr_line' id='line_1_3' title="bbox 212 567 1215 658; baseline 0.005 -24"><span class='ocrx_word' id='word_1_13' title='bbox 212 569 253 634; x_wconf 87' lang='lat' dir='ltr'><strong>de</strong></span> <span class='ocrx_word' id='word_1_14' title='bbox 269 567 441 658; x_wconf 75' lang='lat' dir='ltr'><strong>Babylone.</strong></span> <span class='ocrx_word' id='word_1_15' title='bbox 459 569 682 658; x_wconf 77' lang='lat' dir='ltr'><strong>Expergisoere</strong></span> <span class='ocrx_word' id='word_1_16' title='bbox 699 581 733 634; x_wconf 87' lang='lat' dir='ltr'><strong>et</strong></span> <span class='ocrx_word' id='word_1_17' title='bbox 747 569 882 658; x_wconf 84' lang='lat' dir='ltr'><strong>loquere</strong></span> <span class='ocrx_word' id='word_1_18' title='bbox 902 592 911 634; x_wconf 74' lang='grc' dir='ltr'><strong>ε</strong></span> <span class='ocrx_word' id='word_1_19' title='bbox 935 593 1016 636; x_wconf 82' lang='lat' dir='ltr'><strong>nam</strong></span> <span class='ocrx_word' id='word_1_20' title='bbox 1034 582 1069 635; x_wconf 89' lang='lat' dir='ltr'><strong>et</strong></span> <span class='ocrx_word' id='word_1_21' title='bbox 1089 571 1150 638; x_wconf 72' lang='lat' dir='ltr'><strong>hee</strong></span> <span class='ocrx_word' id='word_1_22' title='bbox 1162 574 1215 639; x_wconf 82' lang='lat' dir='ltr'><strong>teir</strong></span> 
     </span>
     <span class='ocr_line' id='line_1_4' title="bbox 212 677 1215 770; baseline 0.003 -25"><span class='ocrx_word' id='word_1_23' title='bbox 212 678 341 748; x_wconf 79' lang='lat' dir='ltr'><strong>exilium</strong></span> <span class='ocrx_word' id='word_1_24' title='bbox 352 677 499 770; x_wconf 76' lang='lat' dir='ltr'><strong>relegavit</strong></span> <span class='ocrx_word' id='word_1_25' title='bbox 510 703 519 744; x_wconf 73' lang='grc' dir='ltr'><strong><em>ε</em></strong></span> <span class='ocrx_word' id='word_1_26' title='bbox 531 682 595 745; x_wconf 77' lang='lat' dir='ltr'><strong>«Et</strong></span> <span class='ocrx_word' id='word_1_27' title='bbox 608 679 693 746; x_wconf 81' lang='lat' dir='ltr'><strong>venit</strong></span> <span class='ocrx_word' id='word_1_28' title='bbox 704 702 788 745; x_wconf 84' lang='lat' dir='ltr'><strong>uuus</strong></span> <span class='ocrx_word' id='word_1_29' title='bbox 799 681 840 746; x_wconf 90' lang='lat' dir='ltr'><strong>de</strong></span> <span class='ocrx_word' id='word_1_30' title='bbox 850 694 978 770; x_wconf 79' lang='lat' dir='ltr'><strong>neptem</strong></span> <span class='ocrx_word' id='word_1_31' title='bbox 990 679 1121 770; x_wconf 79' lang='lat' dir='ltr'><strong>Angelis</strong></span> <span class='ocrx_word' id='word_1_32' title='bbox 1129 683 1215 770; x_wconf 70' lang='lat' dir='ltr'><strong>qna-</strong></span> 
     </span>
     <span class='ocr_line' id='line_1_5' title="bbox 211 789 1211 880; baseline 0.004 -28"><span class='ocrx_word' id='word_1_33' title='bbox 211 817 227 852; x_wconf 79' lang='lat'><strong>»</strong></span> <span class='ocrx_word' id='word_1_34' title='bbox 242 791 359 858; x_wconf 86' lang='lat' dir='ltr'><strong>bebant</strong></span> <span class='ocrx_word' id='word_1_35' title='bbox 372 802 491 880; x_wconf 85' lang='lat' dir='ltr'><strong>septem</strong></span> <span class='ocrx_word' id='word_1_36' title='bbox 504 789 639 880; x_wconf 83' lang='lat' dir='ltr'><strong>pbiains,</strong></span> <span class='ocrx_word' id='word_1_37' title='bbox 651 803 684 857; x_wconf 88' lang='lat' dir='ltr'><strong>et</strong></span> <span class='ocrx_word' id='word_1_38' title='bbox 694 789 822 858; x_wconf 88' lang='lat' dir='ltr'><strong>loeutus</strong></span> <span class='ocrx_word' id='word_1_39' title='bbox 833 804 881 858; x_wconf 80' lang='lat' dir='ltr'><strong>est</strong></span> <span class='ocrx_word' id='word_1_40' title='bbox 892 793 988 870; x_wconf 89' lang='lat' dir='ltr'><strong>mibi,</strong></span> <span class='ocrx_word' id='word_1_41' title='bbox 1003 792 1137 859; x_wconf 79' lang='lat' dir='ltr'><strong>dioens:</strong></span> <span class='ocrx_word' id='word_1_42' title='bbox 1151 793 1211 870; x_wconf 73' lang='lat' dir='ltr'><strong>iai,</strong></span> 
     </span>
     <span class='ocr_line' id='line_1_6' title="bbox 212 901 1205 992; baseline 0.007 -29"><span class='ocrx_word' id='word_1_43' title='bbox 212 928 228 963; x_wconf 75' lang='grc' dir='ltr'>ι</span> <span class='ocrx_word' id='word_1_44' title='bbox 241 901 402 968; x_wconf 73' lang='grc' dir='ltr'><strong>ωιοηὼω</strong></span> <span class='ocrx_word' id='word_1_45' title='bbox 415 901 474 968; x_wconf 76' lang='lat' dir='ltr'><strong>t&#39;dri</strong></span> <span class='ocrx_word' id='word_1_46' title='bbox 488 901 728 968; x_wconf 84' lang='lat' dir='ltr'><strong>damnationem</strong></span> <span class='ocrx_word' id='word_1_47' title='bbox 739 901 916 969; x_wconf 83' lang='lat' dir='ltr'><strong>bieretrieis</strong></span> <span class='ocrx_word' id='word_1_48' title='bbox 927 925 1072 992; x_wconf 70' lang='lat' dir='ltr'><strong>magna,</strong></span> <span class='ocrx_word' id='word_1_49' title='bbox 1082 927 1148 992; x_wconf 69' lang='lat' dir='ltr'><strong>qua</strong></span> <span class='ocrx_word' id='word_1_50' title='bbox 1156 907 1205 970; x_wconf 73' lang='lat' dir='ltr'><strong>eir</strong></span> 
     </span>
     <span class='ocr_line' id='line_1_7' title="bbox 212 1011 1201 1104; baseline 0.007 -31"><span class='ocrx_word' id='word_1_51' title='bbox 212 1035 333 1102; x_wconf 61' lang='lat' dir='ltr'><strong>‚super</strong></span> <span class='ocrx_word' id='word_1_52' title='bbox 345 1033 441 1100; x_wconf 81' lang='lat' dir='ltr'><strong>aquas</strong></span> <span class='ocrx_word' id='word_1_53' title='bbox 462 1011 592 1090; x_wconf 84' lang='lat' dir='ltr'><strong>multae,</strong></span> <span class='ocrx_word' id='word_1_54' title='bbox 608 1035 686 1079; x_wconf 86' lang='lat' dir='ltr'><strong>oum</strong></span> <span class='ocrx_word' id='word_1_55' title='bbox 699 1036 762 1101; x_wconf 82' lang='lat' dir='ltr'><strong>qna</strong></span> <span class='ocrx_word' id='word_1_56' title='bbox 778 1014 927 1080; x_wconf 82' lang='lat' dir='ltr'><strong>ioruieati</strong></span> <span class='ocrx_word' id='word_1_57' title='bbox 943 1027 1024 1080; x_wconf 88' lang='lat' dir='ltr'><strong>sunt</strong></span> <span class='ocrx_word' id='word_1_58' title='bbox 1039 1038 1127 1104; x_wconf 83' lang='lat' dir='ltr'><strong>reges</strong></span> <span class='ocrx_word' id='word_1_59' title='bbox 1141 1029 1201 1088; x_wconf 75' lang='lat' dir='ltr'><strong>tara„</strong></span> 
     </span>
     <span class='ocr_line' id='line_1_8' title="bbox 212 1123 1205 1214; baseline 0.008 -30"><span class='ocrx_word' id='word_1_60' title='bbox 212 1137 269 1188; x_wconf 69' lang='lat' dir='ltr'><strong>set</strong></span> <span class='ocrx_word' id='word_1_61' title='bbox 280 1123 425 1188; x_wconf 87' lang='lat' dir='ltr'><strong>inebriati</strong></span> <span class='ocrx_word' id='word_1_62' title='bbox 443 1136 518 1190; x_wconf 86' lang='lat' dir='ltr'><strong>sunt</strong></span> <span class='ocrx_word' id='word_1_63' title='bbox 534 1123 589 1212; x_wconf 87' lang='lat' dir='ltr'><strong>qni</strong></span> <span class='ocrx_word' id='word_1_64' title='bbox 604 1123 784 1190; x_wconf 80' lang='lat' dir='ltr'><strong>inbalsitant</strong></span> <span class='ocrx_word' id='word_1_65' title='bbox 799 1137 936 1200; x_wconf 87' lang='lat' dir='ltr'><strong>terram,</strong></span> <span class='ocrx_word' id='word_1_66' title='bbox 953 1126 997 1190; x_wconf 86' lang='lat' dir='ltr'><strong>de</strong></span> <span class='ocrx_word' id='word_1_67' title='bbox 1013 1127 1086 1191; x_wconf 77' lang='lat' dir='ltr'><strong>rino</strong></span> <span class='ocrx_word' id='word_1_68' title='bbox 1098 1127 1205 1214; x_wconf 73' lang='lat' dir='ltr'><strong>prostiu</strong></span> 
     </span>
     <span class='ocr_line' id='line_1_9' title="bbox 209 1234 1207 1327; baseline 0.007 -31"><span class='ocrx_word' id='word_1_69' title='bbox 209 1263 222 1296; x_wconf 78' lang='grc' dir='ltr'>ι</span> <span class='ocrx_word' id='word_1_70' title='bbox 237 1234 331 1300; x_wconf 83' lang='lat' dir='ltr'><strong>tionis</strong></span> <span class='ocrx_word' id='word_1_71' title='bbox 344 1236 426 1324; x_wconf 85' lang='lat' dir='ltr'><strong>ejus.</strong></span> <span class='ocrx_word' id='word_1_72' title='bbox 445 1235 485 1301; x_wconf 87' lang='lat' dir='ltr'><strong>Et</strong></span> <span class='ocrx_word' id='word_1_73' title='bbox 499 1235 629 1301; x_wconf 74' lang='lat' dir='ltr'><strong>abstulit</strong></span> <span class='ocrx_word' id='word_1_74' title='bbox 644 1259 696 1301; x_wconf 87' lang='lat' dir='ltr'><strong>me</strong></span> <span class='ocrx_word' id='word_1_75' title='bbox 712 1237 745 1302; x_wconf 90' lang='lat' dir='ltr'><strong>in</strong></span> <span class='ocrx_word' id='word_1_76' title='bbox 759 1237 873 1327; x_wconf 82' lang='lat' dir='ltr'><strong>spiritu</strong></span> <span class='ocrx_word' id='word_1_77' title='bbox 889 1238 925 1302; x_wconf 90' lang='lat' dir='ltr'><strong>in</strong></span> <span class='ocrx_word' id='word_1_78' title='bbox 942 1237 1110 1302; x_wconf 83' lang='lat' dir='ltr'><strong>desertum.</strong></span> <span class='ocrx_word' id='word_1_79' title='bbox 1125 1240 1207 1303; x_wconf 74' lang='lat' dir='ltr'><strong>Etrid</strong></span> 
     </span>
     <span class='ocr_line' id='line_1_10' title="bbox 209 1342 1204 1435; baseline 0.004 -29"><span class='ocrx_word' id='word_1_80' title='bbox 209 1342 401 1410; x_wconf 76' lang='lat' dir='ltr'><strong>smulierem</strong></span> <span class='ocrx_word' id='word_1_81' title='bbox 426 1346 589 1411; x_wconf 72' lang='lat' dir='ltr'><strong>sedentem</strong></span> <span class='ocrx_word' id='word_1_82' title='bbox 618 1368 714 1434; x_wconf 89' lang='lat' dir='ltr'><strong>snper</strong></span> <span class='ocrx_word' id='word_1_83' title='bbox 736 1347 873 1411; x_wconf 88' lang='lat' dir='ltr'><strong>bestiam</strong></span> <span class='ocrx_word' id='word_1_84' title='bbox 897 1346 1092 1420; x_wconf 76' lang='lat' dir='ltr'><strong>coccineam,</strong></span> <span class='ocrx_word' id='word_1_85' title='bbox 1109 1345 1204 1435; x_wconf 78' lang='lat' dir='ltr'><strong>pieuau</strong></span> 
     </span>
     <span class='ocr_line' id='line_1_11' title="bbox 209 1453 1201 1544; baseline 0.004 -28"><span class='ocrx_word' id='word_1_86' title='bbox 209 1454 420 1520; x_wconf 58' lang='lat' dir='ltr'><strong>‚nominibus</strong></span> <span class='ocrx_word' id='word_1_87' title='bbox 436 1453 651 1543; x_wconf 71' lang='lat' dir='ltr'><strong>blasphemiae,</strong></span> <span class='ocrx_word' id='word_1_88' title='bbox 669 1455 842 1521; x_wconf 80' lang='lat' dir='ltr'><strong>habentem</strong></span> <span class='ocrx_word' id='word_1_89' title='bbox 857 1455 970 1544; x_wconf 83' lang='lat' dir='ltr'><strong>cupita</strong></span> <span class='ocrx_word' id='word_1_90' title='bbox 987 1467 1092 1544; x_wconf 86' lang='lat' dir='ltr'><strong>septem</strong></span> <span class='ocrx_word' id='word_1_91' title='bbox 1105 1469 1131 1520; x_wconf 81' lang='lat' dir='ltr'><strong>et</strong></span> <span class='ocrx_word' id='word_1_92' title='bbox 1147 1479 1201 1520; x_wconf 83' lang='lat' dir='ltr'><strong>tur·</strong></span> 
     </span>
     <span class='ocr_line' id='line_1_12' title="bbox 209 1563 1194 1654; baseline 0.003 -28"><span class='ocrx_word' id='word_1_93' title='bbox 209 1591 223 1626; x_wconf 73' lang='lat' dir='ltr'><em>n</em></span> <span class='ocrx_word' id='word_1_94' title='bbox 239 1587 302 1630; x_wconf 86' lang='lat' dir='ltr'><strong>uua</strong></span> <span class='ocrx_word' id='word_1_95' title='bbox 314 1565 436 1630; x_wconf 86' lang='lat' dir='ltr'><strong>deoem.</strong></span> <span class='ocrx_word' id='word_1_96' title='bbox 451 1565 492 1629; x_wconf 86' lang='lat' dir='ltr'><strong>Et</strong></span> <span class='ocrx_word' id='word_1_97' title='bbox 507 1563 623 1630; x_wconf 88' lang='lat' dir='ltr'><strong>mulier</strong></span> <span class='ocrx_word' id='word_1_98' title='bbox 636 1578 705 1629; x_wconf 88' lang='lat' dir='ltr'><strong>erat</strong></span> <span class='ocrx_word' id='word_1_99' title='bbox 719 1566 834 1631; x_wconf 79' lang='lat' dir='ltr'><strong>amicte</strong></span> <span class='ocrx_word' id='word_1_100' title='bbox 849 1589 1002 1654; x_wconf 89' lang='lat' dir='ltr'><strong>purpura</strong></span> <span class='ocrx_word' id='word_1_101' title='bbox 1013 1566 1194 1640; x_wconf 65' lang='lat' dir='ltr'><strong>amodum</strong></span> 
     </span>
     <span class='ocr_line' id='line_1_13' title="bbox 208 1676 1181 1768; baseline -0.001 -26"><span class='ocrx_word' id='word_1_102' title='bbox 208 1707 223 1742; x_wconf 75' lang='grc' dir='ltr'><strong>ι</strong></span> <span class='ocrx_word' id='word_1_103' title='bbox 237 1679 379 1746; x_wconf 86' lang='lat' dir='ltr'><strong>inaurata</strong></span> <span class='ocrx_word' id='word_1_104' title='bbox 392 1703 471 1747; x_wconf 80' lang='lat' dir='ltr'><strong>euro</strong></span> <span class='ocrx_word' id='word_1_105' title='bbox 482 1689 515 1745; x_wconf 87' lang='lat' dir='ltr'><strong>et</strong></span> <span class='ocrx_word' id='word_1_106' title='bbox 529 1677 633 1768; x_wconf 86' lang='lat' dir='ltr'><strong>lupide</strong></span> <span class='ocrx_word' id='word_1_107' title='bbox 647 1679 784 1767; x_wconf 85' lang='lat' dir='ltr'><strong>pretioso</strong></span> <span class='ocrx_word' id='word_1_108' title='bbox 800 1691 832 1743; x_wconf 89' lang='lat' dir='ltr'><strong>et</strong></span> <span class='ocrx_word' id='word_1_109' title='bbox 846 1677 1029 1767; x_wconf 75' lang='lat' dir='ltr'><strong>margaritis.</strong></span> <span class='ocrx_word' id='word_1_110' title='bbox 1040 1676 1130 1741; x_wconf 78' lang='lat' dir='ltr'><strong>babens</strong></span> <span class='ocrx_word' id='word_1_111' title='bbox 1138 1698 1181 1762; x_wconf 75' lang='lat' dir='ltr'><strong>po</strong></span> 
     </span>
     <span class='ocr_line' id='line_1_14' title="bbox 210 1786 1182 1878; baseline -0.003 -25"><span class='ocrx_word' id='word_1_112' title='bbox 210 1790 347 1858; x_wconf 77' lang='lat' dir='ltr'><strong>eonium</strong></span> <span class='ocrx_word' id='word_1_113' title='bbox 363 1815 493 1857; x_wconf 82' lang='lat' dir='ltr'><strong>aureum</strong></span> <span class='ocrx_word' id='word_1_114' title='bbox 508 1791 541 1856; x_wconf 89' lang='lat' dir='ltr'><strong>in</strong></span> <span class='ocrx_word' id='word_1_115' title='bbox 552 1812 714 1857; x_wconf 76' lang='lat' dir='ltr'><strong>munusue</strong></span> <span class='ocrx_word' id='word_1_116' title='bbox 727 1789 857 1878; x_wconf 85' lang='lat' dir='ltr'><strong>plenum</strong></span> <span class='ocrx_word' id='word_1_117' title='bbox 870 1786 1182 1858; x_wconf 45' lang='lat' dir='ltr'><strong>abominationum</strong></span> 
     </span>
     <span class='ocr_line' id='line_1_15' title="bbox 212 1901 1264 1987; baseline -0.003 -23"><span class='ocrx_word' id='word_1_118' title='bbox 212 1901 410 1968; x_wconf 75' lang='lat' dir='ltr'><strong>»munditias</strong></span> <span class='ocrx_word' id='word_1_119' title='bbox 432 1901 646 1968; x_wconf 72' lang='lat' dir='ltr'><strong>seminationis</strong></span> <span class='ocrx_word' id='word_1_120' title='bbox 666 1912 769 1966; x_wconf 73' lang='lat' dir='ltr'><strong>terre.</strong></span> <span class='ocrx_word' id='word_1_121' title='bbox 793 1902 829 1967; x_wconf 86' lang='lat' dir='ltr'><strong>iu</strong></span> <span class='ocrx_word' id='word_1_122' title='bbox 854 1901 967 1966; x_wconf 76' lang='lat' dir='ltr'><strong>doute</strong></span> <span class='ocrx_word' id='word_1_123' title='bbox 988 1911 1021 1965; x_wconf 89' lang='lat' dir='ltr'><strong>et</strong></span> <span class='ocrx_word' id='word_1_124' title='bbox 1039 1901 1097 1987; x_wconf 76' lang='lat' dir='ltr'><strong>ejus</strong></span> <span class='ocrx_word' id='word_1_125' title='bbox 1111 1919 1197 1962; x_wconf 78' lang='lat' dir='ltr'><strong>usum</strong></span> <span class='ocrx_word' id='word_1_126' title='bbox 1262 1959 1264 1986; x_wconf 35' lang='lat'>4</span> 
     </span>
     <span class='ocr_line' id='line_1_16' title="bbox 211 1987 1264 2100; baseline -0.003 -26"><span class='ocrx_word' id='word_1_127' title='bbox 211 2013 404 2100; x_wconf 73' lang='lat' dir='ltr'><strong>nsoriptum,</strong></span> <span class='ocrx_word' id='word_1_128' title='bbox 423 2011 632 2100; x_wconf 84' lang='lat' dir='ltr'><strong>mysterium:</strong></span> <span class='ocrx_word' id='word_1_129' title='bbox 652 2008 797 2098; x_wconf 84' lang='lat' dir='ltr'><strong>Babylon</strong></span> <span class='ocrx_word' id='word_1_130' title='bbox 816 2031 951 2100; x_wconf 74' lang='lat' dir='ltr'><strong>magna,</strong></span> <span class='ocrx_word' id='word_1_131' title='bbox 964 2021 1064 2076; x_wconf 76' lang='lat' dir='ltr'><strong>nater</strong></span> <span class='ocrx_word' id='word_1_132' title='bbox 1074 2007 1202 2073; x_wconf 66' lang='lat' dir='ltr'><strong>eunu-</strong></span> <span class='ocrx_word' id='word_1_133' title='bbox 1263 1987 1264 2036; x_wconf 31' lang='grc' dir='ltr'>ἕ</span> 
     </span>
     <span class='ocr_line' id='line_1_17' title="bbox 211 2123 767 2189; baseline 0.004 -5"><span class='ocrx_word' id='word_1_134' title='bbox 211 2149 226 2184; x_wconf 72' lang='grc' dir='ltr'><strong>ι</strong></span> <span class='ocrx_word' id='word_1_135' title='bbox 242 2147 318 2188; x_wconf 91' lang='lat' dir='ltr'><strong>num</strong></span> <span class='ocrx_word' id='word_1_136' title='bbox 329 2135 362 2188; x_wconf 88' lang='lat' dir='ltr'><strong>et</strong></span> <span class='ocrx_word' id='word_1_137' title='bbox 377 2123 649 2189; x_wconf 75' lang='lat' dir='ltr'><strong>abominationum</strong></span> <span class='ocrx_word' id='word_1_138' title='bbox 664 2135 767 2186; x_wconf 73' lang='lat' dir='ltr'><strong>terras.</strong></span> 
     </span>
    </p>

    <p class='ocr_par' dir='ltr' id='par_1_3' title="bbox 209 2229 1210 3398">
     <span class='ocr_line' id='line_1_18' title="bbox 251 2229 1204 2322; baseline -0.002 -26"><span class='ocrx_word' id='word_1_139' title='bbox 251 2229 448 2298; x_wconf 73' lang='lat' dir='ltr'><strong>XXXVII.»</strong></span> <span class='ocrx_word' id='word_1_140' title='bbox 468 2234 508 2297; x_wconf 87' lang='lat' dir='ltr'><strong>Et</strong></span> <span class='ocrx_word' id='word_1_141' title='bbox 519 2231 580 2296; x_wconf 81' lang='lat' dir='ltr'><strong>vidi</strong></span> <span class='ocrx_word' id='word_1_142' title='bbox 591 2229 758 2298; x_wconf 80' lang='lat' dir='ltr'><strong>mulierem</strong></span> <span class='ocrx_word' id='word_1_143' title='bbox 769 2231 892 2298; x_wconf 87' lang='lat' dir='ltr'><strong>ebriam</strong></span> <span class='ocrx_word' id='word_1_144' title='bbox 903 2231 948 2296; x_wconf 86' lang='lat' dir='ltr'><strong>de</strong></span> <span class='ocrx_word' id='word_1_145' title='bbox 959 2233 1204 2322; x_wconf 74' lang='lat' dir='ltr'><strong>sangninesmeto</strong></span> 
     </span>
     <span class='ocr_line' id='line_1_19' title="bbox 209 2337 1207 2432; baseline -0.006 -25"><span class='ocrx_word' id='word_1_146' title='bbox 209 2371 224 2406; x_wconf 75' lang='grc' dir='ltr'><strong>ι</strong></span> <span class='ocrx_word' id='word_1_147' title='bbox 239 2365 325 2418; x_wconf 84' lang='lat' dir='ltr'><strong>rum,</strong></span> <span class='ocrx_word' id='word_1_148' title='bbox 336 2355 370 2408; x_wconf 85' lang='lat' dir='ltr'><strong>et</strong></span> <span class='ocrx_word' id='word_1_149' title='bbox 385 2342 424 2408; x_wconf 87' lang='lat' dir='ltr'><strong>de</strong></span> <span class='ocrx_word' id='word_1_150' title='bbox 440 2343 589 2432; x_wconf 80' lang='lat' dir='ltr'><strong>sanguine</strong></span> <span class='ocrx_word' id='word_1_151' title='bbox 604 2354 780 2431; x_wconf 73' lang='lat' dir='ltr'><strong>martyrum</strong></span> <span class='ocrx_word' id='word_1_152' title='bbox 795 2342 882 2408; x_wconf 88' lang='lat' dir='ltr'><strong>Jesu.</strong></span> <span class='ocrx_word' id='word_1_153' title='bbox 902 2343 947 2406; x_wconf 89' lang='lat' dir='ltr'><strong>Et</strong></span> <span class='ocrx_word' id='word_1_154' title='bbox 965 2343 1095 2408; x_wconf 76' lang='lat' dir='ltr'><strong>miratus</strong></span> <span class='ocrx_word' id='word_1_155' title='bbox 1108 2365 1164 2405; x_wconf 83' lang='lat' dir='ltr'><strong>sum</strong></span> <span class='ocrx_word' id='word_1_156' title='bbox 1174 2337 1207 2401; x_wconf 78' lang='lat' dir='ltr'><strong>ri</strong></span> 
     </span>
     <span class='ocr_line' id='line_1_20' title="bbox 212 2448 1203 2541; baseline 0.004 -26"><span class='ocrx_word' id='word_1_157' title='bbox 212 2452 317 2519; x_wconf 76' lang='lat' dir='ltr'><strong>»dens</strong></span> <span class='ocrx_word' id='word_1_158' title='bbox 337 2451 436 2528; x_wconf 83' lang='lat' dir='ltr'><strong>illum,</strong></span> <span class='ocrx_word' id='word_1_159' title='bbox 453 2451 659 2518; x_wconf 82' lang='lat' dir='ltr'><strong>admiratione</strong></span> <span class='ocrx_word' id='word_1_160' title='bbox 679 2474 803 2541; x_wconf 79' lang='lat' dir='ltr'><strong>magna.</strong></span> <span class='ocrx_word' id='word_1_161' title='bbox 824 2451 864 2516; x_wconf 85' lang='lat' dir='ltr'><strong>Et</strong></span> <span class='ocrx_word' id='word_1_162' title='bbox 881 2451 965 2516; x_wconf 84' lang='lat' dir='ltr'><strong>dixit</strong></span> <span class='ocrx_word' id='word_1_163' title='bbox 982 2451 1063 2519; x_wconf 87' lang='lat' dir='ltr'><strong>mibi</strong></span> <span class='ocrx_word' id='word_1_164' title='bbox 1081 2448 1203 2539; x_wconf 65' lang='lat' dir='ltr'><strong>inguim:</strong></span> 
     </span>
     <span class='ocr_line' id='line_1_21' title="bbox 212 2560 1202 2653; baseline -0.003 -24"><span class='ocrx_word' id='word_1_165' title='bbox 212 2563 309 2629; x_wconf 79' lang='lat' dir='ltr'><strong>»cur</strong></span> <span class='ocrx_word' id='word_1_166' title='bbox 328 2562 476 2629; x_wconf 72' lang='lat' dir='ltr'><strong>miraris?</strong></span> <span class='ocrx_word' id='word_1_167' title='bbox 492 2564 558 2653; x_wconf 74' lang='lat' dir='ltr'><strong>Ego</strong></span> <span class='ocrx_word' id='word_1_168' title='bbox 579 2563 682 2629; x_wconf 81' lang='lat' dir='ltr'><strong>dicam</strong></span> <span class='ocrx_word' id='word_1_169' title='bbox 703 2563 760 2629; x_wconf 86' lang='lat' dir='ltr'><strong>tibi</strong></span> <span class='ocrx_word' id='word_1_170' title='bbox 780 2575 1024 2628; x_wconf 83' lang='lat' dir='ltr'><strong>sacramentnm</strong></span> <span class='ocrx_word' id='word_1_171' title='bbox 1046 2560 1202 2631; x_wconf 70' lang='lat' dir='ltr'><strong>mutiet-‚e</strong></span> 
     </span>
     <span class='ocr_line' id='line_1_22' title="bbox 209 2671 1188 2764; baseline -0.003 -28"><span class='ocrx_word' id='word_1_172' title='bbox 209 2673 345 2740; x_wconf 76' lang='lat' dir='ltr'><strong>»bestias</strong></span> <span class='ocrx_word' id='word_1_173' title='bbox 354 2697 425 2760; x_wconf 76' lang='lat' dir='ltr'><strong>quse</strong></span> <span class='ocrx_word' id='word_1_174' title='bbox 439 2671 524 2740; x_wconf 82' lang='lat' dir='ltr'><strong>illam</strong></span> <span class='ocrx_word' id='word_1_175' title='bbox 535 2685 652 2764; x_wconf 87' lang='lat' dir='ltr'><strong>portat,</strong></span> <span class='ocrx_word' id='word_1_176' title='bbox 665 2695 735 2761; x_wconf 69' lang='lat' dir='ltr'><strong>quse</strong></span> <span class='ocrx_word' id='word_1_177' title='bbox 751 2672 847 2737; x_wconf 81' lang='lat' dir='ltr'><strong>habet</strong></span> <span class='ocrx_word' id='word_1_178' title='bbox 861 2671 969 2760; x_wconf 85' lang='lat' dir='ltr'><strong>capitu</strong></span> <span class='ocrx_word' id='word_1_179' title='bbox 987 2681 1188 2759; x_wconf 67' lang='lat' dir='ltr'><strong>septenam</strong></span> 
     </span>
     <span class='ocr_line' id='line_1_23' title="bbox 210 2777 1187 2872; baseline -0.004 -25"><span class='ocrx_word' id='word_1_180' title='bbox 210 2805 300 2849; x_wconf 73' lang='lat' dir='ltr'><strong>»uus</strong></span> <span class='ocrx_word' id='word_1_181' title='bbox 323 2783 446 2850; x_wconf 89' lang='lat' dir='ltr'><strong>deeem.</strong></span> <span class='ocrx_word' id='word_1_182' title='bbox 463 2785 567 2850; x_wconf 83' lang='lat' dir='ltr'><strong>Bestia</strong></span> <span class='ocrx_word' id='word_1_183' title='bbox 584 2807 680 2872; x_wconf 88' lang='lat' dir='ltr'><strong>quam</strong></span> <span class='ocrx_word' id='word_1_184' title='bbox 694 2783 798 2850; x_wconf 85' lang='lat' dir='ltr'><strong>vidisti</strong></span> <span class='ocrx_word' id='word_1_185' title='bbox 818 2793 899 2852; x_wconf 83' lang='lat' dir='ltr'><strong>erat.</strong></span> <span class='ocrx_word' id='word_1_186' title='bbox 924 2793 960 2846; x_wconf 84' lang='lat' dir='ltr'><strong>et</strong></span> <span class='ocrx_word' id='word_1_187' title='bbox 978 2805 1051 2847; x_wconf 92' lang='lat' dir='ltr'><strong>non</strong></span> <span class='ocrx_word' id='word_1_188' title='bbox 1064 2791 1103 2846; x_wconf 73' lang='lat' dir='ltr'><strong>et</strong></span> <span class='ocrx_word' id='word_1_189' title='bbox 1116 2777 1187 2841; x_wconf 70' lang='lat' dir='ltr'><strong>tun</strong></span> 
     </span>
     <span class='ocr_line' id='line_1_24' title="bbox 210 2891 1196 2982; baseline -0.008 -24"><span class='ocrx_word' id='word_1_190' title='bbox 210 2915 373 2982; x_wconf 73' lang='lat' dir='ltr'><strong>»namque</strong></span> <span class='ocrx_word' id='word_1_191' title='bbox 390 2905 438 2958; x_wconf 75' lang='lat' dir='ltr'><strong>est</strong></span> <span class='ocrx_word' id='word_1_192' title='bbox 456 2904 490 2956; x_wconf 89' lang='lat' dir='ltr'><strong>ut</strong></span> <span class='ocrx_word' id='word_1_193' title='bbox 508 2893 658 2958; x_wconf 86' lang='lat' dir='ltr'><strong>aseendat</strong></span> <span class='ocrx_word' id='word_1_194' title='bbox 677 2891 717 2958; x_wconf 84' lang='lat' dir='ltr'><strong>de</strong></span> <span class='ocrx_word' id='word_1_195' title='bbox 738 2895 863 2980; x_wconf 85' lang='lat' dir='ltr'><strong>abysso.</strong></span> <span class='ocrx_word' id='word_1_196' title='bbox 879 2903 914 2956; x_wconf 86' lang='lat' dir='ltr'><strong>et</strong></span> <span class='ocrx_word' id='word_1_197' title='bbox 933 2893 968 2956; x_wconf 92' lang='lat' dir='ltr'><strong>in</strong></span> <span class='ocrx_word' id='word_1_198' title='bbox 994 2893 1139 2958; x_wconf 80' lang='lat' dir='ltr'><strong>interitum</strong></span> <span class='ocrx_word' id='word_1_199' title='bbox 1152 2897 1196 2950; x_wconf 82' lang='lat' dir='ltr'><strong>rat</strong></span> 
     </span>
     <span class='ocr_line' id='line_1_25' title="bbox 209 2998 1205 3089; baseline 0.005 -27"><span class='ocrx_word' id='word_1_200' title='bbox 209 3003 277 3067; x_wconf 80' lang='lat' dir='ltr'><strong>‚Et</strong></span> <span class='ocrx_word' id='word_1_201' title='bbox 294 3003 494 3068; x_wconf 83' lang='lat' dir='ltr'><strong>mirabuntur</strong></span> <span class='ocrx_word' id='word_1_202' title='bbox 515 3003 726 3068; x_wconf 81' lang='lat' dir='ltr'><strong>inhabitantes</strong></span> <span class='ocrx_word' id='word_1_203' title='bbox 747 3015 865 3068; x_wconf 83' lang='lat' dir='ltr'><strong>terram</strong></span> <span class='ocrx_word' id='word_1_204' title='bbox 885 3001 1053 3089; x_wconf 88' lang='lat' dir='ltr'><strong>(quornm</strong></span> <span class='ocrx_word' id='word_1_205' title='bbox 1068 3025 1122 3067; x_wconf 87' lang='lat' dir='ltr'><strong>nou</strong></span> <span class='ocrx_word' id='word_1_206' title='bbox 1135 2998 1205 3084; x_wconf 65' lang='lat' dir='ltr'><strong>suis*</strong></span> 
     </span>
     <span class='ocr_line' id='line_1_26' title="bbox 210 3107 1206 3188; baseline -0.002 -14"><span class='ocrx_word' id='word_1_207' title='bbox 210 3125 308 3176; x_wconf 80' lang='lat' dir='ltr'><strong>»tum</strong></span> <span class='ocrx_word' id='word_1_208' title='bbox 332 3123 380 3177; x_wconf 88' lang='lat' dir='ltr'><strong>est</strong></span> <span class='ocrx_word' id='word_1_209' title='bbox 408 3133 525 3178; x_wconf 89' lang='lat' dir='ltr'><strong>nomen</strong></span> <span class='ocrx_word' id='word_1_210' title='bbox 547 3112 580 3178; x_wconf 94' lang='lat' dir='ltr'><strong>in</strong></span> <span class='ocrx_word' id='word_1_211' title='bbox 602 3111 684 3178; x_wconf 86' lang='lat' dir='ltr'><strong>libro</strong></span> <span class='ocrx_word' id='word_1_212' title='bbox 713 3113 783 3178; x_wconf 68' lang='lat' dir='ltr'><strong>vitse</strong></span> <span class='ocrx_word' id='word_1_213' title='bbox 804 3136 822 3177; x_wconf 85' lang='lat' dir='ltr'><strong>a</strong></span> <span class='ocrx_word' id='word_1_214' title='bbox 845 3111 1078 3178; x_wconf 84' lang='lat' dir='ltr'><strong>constitutione</strong></span> <span class='ocrx_word' id='word_1_215' title='bbox 1097 3107 1206 3188; x_wconf 70' lang='lat' dir='ltr'><strong>mundi}</strong></span> 
     </span>
     <span class='ocr_line' id='line_1_27' title="bbox 210 3222 1210 3311; baseline 0.001 -27"><span class='ocrx_word' id='word_1_216' title='bbox 210 3222 379 3289; x_wconf 71' lang='lat' dir='ltr'><strong>evidentes</strong></span> <span class='ocrx_word' id='word_1_217' title='bbox 398 3223 620 3311; x_wconf 70' lang='lat' dir='ltr'><strong>bestiamque</strong></span> <span class='ocrx_word' id='word_1_218' title='bbox 639 3233 723 3299; x_wconf 81' lang='lat' dir='ltr'><strong>erut,</strong></span> <span class='ocrx_word' id='word_1_219' title='bbox 744 3235 777 3288; x_wconf 86' lang='lat' dir='ltr'><strong>et</strong></span> <span class='ocrx_word' id='word_1_220' title='bbox 798 3245 863 3289; x_wconf 91' lang='lat' dir='ltr'><strong>non</strong></span> <span class='ocrx_word' id='word_1_221' title='bbox 880 3231 942 3299; x_wconf 75' lang='lat' dir='ltr'><strong>est,</strong></span> <span class='ocrx_word' id='word_1_222' title='bbox 969 3237 1004 3289; x_wconf 91' lang='lat' dir='ltr'><strong>et</strong></span> <span class='ocrx_word' id='word_1_223' title='bbox 1024 3247 1092 3311; x_wconf 77' lang='lat' dir='ltr'><strong>quse</strong></span> <span class='ocrx_word' id='word_1_224' title='bbox 1107 3231 1210 3285; x_wconf 74' lang='lat' dir='ltr'><strong>rentm</strong></span> 
     </span>
     <span class='ocr_line' id='line_1_28' title="bbox 210 3346 295 3398; baseline 0.035 -3"><span class='ocrx_word' id='word_1_225' title='bbox 210 3346 295 3398; x_wconf 71' lang='lat' dir='ltr'><strong>resi.</strong></span> 
     </span>
    </p>

    <p class='ocr_par' dir='ltr' id='par_1_4' title="bbox 207 3437 1213 3973">
     <span class='ocr_line' id='line_1_29' title="bbox 253 3437 1211 3530; baseline -0.008 -21"><span class='ocrx_word' id='word_1_226' title='bbox 253 3441 467 3510; x_wconf 74' lang='lat' dir='ltr'><strong>xxxviii..</strong></span> <span class='ocrx_word' id='word_1_227' title='bbox 486 3441 547 3510; x_wconf 85' lang='lat' dir='ltr'><strong>ffic</strong></span> <span class='ocrx_word' id='word_1_228' title='bbox 566 3465 674 3508; x_wconf 88' lang='lat' dir='ltr'><strong>sensus</strong></span> <span class='ocrx_word' id='word_1_229' title='bbox 694 3441 748 3530; x_wconf 91' lang='lat' dir='ltr'><strong>qui</strong></span> <span class='ocrx_word' id='word_1_230' title='bbox 772 3441 868 3507; x_wconf 80' lang='lat' dir='ltr'><strong>hebet</strong></span> <span class='ocrx_word' id='word_1_231' title='bbox 886 3441 1083 3530; x_wconf 82' lang='lat' dir='ltr'><strong>sapientiam.</strong></span> <span class='ocrx_word' id='word_1_232' title='bbox 1106 3437 1211 3526; x_wconf 71' lang='lat' dir='ltr'><strong>Septa</strong></span> 
     </span>
     <span class='ocr_line' id='line_1_30' title="bbox 208 3549 1213 3643; baseline 0 -24"><span class='ocrx_word' id='word_1_233' title='bbox 208 3555 351 3642; x_wconf 67' lang='lat' dir='ltr'><strong>rapite,</strong></span> <span class='ocrx_word' id='word_1_234' title='bbox 363 3566 484 3643; x_wconf 80' lang='lat' dir='ltr'><strong>septem</strong></span> <span class='ocrx_word' id='word_1_235' title='bbox 499 3565 624 3619; x_wconf 86' lang='lat' dir='ltr'><strong>montes</strong></span> <span class='ocrx_word' id='word_1_236' title='bbox 639 3565 724 3626; x_wconf 85' lang='lat' dir='ltr'><strong>suut.</strong></span> <span class='ocrx_word' id='word_1_237' title='bbox 742 3575 838 3640; x_wconf 89' lang='lat' dir='ltr'><strong>super</strong></span> <span class='ocrx_word' id='word_1_238' title='bbox 854 3574 936 3639; x_wconf 92' lang='lat' dir='ltr'><strong>quos</strong></span> <span class='ocrx_word' id='word_1_239' title='bbox 954 3551 1069 3618; x_wconf 80' lang='lat' dir='ltr'><strong>Mulier</strong></span> <span class='ocrx_word' id='word_1_240' title='bbox 1082 3549 1179 3619; x_wconf 80' lang='lat' dir='ltr'><strong>sedet:</strong></span> <span class='ocrx_word' id='word_1_241' title='bbox 1191 3565 1213 3608; x_wconf 68' lang='lat' dir='ltr'>fl</span> 
     </span>
     <span class='ocr_line' id='line_1_31' title="bbox 207 3663 1212 3754; baseline -0.003 -30"><span class='ocrx_word' id='word_1_242' title='bbox 207 3689 221 3724; x_wconf 79' lang='grc' dir='ltr'><strong>ι</strong></span> <span class='ocrx_word' id='word_1_243' title='bbox 237 3685 326 3750; x_wconf 77' lang='lat' dir='ltr'><strong>reges</strong></span> <span class='ocrx_word' id='word_1_244' title='bbox 337 3675 458 3754; x_wconf 85' lang='lat' dir='ltr'><strong>septem</strong></span> <span class='ocrx_word' id='word_1_245' title='bbox 473 3675 546 3729; x_wconf 87' lang='lat' dir='ltr'><strong>sunt</strong></span> <span class='ocrx_word' id='word_1_246' title='bbox 561 3685 571 3728; x_wconf 76' lang='lat' dir='ltr'><strong>t</strong></span> <span class='ocrx_word' id='word_1_247' title='bbox 586 3663 724 3752; x_wconf 87' lang='lat' dir='ltr'><strong>quinque</strong></span> <span class='ocrx_word' id='word_1_248' title='bbox 740 3663 926 3728; x_wconf 83' lang='lat' dir='ltr'><strong>oeciderunt</strong></span> <span class='ocrx_word' id='word_1_249' title='bbox 942 3686 951 3727; x_wconf 74' lang='grc' dir='ltr'><em>τ</em></span> <span class='ocrx_word' id='word_1_250' title='bbox 968 3685 1051 3728; x_wconf 85' lang='lat' dir='ltr'><strong>unus</strong></span> <span class='ocrx_word' id='word_1_251' title='bbox 1063 3672 1160 3726; x_wconf 78' lang='lat' dir='ltr'><strong>amem</strong></span> <span class='ocrx_word' id='word_1_252' title='bbox 1169 3668 1212 3721; x_wconf 76' lang='lat' dir='ltr'><strong>est,</strong></span> 
     </span>
     <span class='ocr_line' id='line_1_32' title="bbox 208 3771 1210 3862; baseline -0.003 -26"><span class='ocrx_word' id='word_1_253' title='bbox 208 3773 315 3838; x_wconf 74' lang='lat' dir='ltr'><strong>»alter</strong></span> <span class='ocrx_word' id='word_1_254' title='bbox 330 3775 473 3841; x_wconf 90' lang='lat' dir='ltr'><strong>nondum</strong></span> <span class='ocrx_word' id='word_1_255' title='bbox 487 3775 571 3840; x_wconf 84' lang='lat' dir='ltr'><strong>venit</strong></span> <span class='ocrx_word' id='word_1_256' title='bbox 580 3799 589 3848; x_wconf 89' lang='lat'>;</span> <span class='ocrx_word' id='word_1_257' title='bbox 609 3787 641 3840; x_wconf 86' lang='lat' dir='ltr'><strong>et</strong></span> <span class='ocrx_word' id='word_1_258' title='bbox 656 3797 729 3840; x_wconf 88' lang='lat' dir='ltr'><strong>cum</strong></span> <span class='ocrx_word' id='word_1_259' title='bbox 746 3775 879 3848; x_wconf 79' lang='lat' dir='ltr'><strong>venerit,</strong></span> <span class='ocrx_word' id='word_1_260' title='bbox 898 3785 1026 3862; x_wconf 85' lang='lat' dir='ltr'><strong>oportet</strong></span> <span class='ocrx_word' id='word_1_261' title='bbox 1041 3771 1125 3837; x_wconf 87' lang='lat' dir='ltr'><strong>illum</strong></span> <span class='ocrx_word' id='word_1_262' title='bbox 1138 3771 1210 3834; x_wconf 67' lang='lat' dir='ltr'><strong>bren</strong></span> 
     </span>
     <span class='ocr_line' id='line_1_33' title="bbox 209 3882 1208 3973; baseline -0.003 -28"><span class='ocrx_word' id='word_1_263' title='bbox 209 3895 362 3973; x_wconf 73' lang='lat' dir='ltr'><strong>»tempus</strong></span> <span class='ocrx_word' id='word_1_264' title='bbox 381 3907 521 3950; x_wconf 86' lang='lat' dir='ltr'><strong>manere.</strong></span> <span class='ocrx_word' id='word_1_265' title='bbox 541 3887 581 3950; x_wconf 78' lang='lat' dir='ltr'><strong>Et</strong></span> <span class='ocrx_word' id='word_1_266' title='bbox 599 3885 698 3951; x_wconf 80' lang='lat' dir='ltr'><strong>bestie</strong></span> <span class='ocrx_word' id='word_1_267' title='bbox 722 3907 790 3972; x_wconf 69' lang='lat' dir='ltr'><strong>quse</strong></span> <span class='ocrx_word' id='word_1_268' title='bbox 809 3895 878 3950; x_wconf 85' lang='lat' dir='ltr'><strong>orat</strong></span> <span class='ocrx_word' id='word_1_269' title='bbox 899 3897 934 3950; x_wconf 85' lang='lat' dir='ltr'><strong>et</strong></span> <span class='ocrx_word' id='word_1_270' title='bbox 951 3908 1015 3950; x_wconf 90' lang='lat' dir='ltr'><strong>non</strong></span> <span class='ocrx_word' id='word_1_271' title='bbox 1036 3895 1095 3956; x_wconf 81' lang='lat' dir='ltr'><strong>est,</strong></span> <span class='ocrx_word' id='word_1_272' title='bbox 1116 3893 1144 3946; x_wconf 86' lang='lat' dir='ltr'><strong>et</strong></span> <span class='ocrx_word' id='word_1_273' title='bbox 1162 3882 1208 3965; x_wconf 65' lang='lat' dir='ltr'><strong>ipe</strong></span> 
     </span>
    </p>
   </div>
   <div class='ocr_carea' id='block_1_3' title="bbox 207 3986 1206 4084">
    <p class='ocr_par' dir='ltr' id='par_1_5' title="bbox 207 3986 1206 4084">
     <span class='ocr_line' id='line_1_34' title="bbox 207 3986 1206 4084; baseline -0.005 -26"><span class='ocrx_word' id='word_1_274' title='bbox 207 4025 219 4058; x_wconf 78' lang='grc' dir='ltr'><strong>ι</strong></span> <span class='ocrx_word' id='word_1_275' title='bbox 236 4007 364 4063; x_wconf 80' lang='lat' dir='ltr'><strong>octavus</strong></span> <span class='ocrx_word' id='word_1_276' title='bbox 380 4009 439 4070; x_wconf 83' lang='lat' dir='ltr'><strong>est,</strong></span> <span class='ocrx_word' id='word_1_277' title='bbox 450 4007 482 4061; x_wconf 83' lang='lat' dir='ltr'><strong>et</strong></span> <span class='ocrx_word' id='word_1_278' title='bbox 495 3997 533 4061; x_wconf 84' lang='lat' dir='ltr'><strong>de</strong></span> <span class='ocrx_word' id='word_1_279' title='bbox 545 4009 665 4084; x_wconf 85' lang='lat' dir='ltr'><strong>septem</strong></span> <span class='ocrx_word' id='word_1_280' title='bbox 677 4007 736 4072; x_wconf 86' lang='lat' dir='ltr'><strong>est,</strong></span> <span class='ocrx_word' id='word_1_281' title='bbox 754 4008 784 4062; x_wconf 89' lang='lat' dir='ltr'><strong>et</strong></span> <span class='ocrx_word' id='word_1_282' title='bbox 801 3997 832 4060; x_wconf 90' lang='lat' dir='ltr'><strong>in</strong></span> <span class='ocrx_word' id='word_1_283' title='bbox 846 3996 1010 4062; x_wconf 85' lang='lat' dir='ltr'><strong>interitum</strong></span> <span class='ocrx_word' id='word_1_284' title='bbox 1025 3994 1117 4060; x_wconf 74' lang='lat' dir='ltr'><strong>radit.</strong></span> <span class='ocrx_word' id='word_1_285' title='bbox 1130 3991 1162 4054; x_wconf 85' lang='lat' dir='ltr'><strong>Et</strong></span> <span class='ocrx_word' id='word_1_286' title='bbox 1171 3986 1206 4049; x_wconf 78' lang='lat' dir='ltr'><strong>dt·</strong></span> 
     </span>
    </p>
   </div>
   <div class='ocr_carea' id='block_1_4' title="bbox 0 0 1285 4614">
    <p class='ocr_par' dir='ltr' id='par_1_6' title="bbox 0 0 1285 4614">
     <span class='ocr_line' id='line_1_35' title="bbox 0 0 1285 4614; baseline 0 0"><span class='ocrx_word' id='word_1_287' title='bbox 0 0 1285 4614; x_wconf 95' lang='lat' dir='ltr'><strong> </strong></span> 
     </span>
    </p>
   </div>
  </div>
 </body>
</html>
