2570 4614
220 293 280 337 212
529 289 699 334 cttutlt't'ts
725 285 933 332 atnxartttntttt

218 409 362 480 initintae3
384 406 440 473 aed
453 406 511 473 Dei
527 391 611 482 liliae,
626 404 849 495 pulcherrimae
863 425 963 494 agna,
984 421 1052 490 quae
1069 399 1240 468 venerande
1272 378 1278 493 l

215 517 314 586 Verbi
336 516 421 606 orgia
443 513 680 590 concelebrant,
704 513 845 580 sobrium
866 513 1076 579 instaurantes
1100 509 1237 576 chorum.
1273 554 1279 591 2

154 607 158 616 ⁸
218 625 534 717 Choromaguntviri
544 624 664 712 justitia
675 621 900 711 praecellentes.
915 619 1086 687 Canticum
1097 631 1146 685 est
1159 619 1240 707 hym·
1272 602 1281 692 l

217 761 277 806 nna
292 736 370 826 Regi
385 736 480 802 totius
496 755 603 799 rerum
622 731 831 798 universitatis
847 753 945 798 sacer.
967 728 1110 818 Psallunt
1123 727 1241 818 puelle,

218 846 400 916 collaudant
414 844 529 935 angeli,
546 841 708 933 prophete
722 841 897 932 loquuntur
914 866 922 908 ε
937 841 1042 909 editur
1057 840 1187 907 musice
1203 864 1242 906 sc

150 991 154 1004 ·
219 979 292 1032 nus,
314 977 412 1022 cursu
428 953 577 1042 thyaaum
598 965 855 1041 persequuntur:
875 953 929 1040 qui
944 951 1046 1018 vocati
1069 963 1156 1027 aunt,
1171 950 1242 1016 deai-

218 1065 307 1132 dcrio
321 1062 494 1152 recipiendi
504 1062 630 1129 Patrem
641 1060 799 1128 festinant.
810 1059 905 1138 Veni,
913 1074 948 1127 tu
957 1083 1097 1149 qnoque,
1109 1083 1131 1124 o
1143 1082 1240 1134 senex,
1280 1011 1285 1117 l

217 1172 335 1240 relictis
356 1169 486 1247 Thebis,
514 1171 701 1259 abjectaque
726 1169 916 1256 dininatione
939 1181 972 1235 et
993 1167 1149 1236 bacchica
1172 1169 1242 1234 insa

218 1283 284 1357 nio,
301 1279 416 1348 deduci
431 1291 463 1345 te
478 1279 519 1345 ad
531 1278 694 1344 veritatem
706 1290 824 1366 patere.
839 1279 923 1348 Ecce
934 1278 1005 1354 tihi,
1019 1301 1083 1366 qno
1094 1278 1240 1352 innitaris,
1279 1278 1285 1365 ³,

218 1389 339 1481 lignum
354 1389 493 1480 praebeo.
510 1387 650 1464 Festina,
666 1386 799 1463 Tiresia,
817 1386 915 1455 fidem
936 1387 1031 1465 halae,
1047 1387 1152 1455 visum
1167 1387 1241 1454 reci·

216 1500 296 1591 pies.
323 1496 481 1573 Christus,
502 1518 678 1586 perquem
699 1519 858 1564 caeoorum
874 1497 1167 1573 viausrestituitur,
1185 1495 1241 1562 sole

218 1607 413 1698 splendidius
439 1605 558 1674 illucet.
577 1607 646 1674 Nox
666 1616 697 1698 te
717 1605 828 1696 fugiet,
852 1606 932 1696 ignis
947 1607 1146 1683 extimescet,
1165 1629 1239 1673 mors

219 1719 329 1786 abibit.
350 1717 415 1797 Qui
429 1716 566 1793 Thebas,
584 1740 603 1783 o
618 1739 725 1793 senex,
742 1717 887 1784 contueri
901 1739 965 1784 non
982 1729 1085 1807 potes,
1097 1713 1195 1784 coelos
1208 1718 1239 1782 ri

219 1828 319 1894 debis.
340 1825 458 1894 Overe
479 1839 587 1895 sancta
608 1826 772 1914 mysterial
796 1850 816 1892 o
837 1849 951 1917 puram
967 1823 1092 1894 lucem!
1113 1823 1239 1892 Praelatia

218 1936 298 2004 mihi
308 1934 444 2012 lacibus,
457 1933 556 2002 coeloa
570 1957 609 2002 ac
622 1935 726 2002 Deum
742 1936 914 2026 conspicio.
930 1936 1016 2003 Dum
1031 1935 1154 2011 initior,
1166 1955 1240 1999 sanc·

218 2061 270 2115 tus
286 2047 340 2114 lio.
361 2047 516 2115 Dominus
539 2059 645 2114 autem
657 2059 707 2113 eat
723 2046 879 2137 interpres
897 2069 1074 2122 aacmrum,
1091 2046 1149 2134 qui
1166 2068 1242 2134 mye

219 2171 286 2223 tam
308 2154 520 2223 illuminatum
541 2155 707 2245 obsignat,
728 2168 762 2222 et
789 2179 863 2224 cum
885 2157 939 2244 qui
961 2155 1148 2230 crediderit,
1171 2155 1242 2220 Patri

114 2321 117 2328 ,
221 2268 467 2346 commendatio
482 2265 596 2334 atecula
612 2268 810 2335 servandum.
830 2269 906 2336 llaec
918 2280 992 2336 aunt
1006 2291 1157 2335 meorum
1167 2289 1243 2354 mya-

219 2378 374 2456 teriorum
393 2375 609 2445 bacchanalia.
635 2375 685 2442 Tu
707 2399 853 2465 qnoque,
877 2378 902 2443 si
925 2377 1089 2454 videatur,
1116 2377 1240 2442 initiare

209 2465 305 2551 'Tum
328 2487 412 2553 circa
431 2509 506 2553 eum
528 2486 582 2574 qui
601 2497 689 2551 ortua
707 2497 740 2552 et
758 2486 902 2553 interitus
922 2485 1085 2563 immunis,
1105 2484 1244 2574 solusque

219 2617 315 2662 verus
329 2595 414 2661 Deus
430 2607 491 2671 est,
512 2617 574 2660 nna
594 2615 670 2660 cum
692 2593 822 2683 angelis,
842 2593 998 2682 hymnum
1020 2595 1192 2663 nobiscum
1205 2617 1245 2661 ca·

220 2717 317 2772 ncnte
330 2704 397 2770 Deo
412 2702 533 2780 Verbo,
549 2701 685 2769 chorum
701 2702 807 2771 duces.
823 2701 972 2770 Alternus
987 2704 1041 2771 hic
1052 2703 1162 2783 lesus,
1177 2727 1246 2772 nnat

220 2836 353 2902 magnus
373 2813 515 2903 pontifex
531 2811 623 2878 unius
649 2812 722 2889 Dei,
744 2814 797 2902 qni
819 2824 867 2878 eat
888 2813 972 2879 idem
987 2813 1093 2892 Pater,
1109 2829 1183 2881 orat
1198 2802 1249 2904 pro

220 2922 415 2999 homiuibus,
440 2921 587 3013 idemque
600 2923 746 2991 hominos
760 2924 917 2990 hortatur.
938 2924 1124 3002 Attendite,
1151 2941 1248 3016 gentes

221 3031 481 3100 innumerabile
498 3060 510 3100 .·
526 3055 582 3097 seu
605 3035 711 3122 potius
730 3044 887 3123 quotquot
906 3033 980 3100 estia
1001 3034 1087 3100 iuter
1109 3035 1247 3102 homines

116 3139 118 3143 ’
222 3146 345 3211 ratione
360 3142 497 3235 praediti,
514 3157 579 3209 tam
600 3145 726 3210 barbari
741 3167 836 3233 quarn
852 3143 964 3212 Graeci.
985 3139 1176 3227 Universum
1196 3145 1249 3212 ho-

89 3237 99 3250 ,.
220 3255 344 3321 minum
366 3277 465 3343 genos
487 3251 603 3329 voco¹,
619 3276 755 3342 quorum
774 3277 834 3343 ego
852 3252 1015 3322 voluntate
1034 3255 1137 3324 Patris
1153 3253 1250 3347 opilat

221 3385 302 3427 aum.
321 3360 437 3429 Venite
458 3360 499 3428 ad
515 3384 580 3436 me,
599 3363 657 3428 sub
674 3384 738 3427 nno
753 3361 833 3439 Deo,
851 3375 884 3428 et
900 3387 964 3431 uno
979 3365 1037 3432 Dei
1054 3363 1164 3432 Verbo
1175 3365 1250 3432 ordi

222 3469 328 3534 nandi.
355 3469 422 3536 Nec
443 3467 579 3535 sufficiat
594 3469 682 3534 vobis
701 3467 848 3538 animalia
871 3473 1000 3539 rationis
1027 3474 1169 3561 expertia
1191 3470 1251 3540 sola

223 3563 533 3667 rationc'superaaa'e,
546 3601 620 3646 cum
630 3575 719 3644 robis
729 3601 770 3644 ax
784 3583 930 3648 universo
941 3601 1058 3670 genere
1072 3580 1251 3648 mortalium

105 3721 116 3742 ·
223 3685 297 3754 solia
317 3687 410 3754 licent
433 3711 506 3755 meo
531 3712 664 3756 munere
691 3689 960 3758 immortalitatem
985 3694 1149 3781 consequi.
1177 3691 1251 3760 Volo

223 3798 322 3873 enim,
340 3795 411 3863 volo
426 3795 509 3896 hanc
525 3800 612 3865 vobis
628 3801 790 3889 impertire
805 3799 936 3890 gratiam
954 3825 962 3866 :
982 3802 1144 3892 integrum
1154 3802 1251 3869 bene·

254 3925 340 3979 ¹Vidc
350 3927 385 3978 Ι).
393 3925 505 3990 Gulllon,
518 3945 544 3994 p.
558 3929 612 3996 389.
