2478 4594
165 261 231 326 eso
480 277 657 324 emnam
680 277 895 322 munerant
1020 261 1027 270 '

153 429 181 484 ,a
190 399 294 475 riunt,
305 399 351 466 eir
367 395 486 464 nullam
500 397 623 464 faciunt
633 397 795 486 injuriam.
810 425 824 460 s
837 397 954 470 lleritc
969 419 1052 487 ergo
1063 402 1206 488 supmst'a

167 507 257 584 tiosi,
274 529 350 574 cum
366 518 430 574 um
443 503 599 594 proclives
615 505 655 572 ad
667 505 1015 595 irampertimesoent,
1034 507 1204 595 omniaq:

169 614 337 689 eveniunt,
353 613 534 680 existimant
545 636 613 679 esre
628 613 716 702 signa
731 625 764 678 et
779 635 889 678 causas
901 611 1078 679 malorum
1093 638 1103 677 ι
1117 614 1143 679 si
1155 637 1202 680 nn

172 747 259 790 aram
277 745 348 812 que
369 733 438 788 erat
458 745 477 788 e
497 719 565 787 luto
580 732 764 788 constructa
785 720 987 809 perfoderit,
1005 732 1042 786 et
1058 744 1138 788 cmn
1150 721 1201 788 att

170 829 303 898 haberet
312 827 501 918 ‚hapham
517 829 709 896 corroserit.
727 851 753 892 sa
744 827 868 916 gallam
883 828 943 915 qui
966 827 1085 906 alitur,
1104 853 1200 917 repas

171 938 342 1014 cecinerit,
352 937 417 1004 hoc
430 934 976 1025 alicujussignumessestotuentes.
992 933 1111 1002 Talem
1121 961 1200 1026 φη

170 1046 243 1114 dam
270 1043 456 1112 ludificatur
481 1043 691 1112 llenander’
682 1067 715 1111 m
746 1043 906 1111 comedia
938 1067 1019 1132 qum
1046 1046 1196 1113 immae

169 1156 358 1235 Διισιδαίμνι,
374 1153 409 1220 id
429 1165 494 1230 est,
510 1152 775 1242 Superstitiosus:

287 1315 408 1372 Bonum
424 1309 498 1370 mihi
510 1309 582 1389 quid
595 1309 727 1380 accidat,
743 1307 815 1368 honi
832 1310 902 1367 Dei.

158 1455 165 1472 .
293 1413 372 1471 Nam
386 1411 502 1472 dexteri
516 1409 601 1494 pedis
614 1410 712 1490 ligans
723 1411 886 1489 corrigiam

292 1512 382 1594 Rupi.

178 1681 337 1757 «Merito,
356 1683 546 1771 onugatorl
564 1693 633 1748 erat
651 1679 737 1746 enim
751 1680 904 1769 putrida:
921 1693 964 1746 tu
980 1695 1114 1748 autemes
1122 1704 1182 1770 par-

170 1813 250 1857 scus
267 1801 300 1856 et
313 1789 476 1867 sordidus,
492 1789 547 1878 qui
564 1787 645 1856 nolis
660 1811 759 1855 novos
774 1812 893 1854 emere.
911 1818 926 1851 ι
946 1787 1181 1880 Lepidtmrstil-

170 1895 227 1963 lud
241 1896 447 1986 Antiphontis
466 1920 474 1962 τ
493 1921 568 1962 nam
583 1919 657 1962 cum
672 1896 802 1984 quidam
822 1895 910 1967 male
929 1900 1106 1987 praesagiret
1119 1919 1181 1962 nec

169 2005 256 2092 quod
271 2029 324 2072 sus
338 2003 494 2095 porcellos
509 2006 705 2080 devorasset,
719 2005 808 2092 isque
822 2027 894 2072 eam
911 2007 1049 2072 vidisset
1060 2005 1182 2072 olore·

169 2115 238 2203 ejus
253 2115 307 2202 qui
323 2115 424 2202 ipsam
439 2113 560 2189 alehat,
574 2113 657 2180 same
667 2112 759 2180 valde
774 2125 979 2180 attenuatam
996 2139 1005 2180 :
1029 2117 1092 2180 ulle
1103 2115 1181 2202 signs.

169 2220 308 2310 sinque,
326 2220 450 2299 laetare,
467 2219 644 2309 quodcum
659 2221 705 2288 sic
719 2222 873 2298 esuriret,
888 2220 975 2288 lilios
992 2234 1065 2287 tuos
1075 2245 1128 2288 nou
1139 2244 1180 2286 cr-

170 2329 336 2398 amederit.
362 2329 449 2410 Quid
466 2330 603 2406 mirum,
623 2328 719 2416 inquit
735 2329 837 2404 Bion,
852 2330 880 2394 si
893 2353 971 2396 mus
984 2329 1130 2396 calathum
1144 2351 1181 2393 ar-

169 2437 323 2514 sroaerit,
347 2459 421 2504 cum
441 2460 506 2502 non
530 2436 686 2502 inveniret
702 2437 790 2525 quod
812 2437 1001 2532 comederet
1015 2438 1030 2501 Ρ
1044 2439 1105 2502 lloc
1117 2435 1179 2500 enin

170 2545 300 2610 afuisset
324 2544 462 2620 mirum,
493 2544 519 2609 si
552 2544 613 2630 (ut
639 2542 751 2609 ludens
777 2548 988 2634 argutahatur
1012 2543 1175 2626 Arcesilaus]

169 2673 317 2719 »murem
331 2649 476 2718 calathus
491 2653 692 2718 comedisset.
709 2681 722 2714 ι
740 2651 839 2720 Recte
854 2665 945 2718 certe
961 2653 1100 2743 Diogene
1109 2671 1177 2736 qno-

166 2783 228 2850 que
241 2759 409 2827 admiranti
425 2760 553 2826 cuidam
571 2761 657 2849 quod
677 2759 845 2826 invenisset
859 2759 1019 2849 pistillum
1034 2787 1050 2827 a
1063 2767 1178 2846 serpente

167 2869 200 2936 in
219 2892 334 2958 gyrum
358 2868 615 2936 circumdatum:
640 2869 711 2936 «Ne
727 2869 872 2946 mireris,
890 2869 1012 2956 ioquin
1031 2865 1177 2936 cocleatim
1235 2955 1236 2960 ἵ

167 2975 269 3042 iillud
285 2976 479 3053 mirabilius,
498 2977 525 3042 si
539 2977 669 3042 vidisses
684 2987 808 3042 rectum
827 2991 1011 3065 serpentem
1028 3001 1089 3043 esse
1102 3000 1116 3040 a
1127 2975 1175 3063 pis-
1235 2993 1236 3032 ι

167 3082 257 3150 »tillo
272 3083 546 3151 circumdatum.»
566 3083 701 3174 Oportet
720 3084 806 3150 enim
825 3085 1000 3152 animantia
1012 3086 1124 3152 rationis
1134 3103 1176 3144 rr-

165 3193 269 3281 pertis
291 3215 438 3268 currere,
461 3215 623 3282 pugnare,
650 3215 762 3282 parere
785 3204 819 3258 et
840 3195 949 3259 mori:
967 3216 1113 3282 quaecum
1130 3187 1176 3252 th
1234 3199 1236 3268 j

164 3300 228 3366 sint
246 3301 422 3367 seeundum
436 3312 603 3374 naturam,
623 3311 738 3388 praeter
753 3311 903 3367 naturam
924 3327 943 3368 a
958 3301 1045 3368 nohis
1059 3323 1094 3364 ne
1107 3296 1174 3363 aoei-

166 3409 316 3497 piantur:

269 3565 306 3622 Et
316 3563 455 3624 volucres
469 3559 571 3620 multe
583 3561 710 3619 veniunt
721 3559 776 3620 sub
790 3559 907 3620 lumina
922 3561 1001 3623 solis.

163 3713 327 3782 Philemon
344 3737 471 3803 quoque
486 3713 626 3782 comicus
641 3711 714 3782 talia
730 3713 812 3778 ridet
826 3714 860 3780 in
877 3713 1057 3783 comedia:

267 3875 349 3936 Cum
362 3875 587 3958 conspicantem
599 3873 704 3948 tideo,
720 3876 858 3954 quisnam
874 3878 1015 3948 sternuit,
