<?xml version="1.0" encoding="UTF-8"?>
<!DOCTYPE html PUBLIC "-//W3C//DTD XHTML 1.0 Transitional//EN"
    "http://www.w3.org/TR/xhtml1/DTD/xhtml1-transitional.dtd">
<html xmlns="http://www.w3.org/1999/xhtml" xml:lang="en" lang="en">
 <head>
  <title>
</title>
<meta http-equiv="Content-Type" content="text/html;charset=utf-8" />
  <meta name='ocr-system' content='tesseract 3.04.00' />
  <meta name='ocr-capabilities' content='ocr_page ocr_carea ocr_par ocr_line ocrx_word'/>
</head>
<body>
  <div class='ocr_page' id='page_1' title='image "./collectioselect00guilgoog_0311.png"; bbox 0 0 2522 4608; ppageno 0'>
   <div class='ocr_carea' id='block_1_1' title="bbox 342 269 1030 342">
    <p class='ocr_par' dir='ltr' id='par_1_1' title="bbox 342 269 1030 342">
     <span class='ocr_line' id='line_1_1' title="bbox 342 269 1030 342; baseline 0.007 -8"><span class='ocrx_word' id='word_1_1' title='bbox 342 288 542 342; x_wconf 71' lang='lat' dir='ltr'><strong>renascens,</strong></span> <span class='ocrx_word' id='word_1_2' title='bbox 566 287 627 336; x_wconf 79' lang='lat' dir='ltr'><strong>tra.</strong></span> <span class='ocrx_word' id='word_1_3' title='bbox 654 288 689 332; x_wconf 95' lang='grc' dir='ltr'><strong>ιι.</strong></span> <span class='ocrx_word' id='word_1_4' title='bbox 835 321 837 326; x_wconf 68' lang='lat'><strong>,</strong></span> <span class='ocrx_word' id='word_1_5' title='bbox 968 269 1030 339; x_wconf 80' lang='lat'><strong>305</strong></span> 
     </span>
    </p>
   </div>
   <div class='ocr_carea' id='block_1_2' title="bbox 10 407 1075 620">
    <p class='ocr_par' dir='ltr' id='par_1_2' title="bbox 10 407 1075 620">
     <span class='ocr_line' id='line_1_2' title="bbox 10 407 1075 501; baseline 0 -21"><span class='ocrx_word' id='word_1_6' title='bbox 10 413 72 480; x_wconf 83' lang='lat' dir='ltr'><strong>dere</strong></span> <span class='ocrx_word' id='word_1_7' title='bbox 85 411 245 487; x_wconf 79' lang='lat' dir='ltr'><strong>convenit,</strong></span> <span class='ocrx_word' id='word_1_8' title='bbox 261 408 393 501; x_wconf 81' lang='lat' dir='ltr'>perinde</span> <span class='ocrx_word' id='word_1_9' title='bbox 409 409 488 477; x_wconf 89' lang='lat' dir='ltr'><strong>acsi</strong></span> <span class='ocrx_word' id='word_1_10' title='bbox 504 409 574 498; x_wconf 88' lang='lat' dir='ltr'><strong>quis</strong></span> <span class='ocrx_word' id='word_1_11' title='bbox 588 409 697 498; x_wconf 79' lang='lat' dir='ltr'><strong>ignem</strong></span> <span class='ocrx_word' id='word_1_12' title='bbox 715 407 749 474; x_wconf 90' lang='lat' dir='ltr'><strong>in</strong></span> <span class='ocrx_word' id='word_1_13' title='bbox 771 407 877 498; x_wconf 76' lang='lat' dir='ltr'><strong>ignem</strong></span> <span class='ocrx_word' id='word_1_14' title='bbox 895 411 1029 489; x_wconf 85' lang='lat' dir='ltr'><strong>derivet,</strong></span> <span class='ocrx_word' id='word_1_15' title='bbox 1072 492 1075 498; x_wconf 25' lang='grc' dir='ltr'>Ι</span> 
     </span>
     <span class='ocr_line' id='line_1_3' title="bbox 10 517 1033 620; baseline 0.001 -32"><span class='ocrx_word' id='word_1_16' title='bbox 10 545 108 612; x_wconf 83' lang='lat' dir='ltr'><strong>esque</strong></span> <span class='ocrx_word' id='word_1_17' title='bbox 129 523 285 588; x_wconf 86' lang='lat' dir='ltr'><strong>immanes</strong></span> <span class='ocrx_word' id='word_1_18' title='bbox 306 519 536 620; x_wconf 61' lang='lat' dir='ltr'><strong>appetitiones,</strong></span> <span class='ocrx_word' id='word_1_19' title='bbox 548 517 758 607; x_wconf 77' lang='lat' dir='ltr'><strong>ardentesque</strong></span> <span class='ocrx_word' id='word_1_20' title='bbox 773 519 975 609; x_wconf 87' lang='lat' dir='ltr'><strong>cupiditates,</strong></span> <span class='ocrx_word' id='word_1_21' title='bbox 999 537 1033 589; x_wconf 87' lang='lat' dir='ltr'><strong>ot</strong></span> 
     </span>
    </p>
   </div>
   <div class='ocr_carea' id='block_1_3' title="bbox 7 625 1045 3990">
    <p class='ocr_par' dir='ltr' id='par_1_3' title="bbox 7 625 1045 3990">
     <span class='ocr_line' id='line_1_4' title="bbox 8 625 1032 722; baseline 0 -24"><span class='ocrx_word' id='word_1_22' title='bbox 8 655 96 698; x_wconf 90' lang='lat' dir='ltr'><strong>mores</strong></span> <span class='ocrx_word' id='word_1_23' title='bbox 110 632 195 722; x_wconf 81' lang='lat' dir='ltr'><strong>ignei</strong></span> <span class='ocrx_word' id='word_1_24' title='bbox 211 627 427 698; x_wconf 87' lang='lat' dir='ltr'><strong>incenduntur</strong></span> <span class='ocrx_word' id='word_1_25' title='bbox 443 650 452 693; x_wconf 76' lang='grc' dir='ltr'><strong>ε</strong></span> <span class='ocrx_word' id='word_1_26' title='bbox 471 625 654 694; x_wconf 81' lang='lat' dir='ltr'><strong>excalefacti</strong></span> <span class='ocrx_word' id='word_1_27' title='bbox 678 639 785 694; x_wconf 89' lang='lat' dir='ltr'><strong>autem</strong></span> <span class='ocrx_word' id='word_1_28' title='bbox 805 629 890 695; x_wconf 90' lang='lat' dir='ltr'><strong>intus</strong></span> <span class='ocrx_word' id='word_1_29' title='bbox 906 631 1032 698; x_wconf 88' lang='lat' dir='ltr'><strong>adoles-</strong></span> 
     </span>
     <span class='ocr_line' id='line_1_5' title="bbox 7 734 1034 831; baseline 0.001 -23"><span class='ocrx_word' id='word_1_30' title='bbox 7 753 98 808; x_wconf 84' lang='lat' dir='ltr'><strong>centes</strong></span> <span class='ocrx_word' id='word_1_31' title='bbox 110 740 255 808; x_wconf 82' lang='lat' dir='ltr'><strong>evadunt</strong></span> <span class='ocrx_word' id='word_1_32' title='bbox 268 737 417 831; x_wconf 81' lang='lat' dir='ltr'><strong>propensi</strong></span> <span class='ocrx_word' id='word_1_33' title='bbox 432 737 473 803; x_wconf 92' lang='lat' dir='ltr'><strong>ad</strong></span> <span class='ocrx_word' id='word_1_34' title='bbox 488 734 649 814; x_wconf 85' lang='lat' dir='ltr'><strong>libidines,</strong></span> <span class='ocrx_word' id='word_1_35' title='bbox 666 737 745 804; x_wconf 87' lang='lat' dir='ltr'><strong>adeo</strong></span> <span class='ocrx_word' id='word_1_36' title='bbox 761 749 796 802; x_wconf 91' lang='lat' dir='ltr'><strong>ut</strong></span> <span class='ocrx_word' id='word_1_37' title='bbox 811 740 951 828; x_wconf 87' lang='lat' dir='ltr'><strong>ipsorum</strong></span> <span class='ocrx_word' id='word_1_38' title='bbox 964 766 1034 809; x_wconf 88' lang='lat' dir='ltr'><strong>cor·</strong></span> 
     </span>
     <span class='ocr_line' id='line_1_6' title="bbox 8 843 1033 940; baseline 0.005 -28"><span class='ocrx_word' id='word_1_39' title='bbox 8 871 58 937; x_wconf 88' lang='lat' dir='ltr'><strong>pus</strong></span> <span class='ocrx_word' id='word_1_40' title='bbox 68 848 164 913; x_wconf 78' lang='lat' dir='ltr'><strong>futuri</strong></span> <span class='ocrx_word' id='word_1_41' title='bbox 178 847 265 914; x_wconf 85' lang='lat' dir='ltr'><strong>exitii</strong></span> <span class='ocrx_word' id='word_1_42' title='bbox 280 858 368 915; x_wconf 88' lang='lat' dir='ltr'><strong>certa</strong></span> <span class='ocrx_word' id='word_1_43' title='bbox 383 846 525 936; x_wconf 76' lang='lat' dir='ltr'><strong>praebeat</strong></span> <span class='ocrx_word' id='word_1_44' title='bbox 539 845 671 920; x_wconf 90' lang='lat' dir='ltr'><strong>indicia,</strong></span> <span class='ocrx_word' id='word_1_45' title='bbox 684 843 817 912; x_wconf 86' lang='lat' dir='ltr'><strong>celerius</strong></span> <span class='ocrx_word' id='word_1_46' title='bbox 833 870 929 934; x_wconf 89' lang='lat' dir='ltr'><strong>quum</strong></span> <span class='ocrx_word' id='word_1_47' title='bbox 941 872 1033 940; x_wconf 91' lang='lat' dir='ltr'><strong>opor-</strong></span> 
     </span>
     <span class='ocr_line' id='line_1_7' title="bbox 9 951 1033 1042; baseline 0.005 -21"><span class='ocrx_word' id='word_1_48' title='bbox 9 955 59 1021; x_wconf 89' lang='lat' dir='ltr'><strong>tuit</strong></span> <span class='ocrx_word' id='word_1_49' title='bbox 65 954 228 1021; x_wconf 81' lang='lat' dir='ltr'><strong>maturatis</strong></span> <span class='ocrx_word' id='word_1_50' title='bbox 238 954 392 1020; x_wconf 89' lang='lat' dir='ltr'><strong>membris</strong></span> <span class='ocrx_word' id='word_1_51' title='bbox 402 952 594 1042; x_wconf 75' lang='lat' dir='ltr'><strong>cupiditatis.</strong></span> <span class='ocrx_word' id='word_1_52' title='bbox 605 951 689 1020; x_wconf 88' lang='lat' dir='ltr'><strong>Viuo</strong></span> <span class='ocrx_word' id='word_1_53' title='bbox 696 954 781 1020; x_wconf 90' lang='lat' dir='ltr'><strong>enim</strong></span> <span class='ocrx_word' id='word_1_54' title='bbox 792 955 1033 1026; x_wconf 81' lang='lat' dir='ltr'><strong>effervescentes</strong></span> 
     </span>
     <span class='ocr_line' id='line_1_8' title="bbox 9 1063 1034 1154; baseline 0.005 -24"><span class='ocrx_word' id='word_1_55' title='bbox 9 1077 118 1154; x_wconf 72' lang='lat' dir='ltr'><strong>turgent</strong></span> <span class='ocrx_word' id='word_1_56' title='bbox 133 1087 173 1132; x_wconf 90' lang='lat' dir='ltr'><strong>ac</strong></span> <span class='ocrx_word' id='word_1_57' title='bbox 187 1065 407 1130; x_wconf 89' lang='lat' dir='ltr'><strong>intumescunt</strong></span> <span class='ocrx_word' id='word_1_58' title='bbox 418 1064 517 1129; x_wconf 92' lang='lat' dir='ltr'><strong>ubera</strong></span> <span class='ocrx_word' id='word_1_59' title='bbox 528 1074 562 1128; x_wconf 90' lang='lat' dir='ltr'><strong>et</strong></span> <span class='ocrx_word' id='word_1_60' title='bbox 573 1063 734 1152; x_wconf 89' lang='lat' dir='ltr'><strong>pudenda,</strong></span> <span class='ocrx_word' id='word_1_61' title='bbox 747 1076 779 1130; x_wconf 88' lang='lat' dir='ltr'><strong>ct</strong></span> <span class='ocrx_word' id='word_1_62' title='bbox 791 1067 962 1152; x_wconf 87' lang='lat' dir='ltr'><strong>quamdam</strong></span> <span class='ocrx_word' id='word_1_63' title='bbox 974 1069 1034 1135; x_wconf 87' lang='lat' dir='ltr'><strong>for-</strong></span> 
     </span>
     <span class='ocr_line' id='line_1_9' title="bbox 10 1173 1034 1266; baseline 0.004 -24"><span class='ocrx_word' id='word_1_64' title='bbox 10 1175 159 1242; x_wconf 88' lang='lat' dir='ltr'><strong>nicationis</strong></span> <span class='ocrx_word' id='word_1_65' title='bbox 174 1174 346 1264; x_wconf 77' lang='lat' dir='ltr'><strong>imaginem</strong></span> <span class='ocrx_word' id='word_1_66' title='bbox 361 1174 428 1261; x_wconf 88' lang='lat' dir='ltr'><strong>jam</strong></span> <span class='ocrx_word' id='word_1_67' title='bbox 442 1173 657 1262; x_wconf 83' lang='lat' dir='ltr'><strong>praenuntiant</strong></span> <span class='ocrx_word' id='word_1_68' title='bbox 671 1195 679 1238; x_wconf 75' lang='grc' dir='ltr'><strong>ε</strong></span> <span class='ocrx_word' id='word_1_69' title='bbox 692 1186 725 1238; x_wconf 89' lang='lat' dir='ltr'><strong>et</strong></span> <span class='ocrx_word' id='word_1_70' title='bbox 742 1197 857 1263; x_wconf 90' lang='lat' dir='ltr'><strong>corpus</strong></span> <span class='ocrx_word' id='word_1_71' title='bbox 872 1179 956 1266; x_wconf 82' lang='lat' dir='ltr'><strong>cogit</strong></span> <span class='ocrx_word' id='word_1_72' title='bbox 968 1179 1034 1246; x_wconf 86' lang='lat' dir='ltr'><strong>vul·</strong></span> 
     </span>
     <span class='ocr_line' id='line_1_10' title="bbox 12 1281 1034 1374; baseline 0.002 -22"><span class='ocrx_word' id='word_1_73' title='bbox 12 1310 64 1352; x_wconf 90' lang='lat' dir='ltr'><strong>nus</strong></span> <span class='ocrx_word' id='word_1_74' title='bbox 72 1287 178 1353; x_wconf 80' lang='lat' dir='ltr'><strong>auimae</strong></span> <span class='ocrx_word' id='word_1_75' title='bbox 190 1284 381 1352; x_wconf 80' lang='lat' dir='ltr'><strong>inflammari</strong></span> <span class='ocrx_word' id='word_1_76' title='bbox 392 1307 400 1350; x_wconf 75' lang='grc' dir='ltr'><strong>ε</strong></span> <span class='ocrx_word' id='word_1_77' title='bbox 412 1297 446 1350; x_wconf 90' lang='lat' dir='ltr'><strong>et</strong></span> <span class='ocrx_word' id='word_1_78' title='bbox 456 1281 565 1374; x_wconf 88' lang='lat' dir='ltr'><strong>pulsus</strong></span> <span class='ocrx_word' id='word_1_79' title='bbox 578 1285 780 1373; x_wconf 89' lang='lat' dir='ltr'><strong>impudentes</strong></span> <span class='ocrx_word' id='word_1_80' title='bbox 792 1287 1034 1360; x_wconf 84' lang='lat' dir='ltr'><strong>redundantiam</strong></span> 
     </span>
     <span class='ocr_line' id='line_1_11' title="bbox 12 1393 1035 1488; baseline 0.006 -28"><span class='ocrx_word' id='word_1_81' title='bbox 12 1407 242 1484; x_wconf 83' lang='lat' dir='ltr'><strong>persequuntur,</strong></span> <span class='ocrx_word' id='word_1_82' title='bbox 261 1393 505 1484; x_wconf 75' lang='lat' dir='ltr'><strong>temperantiam</strong></span> <span class='ocrx_word' id='word_1_83' title='bbox 528 1415 566 1459; x_wconf 88' lang='lat' dir='ltr'><strong>ae</strong></span> <span class='ocrx_word' id='word_1_84' title='bbox 588 1394 840 1461; x_wconf 79' lang='lat' dir='ltr'><strong>moderationem</strong></span> <span class='ocrx_word' id='word_1_85' title='bbox 860 1397 901 1462; x_wconf 89' lang='lat' dir='ltr'><strong>ad</strong></span> <span class='ocrx_word' id='word_1_86' title='bbox 922 1399 1035 1488; x_wconf 92' lang='lat' dir='ltr'><strong>iniqui·</strong></span> 
     </span>
     <span class='ocr_line' id='line_1_12' title="bbox 14 1499 1034 1596; baseline 0.004 -26"><span class='ocrx_word' id='word_1_87' title='bbox 14 1517 96 1570; x_wconf 85' lang='lat' dir='ltr'><strong>tatem</strong></span> <span class='ocrx_word' id='word_1_88' title='bbox 106 1514 342 1596; x_wconf 86' lang='lat' dir='ltr'><strong>provocantes:</strong></span> <span class='ocrx_word' id='word_1_89' title='bbox 364 1502 439 1568; x_wconf 90' lang='lat' dir='ltr'><strong>hinc</strong></span> <span class='ocrx_word' id='word_1_90' title='bbox 454 1512 561 1567; x_wconf 90' lang='lat' dir='ltr'><strong>autem</strong></span> <span class='ocrx_word' id='word_1_91' title='bbox 581 1499 629 1576; x_wconf 84' lang='lat' dir='ltr'><strong>iit,</strong></span> <span class='ocrx_word' id='word_1_92' title='bbox 649 1513 683 1567; x_wconf 96' lang='lat' dir='ltr'><strong>ut</strong></span> <span class='ocrx_word' id='word_1_93' title='bbox 702 1515 845 1571; x_wconf 89' lang='lat' dir='ltr'><strong>mustum</strong></span> <span class='ocrx_word' id='word_1_94' title='bbox 859 1506 1034 1594; x_wconf 85' lang='lat' dir='ltr'><strong>juventutis</strong></span> 
     </span>
     <span class='ocr_line' id='line_1_13' title="bbox 13 1609 1034 1704; baseline 0.004 -24"><span class='ocrx_word' id='word_1_95' title='bbox 13 1613 79 1680; x_wconf 83' lang='lat' dir='ltr'><strong>fines</strong></span> <span class='ocrx_word' id='word_1_96' title='bbox 93 1614 223 1704; x_wconf 90' lang='lat' dir='ltr'><strong>pudoris</strong></span> <span class='ocrx_word' id='word_1_97' title='bbox 237 1609 403 1679; x_wconf 86' lang='lat' dir='ltr'><strong>transiliat.</strong></span> <span class='ocrx_word' id='word_1_98' title='bbox 423 1609 558 1700; x_wconf 91' lang='lat' dir='ltr'><strong>Oportet</strong></span> <span class='ocrx_word' id='word_1_99' title='bbox 574 1622 694 1686; x_wconf 91' lang='lat' dir='ltr'><strong>autem,</strong></span> <span class='ocrx_word' id='word_1_100' title='bbox 707 1636 805 1700; x_wconf 91' lang='lat' dir='ltr'><strong>quam</strong></span> <span class='ocrx_word' id='word_1_101' title='bbox 817 1616 953 1681; x_wconf 85' lang='lat' dir='ltr'><strong>maxime</strong></span> <span class='ocrx_word' id='word_1_102' title='bbox 964 1616 1034 1685; x_wconf 81' lang='lat' dir='ltr'><strong>steri</strong></span> 
     </span>
     <span class='ocr_line' id='line_1_14' title="bbox 12 1721 1036 1813; baseline 0.004 -23"><span class='ocrx_word' id='word_1_103' title='bbox 12 1726 285 1813; x_wconf 80' lang='lat' dir='ltr'><strong>potest„juseuum</strong></span> <span class='ocrx_word' id='word_1_104' title='bbox 306 1721 517 1811; x_wconf 82' lang='lat' dir='ltr'><strong>appetitiones</strong></span> <span class='ocrx_word' id='word_1_105' title='bbox 532 1721 639 1786; x_wconf 89' lang='lat' dir='ltr'><strong>conari</strong></span> <span class='ocrx_word' id='word_1_106' title='bbox 660 1723 857 1811; x_wconf 78' lang='lat' dir='ltr'><strong>extinguere,</strong></span> <span class='ocrx_word' id='word_1_107' title='bbox 874 1726 1036 1794; x_wconf 90' lang='lat' dir='ltr'><strong>minarum</strong></span> 
     </span>
     <span class='ocr_line' id='line_1_15' title="bbox 11 1829 1037 1922; baseline 0.007 -24"><span class='ocrx_word' id='word_1_108' title='bbox 11 1833 125 1922; x_wconf 71' lang='lat' dir='ltr'><strong>quddam</strong></span> <span class='ocrx_word' id='word_1_109' title='bbox 134 1831 332 1899; x_wconf 77' lang='lat' dir='ltr'><strong>bacchicam</strong></span> <span class='ocrx_word' id='word_1_110' title='bbox 342 1829 487 1896; x_wconf 79' lang='lat' dir='ltr'><strong>fomitem</strong></span> <span class='ocrx_word' id='word_1_111' title='bbox 499 1831 689 1908; x_wconf 87' lang='lat' dir='ltr'><strong>auferentes,</strong></span> <span class='ocrx_word' id='word_1_112' title='bbox 707 1831 823 1899; x_wconf 83' lang='lat' dir='ltr'><strong>fervori</strong></span> <span class='ocrx_word' id='word_1_113' title='bbox 835 1845 949 1901; x_wconf 85' lang='lat' dir='ltr'><strong>&#39;autem</strong></span> <span class='ocrx_word' id='word_1_114' title='bbox 961 1859 1037 1905; x_wconf 89' lang='lat' dir='ltr'><strong>con·</strong></span> 
     </span>
     <span class='ocr_line' id='line_1_16' title="bbox 12 1939 1037 2030; baseline 0.007 -21"><span class='ocrx_word' id='word_1_115' title='bbox 12 1943 131 2010; x_wconf 85' lang='lat' dir='ltr'><strong>trarium</strong></span> <span class='ocrx_word' id='word_1_116' title='bbox 144 1942 416 2011; x_wconf 83' lang='lat' dir='ltr'><strong>medicamentum</strong></span> <span class='ocrx_word' id='word_1_117' title='bbox 431 1939 647 2020; x_wconf 82' lang='lat' dir='ltr'><strong>infundentes,</strong></span> <span class='ocrx_word' id='word_1_118' title='bbox 659 1941 746 2030; x_wconf 88' lang='lat' dir='ltr'><strong>quod</strong></span> <span class='ocrx_word' id='word_1_119' title='bbox 761 1944 858 2010; x_wconf 89' lang='lat' dir='ltr'><strong>etiam</strong></span> <span class='ocrx_word' id='word_1_120' title='bbox 869 1947 1037 2016; x_wconf 89' lang='lat' dir='ltr'><strong>ardentem</strong></span> 
     </span>
     <span class='ocr_line' id='line_1_17' title="bbox 14 2049 1036 2134; baseline 0.006 -16"><span class='ocrx_word' id='word_1_121' title='bbox 14 2051 141 2118; x_wconf 74' lang='grc' dir='ltr'>ιιιὶιιιιιιι</span> <span class='ocrx_word' id='word_1_122' title='bbox 154 2050 328 2125; x_wconf 88' lang='lat' dir='ltr'><strong>cohibebit,</strong></span> <span class='ocrx_word' id='word_1_123' title='bbox 345 2061 380 2114; x_wconf 93' lang='lat' dir='ltr'><strong>et</strong></span> <span class='ocrx_word' id='word_1_124' title='bbox 394 2049 538 2116; x_wconf 86' lang='lat' dir='ltr'><strong>membra</strong></span> <span class='ocrx_word' id='word_1_125' title='bbox 556 2050 799 2118; x_wconf 84' lang='lat' dir='ltr'><strong>intumescentia</strong></span> <span class='ocrx_word' id='word_1_126' title='bbox 815 2054 977 2133; x_wconf 88' lang='lat' dir='ltr'><strong>retinebit,</strong></span> <span class='ocrx_word' id='word_1_127' title='bbox 989 2067 1036 2134; x_wconf 89' lang='lat' dir='ltr'><strong>et,</strong></span> 
     </span>
     <span class='ocr_line' id='line_1_18' title="bbox 13 2159 1039 2252; baseline 0.008 -27"><span class='ocrx_word' id='word_1_128' title='bbox 13 2183 82 2250; x_wconf 72' lang='lat' dir='ltr'><strong>que</strong></span> <span class='ocrx_word' id='word_1_129' title='bbox 94 2161 156 2250; x_wconf 86' lang='lat' dir='ltr'><strong>jam</strong></span> <span class='ocrx_word' id='word_1_130' title='bbox 169 2162 315 2252; x_wconf 80' lang='lat' dir='ltr'><strong>agitatur,</strong></span> <span class='ocrx_word' id='word_1_131' title='bbox 329 2159 510 2248; x_wconf 88' lang='lat' dir='ltr'><strong>cupiditatis</strong></span> <span class='ocrx_word' id='word_1_132' title='bbox 524 2159 770 2226; x_wconf 87' lang='lat' dir='ltr'><strong>incitamentum</strong></span> <span class='ocrx_word' id='word_1_133' title='bbox 781 2161 891 2251; x_wconf 88' lang='lat' dir='ltr'><strong>sopiat.</strong></span> <span class='ocrx_word' id='word_1_134' title='bbox 908 2164 972 2243; x_wconf 90' lang='lat' dir='ltr'><strong>Qui</strong></span> <span class='ocrx_word' id='word_1_135' title='bbox 983 2189 1039 2233; x_wconf 91' lang='lat' dir='ltr'><strong>au·</strong></span> 
     </span>
     <span class='ocr_line' id='line_1_19' title="bbox 15 2267 1038 2360; baseline 0.005 -22"><span class='ocrx_word' id='word_1_136' title='bbox 15 2283 79 2338; x_wconf 87' lang='lat' dir='ltr'><strong>tem</strong></span> <span class='ocrx_word' id='word_1_137' title='bbox 96 2283 164 2336; x_wconf 87' lang='lat' dir='ltr'><strong>sunt</strong></span> <span class='ocrx_word' id='word_1_138' title='bbox 181 2271 214 2337; x_wconf 95' lang='lat' dir='ltr'><strong>in</strong></span> <span class='ocrx_word' id='word_1_139' title='bbox 235 2271 305 2360; x_wconf 84' lang='lat' dir='ltr'><strong>ipso</strong></span> <span class='ocrx_word' id='word_1_140' title='bbox 323 2267 404 2335; x_wconf 89' lang='lat' dir='ltr'><strong>ssore</strong></span> <span class='ocrx_word' id='word_1_141' title='bbox 422 2268 537 2346; x_wconf 76' lang='lat' dir='ltr'><strong>oet&#39;atis,</strong></span> <span class='ocrx_word' id='word_1_142' title='bbox 554 2267 693 2335; x_wconf 87' lang='lat' dir='ltr'><strong>interdiu</strong></span> <span class='ocrx_word' id='word_1_143' title='bbox 714 2269 843 2359; x_wconf 91' lang='lat' dir='ltr'><strong>quidem</strong></span> <span class='ocrx_word' id='word_1_144' title='bbox 862 2285 1038 2353; x_wconf 86' lang='lat' dir='ltr'><strong>sumentes,</strong></span> 
     </span>
     <span class='ocr_line' id='line_1_20' title="bbox 12 2376 1040 2474; baseline 0.006 -30"><span class='ocrx_word' id='word_1_145' title='bbox 12 2381 121 2470; x_wconf 67' lang='lat' dir='ltr'><strong>qubus</strong></span> <span class='ocrx_word' id='word_1_146' title='bbox 135 2380 166 2446; x_wconf 89' lang='lat' dir='ltr'><strong>id</strong></span> <span class='ocrx_word' id='word_1_147' title='bbox 185 2379 349 2456; x_wconf 82' lang='lat' dir='ltr'><strong>convenit,</strong></span> <span class='ocrx_word' id='word_1_148' title='bbox 365 2378 548 2469; x_wconf 89' lang='lat' dir='ltr'><strong>prandium,</strong></span> <span class='ocrx_word' id='word_1_149' title='bbox 564 2401 647 2468; x_wconf 89' lang='lat' dir='ltr'><strong>pane</strong></span> <span class='ocrx_word' id='word_1_150' title='bbox 669 2376 737 2446; x_wconf 90' lang='lat' dir='ltr'><strong>solo</strong></span> <span class='ocrx_word' id='word_1_151' title='bbox 759 2391 897 2468; x_wconf 76' lang='lat' dir='ltr'><strong>gustato,</strong></span> <span class='ocrx_word' id='word_1_152' title='bbox 920 2405 938 2448; x_wconf 91' lang='lat' dir='ltr'><strong>a</strong></span> <span class='ocrx_word' id='word_1_153' title='bbox 959 2395 1040 2474; x_wconf 91' lang='lat' dir='ltr'><strong>potu</strong></span> 
     </span>
     <span class='ocr_line' id='line_1_21' title="bbox 12 2477 1038 2579; baseline 0.002 -21"><span class='ocrx_word' id='word_1_154' title='bbox 12 2493 133 2559; x_wconf 90' lang='lat' dir='ltr'><strong>omniuo</strong></span> <span class='ocrx_word' id='word_1_155' title='bbox 142 2492 334 2570; x_wconf 82' lang='lat' dir='ltr'><strong>abstineant,</strong></span> <span class='ocrx_word' id='word_1_156' title='bbox 347 2501 385 2555; x_wconf 89' lang='lat' dir='ltr'><strong>ut</strong></span> <span class='ocrx_word' id='word_1_157' title='bbox 396 2491 544 2556; x_wconf 84' lang='lat' dir='ltr'><strong>ebibatur</strong></span> <span class='ocrx_word' id='word_1_158' title='bbox 557 2512 670 2556; x_wconf 84' lang='lat' dir='ltr'><strong>eorum</strong></span> <span class='ocrx_word' id='word_1_159' title='bbox 682 2477 841 2579; x_wconf 84' lang='lat' dir='ltr'><strong>superflua</strong></span> <span class='ocrx_word' id='word_1_160' title='bbox 853 2491 1038 2574; x_wconf 86' lang='lat' dir='ltr'><strong>humiditas,</strong></span> 
     </span>
     <span class='ocr_line' id='line_1_22' title="bbox 10 2589 1041 2690; baseline 0.004 -22"><span class='ocrx_word' id='word_1_161' title='bbox 10 2602 163 2674; x_wconf 64' lang='lat' dir='ltr'><strong>auduom</strong></span> <span class='ocrx_word' id='word_1_162' title='bbox 181 2625 252 2678; x_wconf 87' lang='lat' dir='ltr'><strong>esu,</strong></span> <span class='ocrx_word' id='word_1_163' title='bbox 275 2599 373 2666; x_wconf 80' lang='lat' dir='ltr'><strong>veluti</strong></span> <span class='ocrx_word' id='word_1_164' title='bbox 396 2589 534 2687; x_wconf 84' lang='lat' dir='ltr'><strong>quadam</strong></span> <span class='ocrx_word' id='word_1_165' title='bbox 549 2601 690 2690; x_wconf 82' lang='lat' dir='ltr'><strong>spongia,</strong></span> <span class='ocrx_word' id='word_1_166' title='bbox 717 2601 879 2670; x_wconf 82' lang='lat' dir='ltr'><strong>exhausta.</strong></span> <span class='ocrx_word' id='word_1_167' title='bbox 906 2604 1041 2673; x_wconf 84' lang='lat' dir='ltr'><strong>Assiduc</strong></span> 
     </span>
     <span class='ocr_line' id='line_1_23' title="bbox 9 2711 1042 2804; baseline 0.004 -24"><span class='ocrx_word' id='word_1_168' title='bbox 9 2713 88 2780; x_wconf 86' lang='lat' dir='ltr'><strong>euim</strong></span> <span class='ocrx_word' id='word_1_169' title='bbox 97 2735 213 2804; x_wconf 84' lang='lat' dir='ltr'><strong>spuere</strong></span> <span class='ocrx_word' id='word_1_170' title='bbox 225 2723 257 2778; x_wconf 89' lang='lat' dir='ltr'><strong>et</strong></span> <span class='ocrx_word' id='word_1_171' title='bbox 272 2711 415 2800; x_wconf 78' lang='lat' dir='ltr'><strong>emungi,</strong></span> <span class='ocrx_word' id='word_1_172' title='bbox 427 2721 459 2776; x_wconf 89' lang='lat' dir='ltr'><strong>et</strong></span> <span class='ocrx_word' id='word_1_173' title='bbox 470 2711 511 2776; x_wconf 93' lang='lat' dir='ltr'><strong>ad</strong></span> <span class='ocrx_word' id='word_1_174' title='bbox 522 2711 758 2777; x_wconf 84' lang='lat' dir='ltr'><strong>excernendum</strong></span> <span class='ocrx_word' id='word_1_175' title='bbox 770 2735 954 2801; x_wconf 88' lang='lat' dir='ltr'><strong>properare,</strong></span> <span class='ocrx_word' id='word_1_176' title='bbox 967 2729 1042 2784; x_wconf 88' lang='lat' dir='ltr'><strong>suut</strong></span> 
     </span>
     <span class='ocr_line' id='line_1_24' title="bbox 11 2819 1044 2911; baseline 0.004 -23"><span class='ocrx_word' id='word_1_177' title='bbox 11 2822 125 2911; x_wconf 54' lang='lat' dir='ltr'><strong>Quum</strong></span> <span class='ocrx_word' id='word_1_178' title='bbox 140 2821 394 2910; x_wconf 78' lang='lat' dir='ltr'><strong>intemperantiae</strong></span> <span class='ocrx_word' id='word_1_179' title='bbox 406 2843 446 2885; x_wconf 79' lang='lat' dir='ltr'><strong>ex</strong></span> <span class='ocrx_word' id='word_1_180' title='bbox 460 2819 667 2886; x_wconf 90' lang='lat' dir='ltr'><strong>immoderata</strong></span> <span class='ocrx_word' id='word_1_181' title='bbox 682 2819 875 2888; x_wconf 77' lang='lat' dir='ltr'><strong>exhibitione</strong></span> <span class='ocrx_word' id='word_1_182' title='bbox 890 2823 1044 2892; x_wconf 89' lang='lat' dir='ltr'><strong>humido-</strong></span> 
     </span>
     <span class='ocr_line' id='line_1_25' title="bbox 10 2929 1042 3023; baseline 0.003 -25"><span class='ocrx_word' id='word_1_183' title='bbox 10 2955 88 3009; x_wconf 89' lang='lat' dir='ltr'><strong>rum,</strong></span> <span class='ocrx_word' id='word_1_184' title='bbox 103 2957 174 3021; x_wconf 77' lang='lat' dir='ltr'><strong>que</strong></span> <span class='ocrx_word' id='word_1_185' title='bbox 190 2929 374 3023; x_wconf 88' lang='lat' dir='ltr'><strong>plusquam</strong></span> <span class='ocrx_word' id='word_1_186' title='bbox 390 2951 449 3019; x_wconf 88' lang='lat' dir='ltr'><strong>par</strong></span> <span class='ocrx_word' id='word_1_187' title='bbox 463 2930 503 2994; x_wconf 83' lang='lat' dir='ltr'><strong>sit</strong></span> <span class='ocrx_word' id='word_1_188' title='bbox 524 2930 558 2994; x_wconf 93' lang='lat' dir='ltr'><strong>in</strong></span> <span class='ocrx_word' id='word_1_189' title='bbox 573 2953 688 3019; x_wconf 86' lang='lat' dir='ltr'><strong>eorpus</strong></span> <span class='ocrx_word' id='word_1_190' title='bbox 704 2929 924 2999; x_wconf 88' lang='lat' dir='ltr'><strong>infunduntur.</strong></span> <span class='ocrx_word' id='word_1_191' title='bbox 945 2935 1042 3014; x_wconf 89' lang='lat' dir='ltr'><strong>Quod</strong></span> 
     </span>
     <span class='ocr_line' id='line_1_26' title="bbox 11 3041 1042 3128; baseline 0.004 -20"><span class='ocrx_word' id='word_1_192' title='bbox 11 3044 136 3110; x_wconf 84' lang='lat' dir='ltr'><strong>aietiam</strong></span> <span class='ocrx_word' id='word_1_193' title='bbox 150 3044 218 3109; x_wconf 88' lang='lat' dir='ltr'><strong>sitis</strong></span> <span class='ocrx_word' id='word_1_194' title='bbox 232 3042 414 3116; x_wconf 87' lang='lat' dir='ltr'><strong>accesserit,</strong></span> <span class='ocrx_word' id='word_1_195' title='bbox 430 3052 562 3108; x_wconf 90' lang='lat' dir='ltr'><strong>curetur</strong></span> <span class='ocrx_word' id='word_1_196' title='bbox 577 3063 658 3128; x_wconf 89' lang='lat' dir='ltr'><strong>aqua</strong></span> <span class='ocrx_word' id='word_1_197' title='bbox 674 3064 739 3108; x_wconf 89' lang='lat' dir='ltr'><strong>nou</strong></span> <span class='ocrx_word' id='word_1_198' title='bbox 750 3041 849 3108; x_wconf 88' lang='lat' dir='ltr'><strong>multa</strong></span> <span class='ocrx_word' id='word_1_199' title='bbox 865 3043 935 3110; x_wconf 86' lang='lat' dir='ltr'><strong>haee</strong></span> <span class='ocrx_word' id='word_1_200' title='bbox 948 3045 1042 3112; x_wconf 78' lang='lat' dir='ltr'><strong>affec-</strong></span> 
     </span>
     <span class='ocr_line' id='line_1_27' title="bbox 9 3150 1041 3244; baseline 0.003 -24"><span class='ocrx_word' id='word_1_201' title='bbox 9 3155 61 3220; x_wconf 87' lang='lat' dir='ltr'><strong>tio.</strong></span> <span class='ocrx_word' id='word_1_202' title='bbox 75 3153 183 3244; x_wconf 86' lang='lat' dir='ltr'><strong>Neque</strong></span> <span class='ocrx_word' id='word_1_203' title='bbox 198 3153 285 3220; x_wconf 89' lang='lat' dir='ltr'><strong>enim</strong></span> <span class='ocrx_word' id='word_1_204' title='bbox 300 3176 381 3241; x_wconf 90' lang='lat' dir='ltr'><strong>aqua</strong></span> <span class='ocrx_word' id='word_1_205' title='bbox 396 3152 530 3217; x_wconf 89' lang='lat' dir='ltr'><strong>nimium</strong></span> <span class='ocrx_word' id='word_1_206' title='bbox 546 3151 674 3240; x_wconf 79' lang='lat' dir='ltr'><strong>profuse</strong></span> <span class='ocrx_word' id='word_1_207' title='bbox 685 3150 809 3243; x_wconf 90' lang='lat' dir='ltr'><strong>impleri</strong></span> <span class='ocrx_word' id='word_1_208' title='bbox 822 3155 983 3231; x_wconf 87' lang='lat' dir='ltr'><strong>convenit,</strong></span> <span class='ocrx_word' id='word_1_209' title='bbox 1000 3179 1041 3223; x_wconf 91' lang='lat' dir='ltr'><strong>ue</strong></span> 
     </span>
     <span class='ocr_line' id='line_1_28' title="bbox 11 3261 1045 3350; baseline 0.002 -20"><span class='ocrx_word' id='word_1_210' title='bbox 11 3261 130 3330; x_wconf 73' lang='lat' dir='ltr'><strong>eluatur</strong></span> <span class='ocrx_word' id='word_1_211' title='bbox 146 3264 391 3338; x_wconf 88' lang='lat' dir='ltr'><strong>nutrimentum,</strong></span> <span class='ocrx_word' id='word_1_212' title='bbox 408 3261 464 3328; x_wconf 88' lang='lat' dir='ltr'><strong>sed</strong></span> <span class='ocrx_word' id='word_1_213' title='bbox 485 3261 590 3350; x_wconf 88' lang='lat' dir='ltr'><strong>potius</strong></span> <span class='ocrx_word' id='word_1_214' title='bbox 613 3263 849 3329; x_wconf 90' lang='lat' dir='ltr'><strong>comminuatur</strong></span> <span class='ocrx_word' id='word_1_215' title='bbox 864 3262 906 3328; x_wconf 91' lang='lat' dir='ltr'><strong>ad</strong></span> <span class='ocrx_word' id='word_1_216' title='bbox 924 3263 1045 3332; x_wconf 84' lang='lat' dir='ltr'><strong>facien-</strong></span> 
     </span>
     <span class='ocr_line' id='line_1_29' title="bbox 12 3371 1045 3464; baseline 0.004 -26"><span class='ocrx_word' id='word_1_217' title='bbox 12 3371 83 3438; x_wconf 84' lang='lat' dir='ltr'><strong>dam</strong></span> <span class='ocrx_word' id='word_1_218' title='bbox 95 3375 338 3441; x_wconf 88' lang='lat' dir='ltr'><strong>concoctionem</strong></span> <span class='ocrx_word' id='word_1_219' title='bbox 344 3397 354 3448; x_wconf 76' lang='lat'><em>3</em></span> <span class='ocrx_word' id='word_1_220' title='bbox 369 3372 456 3462; x_wconf 92' lang='lat' dir='ltr'><strong>quod</strong></span> <span class='ocrx_word' id='word_1_221' title='bbox 470 3371 538 3448; x_wconf 85' lang='lat' dir='ltr'><strong>fiat,</strong></span> <span class='ocrx_word' id='word_1_222' title='bbox 556 3373 634 3438; x_wconf 93' lang='lat' dir='ltr'><strong>dum</strong></span> <span class='ocrx_word' id='word_1_223' title='bbox 649 3373 714 3438; x_wconf 92' lang='lat' dir='ltr'><strong>cibi</strong></span> <span class='ocrx_word' id='word_1_224' title='bbox 729 3373 859 3461; x_wconf 89' lang='lat' dir='ltr'><strong>quidem</strong></span> <span class='ocrx_word' id='word_1_225' title='bbox 875 3389 1045 3464; x_wconf 85' lang='lat' dir='ltr'><strong>assurgunt</strong></span> 
     </span>
     <span class='ocr_line' id='line_1_30' title="bbox 12 3481 1045 3573; baseline 0.005 -25"><span class='ocrx_word' id='word_1_226' title='bbox 12 3481 45 3548; x_wconf 86' lang='lat' dir='ltr'><strong>in</strong></span> <span class='ocrx_word' id='word_1_227' title='bbox 59 3481 186 3560; x_wconf 87' lang='lat' dir='ltr'><strong>molem,</strong></span> <span class='ocrx_word' id='word_1_228' title='bbox 203 3494 235 3548; x_wconf 92' lang='lat' dir='ltr'><strong>et</strong></span> <span class='ocrx_word' id='word_1_229' title='bbox 248 3482 425 3549; x_wconf 92' lang='lat' dir='ltr'><strong>admodum</strong></span> <span class='ocrx_word' id='word_1_230' title='bbox 438 3482 532 3571; x_wconf 88' lang='lat' dir='ltr'><strong>pauci</strong></span> <span class='ocrx_word' id='word_1_231' title='bbox 547 3505 586 3548; x_wconf 85' lang='lat' dir='ltr'><strong>ex</strong></span> <span class='ocrx_word' id='word_1_232' title='bbox 598 3483 633 3547; x_wconf 91' lang='lat' dir='ltr'><strong>iis</strong></span> <span class='ocrx_word' id='word_1_233' title='bbox 647 3481 686 3547; x_wconf 85' lang='lat' dir='ltr'><strong>ad</strong></span> <span class='ocrx_word' id='word_1_234' title='bbox 698 3482 912 3550; x_wconf 85' lang='lat' dir='ltr'><strong>excretionem</strong></span> <span class='ocrx_word' id='word_1_235' title='bbox 928 3508 1045 3573; x_wconf 84' lang='lat' dir='ltr'><strong>proce-</strong></span> 
     </span>
     <span class='ocr_line' id='line_1_31' title="bbox 13 3589 1045 3686; baseline 0.002 -26"><span class='ocrx_word' id='word_1_236' title='bbox 13 3591 99 3660; x_wconf 88' lang='lat' dir='ltr'><strong>dunt.</strong></span> <span class='ocrx_word' id='word_1_237' title='bbox 114 3591 305 3682; x_wconf 84' lang='lat' dir='ltr'><strong>Quanquam</strong></span> <span class='ocrx_word' id='word_1_238' title='bbox 321 3592 418 3659; x_wconf 87' lang='lat' dir='ltr'><strong>etiem</strong></span> <span class='ocrx_word' id='word_1_239' title='bbox 433 3589 549 3679; x_wconf 90' lang='lat' dir='ltr'><strong>alioqui</strong></span> <span class='ocrx_word' id='word_1_240' title='bbox 564 3591 713 3658; x_wconf 86' lang='lat' dir='ltr'><strong>convenit</strong></span> <span class='ocrx_word' id='word_1_241' title='bbox 726 3590 839 3656; x_wconf 76' lang='lat' dir='ltr'><strong>dirime</strong></span> <span class='ocrx_word' id='word_1_242' title='bbox 852 3595 1045 3686; x_wconf 87' lang='lat' dir='ltr'><strong>coutempla-</strong></span> 
     </span>
     <span class='ocr_line' id='line_1_32' title="bbox 13 3697 1042 3790; baseline 0.004 -24"><span class='ocrx_word' id='word_1_243' title='bbox 13 3697 162 3776; x_wconf 86' lang='lat' dir='ltr'><strong>tionibus,</strong></span> <span class='ocrx_word' id='word_1_244' title='bbox 174 3701 244 3768; x_wconf 81' lang='lat' dir='ltr'><strong>rino</strong></span> <span class='ocrx_word' id='word_1_245' title='bbox 259 3701 392 3768; x_wconf 88' lang='lat' dir='ltr'><strong>minime</strong></span> <span class='ocrx_word' id='word_1_246' title='bbox 404 3699 536 3790; x_wconf 79' lang='lat' dir='ltr'><strong>gravari.</strong></span> <span class='ocrx_word' id='word_1_247' title='bbox 552 3700 692 3765; x_wconf 76' lang='lat' dir='ltr'><strong>«Parum</strong></span> <span class='ocrx_word' id='word_1_248' title='bbox 707 3700 793 3766; x_wconf 90' lang='lat' dir='ltr'><strong>enim</strong></span> <span class='ocrx_word' id='word_1_249' title='bbox 805 3700 890 3790; x_wconf 85' lang='lat' dir='ltr'><strong>cogit</strong></span> <span class='ocrx_word' id='word_1_250' title='bbox 904 3725 1042 3781; x_wconf 87' lang='lat' dir='ltr'><strong>merum,</strong></span> 
     </span>
     <span class='ocr_line' id='line_1_33' title="bbox 14 3801 1044 3902; baseline 0.001 -24"><span class='ocrx_word' id='word_1_251' title='bbox 14 3803 88 3878; x_wconf 73' lang='lat' dir='ltr'><strong>&#39;tait</strong></span> <span class='ocrx_word' id='word_1_252' title='bbox 108 3809 272 3888; x_wconf 81' lang='lat' dir='ltr'><strong>Comicus,</strong></span> <span class='ocrx_word' id='word_1_253' title='bbox 299 3801 434 3900; x_wconf 79' lang='lat' dir='ltr'><strong>sapere:</strong></span> <span class='ocrx_word' id='word_1_254' title='bbox 460 3821 614 3876; x_wconf 81' lang='lat' dir='ltr'><strong>»tantum</strong></span> <span class='ocrx_word' id='word_1_255' title='bbox 635 3811 737 3884; x_wconf 85' lang='lat' dir='ltr'><strong>abest,</strong></span> <span class='ocrx_word' id='word_1_256' title='bbox 760 3823 795 3878; x_wconf 87' lang='lat' dir='ltr'><strong>ut</strong></span> <span class='ocrx_word' id='word_1_257' title='bbox 814 3821 1044 3902; x_wconf 87' lang='lat' dir='ltr'><strong>temperantem</strong></span> 
     </span>
     <span class='ocr_line' id='line_1_34' title="bbox 100 3943 891 3990; baseline 0.004 -6"><span class='ocrx_word' id='word_1_258' title='bbox 100 3943 150 3984; x_wconf 83' lang='lat'>111.</span> <span class='ocrx_word' id='word_1_259' title='bbox 715 3962 719 3970; x_wconf 77' lang='lat'><strong>,</strong></span> <span class='ocrx_word' id='word_1_260' title='bbox 851 3945 891 3990; x_wconf 82' lang='lat' dir='ltr'><strong>ao</strong></span> 
     </span>
    </p>
   </div>
   <div class='ocr_carea' id='block_1_4' title="bbox 0 0 1271 4608">
    <p class='ocr_par' dir='ltr' id='par_1_4' title="bbox 0 0 1271 4608">
     <span class='ocr_line' id='line_1_35' title="bbox 0 0 1271 4608; baseline 0 0"><span class='ocrx_word' id='word_1_261' title='bbox 0 0 1271 4608; x_wconf 95' lang='lat' dir='ltr'><strong> </strong></span> 
     </span>
    </p>
   </div>
  </div>
 </body>
</html>
