2574 4628
357 320 557 364 conunmmo
582 325 621 366 an
645 324 773 368 suares.
1022 301 1081 364 185

35 459 70 499 eo
90 434 231 500 discere
247 435 390 510 festinam
407 435 470 503 hoe
485 451 533 503 est
547 438 674 505 festinas
689 440 729 505 ad
744 437 891 514 salutem,
907 438 988 504 iram
1009 437 1082 526 qui-
1197 513 1204 531 .

34 545 107 610 dem
130 546 274 622 timens,
295 546 430 634 gratiam
451 545 596 637 diligens,
617 572 707 638 spem
727 549 801 615 reio
824 547 1017 637 propositam
1032 568 1104 638 se«¹

34 675 151 741 quens,
172 665 214 717 ut
234 651 377 718 declines
388 651 566 740 judicium?
577 655 704 731 Venite,
721 655 838 731 venite,
856 653 919 720 mei
938 654 1082 741 juvence,

31 763 91 827 nisi
110 763 211 828 enim
221 762 422 852 efficiamini
439 787 554 830 ruraua
562 768 660 853 puori
668 776 701 830 et
713 764 951 855 regeneramini
956 763 982 838 ¹,
994 774 1029 826 ut
1041 761 1085 827 ait

31 869 227 961 Scriptura,
245 895 352 960 neque
373 894 484 940 rernm
500 885 624 962 patrem
641 875 824 963 reciperer«
840 896 944 961 neque
959 873 992 938 in
1010 895 1084 962 reg-

31 1004 140 1046 »nnm
157 979 329 1047 eoelorum
341 981 465 1071 ingredi
475 1010 488 1044 s
498 1005 639 1069 unquam
649 983 804 1072 poteritis.
818 981 987 1070 Peregrino
998 979 1085 1045 enim

31 1090 159 1180 ingredi
178 1113 252 1178 que
273 1091 404 1157 tandem
419 1091 540 1156 ratione
558 1092 700 1182 permitti
719 1089 845 1179 potest?
865 1091 895 1156 ls
910 1081 1030 1164 taimen.
1048 1101 1084 1152 ut

32 1225 92 1291 ego
104 1201 255 1290 quidem
270 1200 429 1278 existimo,
446 1223 520 1268 oum
531 1199 627 1266 fuerit
641 1201 824 1290 inscriptus,
841 1210 873 1264 et
888 1198 1014 1266 civitate
1029 1197 1084 1262 do-

32 1323 143 1388 natus,
165 1319 368 1400 patremque
388 1311 559 1399 acceperit,
575 1321 654 1378 tune
671 1310 705 1376 in
726 1311 774 1375 sui
789 1309 887 1398 patris
903 1307 998 1380 domo
1014 1327 1084 1372 ma-

35 1421 140 1497 nebit,
154 1433 244 1486 tune
256 1419 359 1486 haeres
371 1419 567 1496 instituetur,
580 1431 659 1486 tune
674 1419 815 1509 ingenuo
824 1418 897 1507 ejus
906 1417 1083 1503 dilectoque

38 1531 133 1619 'ilio'
149 1531 287 1621 paterni
308 1531 398 1620 regni
414 1531 517 1597 socius
535 1541 629 1619 atque
644 1529 801 1620 particeps
814 1530 887 1608 erit.
906 1526 982 1598 llaee
999 1529 1085 1596 enim

37 1653 86 1706 est
107 1641 346 1732 primogenitu
369 1639 550 1720 Eoolm'off,
575 1663 645 1728 quae
667 1661 706 1710 ex
728 1639 836 1707 multis
859 1641 951 1706 honis
975 1636 1087 1728 poeria

41 1763 183 1818 constat.
198 1751 243 1818 Hi
253 1762 328 1817 sunt
342 1749 578 1841 prirnogoniti„
589 1749 648 1837 qui
659 1751 835 1838 conscripti
844 1765 922 1816 suot
931 1749 970 1814 io
981 1749 1082 1824 coeto,

42 1873 76 1927 et
91 1886 160 1928 unu
174 1885 252 1930 eum
270 1872 320 1927 tot
330 1861 525 1952 angolorum
538 1861 747 1953 myriadibus
758 1863 826 1928 dies
836 1863 931 1950 festos
945 1859 1085 1926 omaoolo-

51 1976 165 2037 trani.
181 1971 388 2061 primogeniti
403 1983 510 2042 autem
524 1993 582 2036 nos
598 1969 666 2045 filii,
683 1973 737 2060 qui
752 1995 861 2038 sumus
874 1971 933 2038 Dei
948 1968 1082 2045 alumni,

54 2091 90 2144 et
99 2081 300 2170 primogeniti
317 2081 389 2168 ejus
406 2079 559 2170 germani·
566 2080 678 2154 amiei;
698 2082 752 2168 qui
767 2081 860 2170 primi
876 2104 916 2145 ex
935 2080 1085 2146 omnibus

55 2188 246 2256 hominibus
265 2191 363 2256 Deum
388 2191 591 2280 agnovimus,
617 2190 711 2279 primi
737 2215 754 2256 a
781 2190 920 2278 peccatis
941 2188 1082 2264 liberati,

53 2301 186 2388 primia
203 2301 359 2368 consortio
378 2298 493 2367 diaboli
519 2301 653 2391 separati
673 2323 791 2367 sumus.
814 2299 887 2366 «lam
905 2322 979 2370 vero
994 2310 1084 2364 tanto

50 2413 153 2502 magis
174 2413 263 2502 impii
284 2424 359 2480 sunt
380 2411 538 2490 nonnulli,
557 2423 677 2500 quanto
692 2411 860 2500 benignior
879 2421 927 2476 est
947 2410 1032 2476 Deus
1048 2431 1085 2474 ao

46 2521 233 2590 humanior.
252 2521 381 2589 Etenim
394 2545 469 2589 eum
484 2522 591 2590 Deus⁴
606 2545 666 2588 nos
681 2545 720 2588 ex
736 2523 833 2588 servis
848 2519 930 2586 filios
944 2520 1013 2587 steri
1028 2543 1085 2600 vo-

44 2630 115 2710 luit,
135 2632 171 2698 hi
187 2633 223 2698 in
238 2655 410 2700 numerum
424 2634 493 2721 ejus
509 2631 649 2698 liliorum
664 2633 780 2701 assumi
799 2631 975 2718 fastidiunt.
996 2630 1086 2698 Oin-

44 2742 240 2810 credibilem
261 2743 453 2811 amentiam!
480 2743 621 2833 pudetne
647 2768 702 2811 vos
725 2743 880 2812 Domini?
901 2743 932 2809 ls
956 2743 1085 2830 quidem

43 2849 233 2918 libertatem
256 2850 437 2941 pollieetnr,
461 2877 515 2920 vos
538 2864 646 2920 autem
666 2851 816 2944 aufugitis
835 2855 869 2920 in
886 2853 1080 2918 servitutem.

42 2960 72 3024 ls
87 2960 234 3027 salntem
248 2959 395 3050 largitur,
413 2969 530 3051 vos'que
545 2963 579 3029 in
592 2963 768 3055 perniciem
782 2975 921 3030 vestram
935 2963 1036 3028 ruitis.
1055 2963 1085 3029 ls

4 3127 6 3132 .
43 3084 203 3138 eternam
218 3069 356 3138 salutem
371 3074 482 3150 donat,
505 3089 537 3140 et
558 3099 613 3142 vos
635 3075 833 3165 supplicium
854 3074 1038 3164 expectatis,
1054 3087 1087 3138 ot

42 3205 118 3248 eum
134 3179 369 3271 praestolamini
384 3184 497 3274 igneo
518 3207 614 3270 quom
628 3186 768 3273 parauit
786 3183 941 3250 Dominus
958 3182 1088 3248 diabolo

42 3308 70 3356 ot
90 3291 229 3383 angelis
250 3294 323 3378 ejas
335 3291 358 3355 ⁵.
383 3290 552 3382 Propterea
568 3294 679 3358 heatus
695 3290 877 3381 Apostolus,
895 3318 907 3351 ι
923 3289 1085 3366 Obtestor,

43 3402 203 3489 siaonia,
218 3424 278 3490 per
291 3401 478 3478 Dominum,
491 3424 532 3468 ne
546 3400 680 3489 amplius
696 3399 863 3467 ambuletis
874 3399 956 3464 siout
966 3408 999 3462 et
1009 3421 1087 3487 gen-

44 3525 122 3578 »tes
145 3509 317 3578 ambulant
337 3511 371 3575 in
386 3509 524 3576 vanitate
547 3510 662 3576 mentis
678 3531 755 3584 suae,
772 3509 1014 3574 obtenebratum
1028 3505 1087 3573 ha-

44 3623 188 3689 »benus
202 3619 421 3697 intellectum,
439 3632 471 3686 et
490 3618 656 3687 abalienati
677 3644 694 3686 a
715 3620 777 3687 vita
788 3617 847 3688 Dei
857 3629 987 3708 propter
997 3617 1087 3707 igno÷

76 3763 189 3854 fflattlp.
202 3779 279 3823 xviri,
291 3761 315 3810 3.
328 3759 474 3823 Lucano,
489 3779 527 3827 ¹7·
539 3762 615 3813 ioan.
625 3753 663 3824 ut)
675 3759 747 3814 5.--Ι
758 3760 847 3814 Matth·
860 3779 899 3822 ιιι,
912 3777 920 3810 ι
925 3758 995 3824 7.-ἐ*
1006 3758 1088 3811 Hebr.

48 3853 207 3965 nl’iidieolt
220 3911 342 3968 Guillon,
357 3927 383 3975 p.
396 3911 450 3971 tat.

78 3987 87 4020 ⁵
100 3986 319 4050 ttatth.nv,t1,
332 3985 374 4044 46.
