2532 4608
163 287 225 354 tta
474 305 646 354 urrunnun
671 305 886 351 summumst

161 435 287 526 perium
303 427 490 526 dctmctunti
505 433 646 523 spiritui,
665 434 788 521 experti
806 431 963 506 rationis,
984 431 1120 498 i'raenum
1135 431 1203 521 inji-

162 541 268 617 ciens,
285 539 433 628 quoninm
446 563 517 605 caro
528 537 706 624 concupiscit
721 535 865 603 adamus
879 536 1031 622 spiritum
1040 535 1064 600 ¹.
1080 536 1201 625 Signu-

164 659 270 714 sutem
284 659 408 734 portare
423 659 471 712 est
491 658 627 714 mortem
642 646 870 722 circumferre,
889 645 975 712 adeo
998 657 1036 708 ut
1054 646 1142 710 rinus
1154 645 1201 710 atl-

163 757 228 824 buc
239 757 387 822 omnibus
403 757 580 829 renuntiet3
599 755 749 843 quoniam
767 777 832 820 non
850 765 901 819 est
921 751 1061 841 aqualis
1081 753 1202 818 charites

163 867 302 954 ejusqui
323 865 477 931 sosinosit
498 889 638 939 camno,
661 873 693 927 ct
707 865 776 951 ejus
791 863 845 951 qui
870 863 1021 928 animam
1041 863 1200 928 crearitsd

164 975 335 1040 scientiam.
358 975 417 1040 Hic
436 997 511 1040 cum
531 973 571 1040 nd
591 971 808 1038 benefaciendi
829 971 984 1036 habitum
1009 972 1197 1059 pervenerit,

163 1082 249 1148 dicto
260 1083 353 1148 citius
365 1081 523 1148 beneficio
532 1082 651 1157 afficit,
664 1103 756 1146 orans
773 1091 808 1143 ut
824 1081 965 1145 fratrum
989 1079 1121 1166 quidem
1135 1101 1197 1168 pec-

162 1203 305 1258 catorum
322 1191 361 1256 sit
371 1191 528 1280 particeps
544 1191 583 1257 sd
595 1190 827 1256 consessionem
843 1201 876 1253 et
893 1199 1114 1276 cognatorum
1132 1211 1193 1253 con

162 1300 360 1375 versionem,
383 1301 425 1366 sd
439 1299 564 1389 propris
580 1309 690 1363 sutem
707 1299 789 1362 bene
806 1297 1019 1362 amicissimis
1034 1299 1192 1362 communi-

160 1409 260 1474 cundn
282 1408 508 1497 paratissimus.
534 1407 596 1494 Ipsi
614 1416 721 1472 sutem
743 1404 789 1470 sic
807 1405 837 1470 ci
856 1416 935 1470 sunt
956 1406 1069 1472 amici.
1086 1405 1187 1494 Augen

161 1525 267 1581 'nutem
284 1539 353 1602 quae
371 1515 455 1605 apud
470 1517 573 1604 ipsum
585 1513 788 1604 deponuntur
803 1513 951 1590 semina,
965 1537 1010 1579 cs
1022 1537 1109 1603 quam
1118 1537 1183 1580 mn

160 1623 246 1690 davit
266 1625 422 1690 Dominus
446 1622 661 1714 agriculture,
687 1634 794 1688 munet
815 1620 956 1711 quidem
982 1621 1060 1688 nulii
1070 1635 1176 1710 pemto

161 1733 282 1808 affinis,
304 1733 341 1798 fit
356 1745 461 1800 nutem
481 1733 668 1805 continens;
693 1743 726 1797 ct
741 1731 852 1820 spiritu
869 1731 1016 1818 quidem
1035 1732 1098 1820 tegit
1113 1753 1169 1795 nnn

159 1842 208 1907 sui
228 1841 381 1908 similibus
396 1843 429 1908 in
452 1841 556 1907 choris
570 1851 773 1916 sanctorum,
792 1840 920 1905 etiamsi
939 1839 1053 1905 adbuc
1067 1838 1175 1903 interris

161 1951 352 2017 detineatur.
366 1951 426 2017 Hic
440 1961 508 2016 toto
520 1949 571 2014 dic
582 1961 615 2014 et
626 1960 721 2014 nocte
731 1948 840 2014 dicens
855 1960 888 2012 et
907 1949 1037 2014 faciens
1047 1949 1124 2037 jussa
1133 1947 1186 2011 bo

158 2057 256 2132 mini,
273 2079 366 2146 supra
382 2056 513 2120 modum
531 2052 668 2128 letatur,
688 2073 753 2118 non
770 2051 876 2118 solum
892 2076 976 2118 cum
997 2075 1091 2118 mane
1109 2051 1190 2140 surgit

155 2175 188 2229 et
199 2163 351 2240 meridie,
372 2164 427 2228 sed
446 2163 542 2228 etiem
554 2183 629 2228 cum
646 2159 846 2236 deambulat,
859 2173 892 2226 et
905 2161 1053 2236 dormit,
1065 2173 1190 2226 etsestes

155 2271 259 2336 induit
279 2283 313 2337 ct
335 2273 441 2348 exuit,
464 2281 497 2336 et
519 2271 614 2335 docet
636 2267 758 2344 filium,
782 2269 807 2333 si
824 2269 968 2358 nutus-ei
987 2269 1083 2334 suerit
1102 2267 1188 2342 filins,

75 2442 82 2454 ,
156 2379 373 2471 inseparabilis
389 2405 406 2447 s
421 2381 570 2446 mundato
587 2390 620 2444 ct
643 2403 660 2444 a
679 2365 755 2468 spe:
780 2379 849 2444 Deo
879 2401 1015 2468 semper
1029 2401 1119 2467 egens
1132 2401 1190 2466 grs-

156 2491 233 2568 tiss,
258 2491 339 2557 sicut
356 2485 501 2556 animalis
523 2486 751 2577 glorificantis,
772 2511 842 2574 quse
861 2485 1040 2576 allegorice
1062 2488 1190 2553 dicuutur

156 2621 215 2687 per
235 2601 383 2665 Esuium:
403 2594 541 2663 tolerans
558 2607 708 2684 praeterea
732 2595 872 2683 cujusvis
901 2597 1093 2661 tentationis
1110 2595 1182 2659 :lt-

156 2707 279 2783 minus,
305 2708 428 2794 inquit,
453 2703 553 2780 dedit,
580 2703 733 2768 Dominus
757 2702 918 2769 abstulit².
949 2703 1041 2770 Talis
1057 2715 1112 2769 snt
1127 2701 1182 2764 Job

161 2837 309 2903 quoque,
327 2815 382 2902 qui
397 2825 529 2904 propter
547 2809 739 2901 singularem
756 2811 789 2876 in
803 2811 984 2877 Dominum
1002 2811 1190 2905 charitatem,

162 2924 269 2988 omniu
281 2923 339 2988 sibi
355 2934 484 2987 externe
504 2943 567 2986 une
583 2943 658 2985 cum
673 2919 805 2986 sanitate
819 2919 1022 2996 auferenda,
1039 2918 1192 3008 deposuit:

161 3032 246 3096 Erat
263 3031 372 3107 enim,
394 3029 515 3119 inquit,
527 3029 633 3116 justus
645 3078 654 3103 ‚
666 3039 804 3104 sauctus,
821 3028 979 3095 abstinens
998 3032 1044 3095 ab
1056 3027 1138 3094 mi
1147 3028 1195 3090 iss-

157 3140 317 3227 probitate.
336 3139 479 3206 Verbum
496 3151 602 3204 autem
617 3137 806 3213 sanctitatis,
828 3139 936 3203 omnis
953 3161 1029 3226 quae
1049 3137 1088 3203 nd
1105 3138 1195 3202 Deum

157 3261 301 3338 spectant
310 3249 400 3337 jure,
415 3258 578 3334 totamque
596 3245 665 3310 ritae
680 3245 837 3312 rationem
852 3247 1197 3335 comprehenditur:

158 3379 234 3423 cum
256 3357 368 3432 sciret,
390 3367 460 3420 erat
481 3354 662 3420 Gnosticus.
681 3353 816 3442 Oportet
837 3355 944 3430 enim,
967 3379 1072 3443 noque
1094 3355 1120 3420 si
1144 3355 1198 3418 sint

159 3467 258 3541 bonu,
275 3466 320 3530 cis
335 3451 402 3528 csse
420 3463 554 3528 nimium
568 3461 729 3538 deditum,
746 3485 824 3528 cum
843 3463 988 3529 humanu
1004 3465 1068 3529 sint
1075 3488 1085 3535 3
1100 3485 1198 3550 neque

157 3597 266 3638 rursus
280 3574 305 3638 si
320 3571 402 3638 muln
414 3620 423 3647 ‚
436 3571 570 3636 nimium
582 3593 663 3658 aegre
680 3570 779 3644 ferrc;
794 3571 852 3635 scd
864 3573 1010 3662 utrisque
1026 3595 1094 3638 esse
1110 3593 1197 3660 supe·

161 3681 300 3756 riorcm,
327 3680 397 3745 haec
417 3679 546 3768 quidem
568 3677 811 3755 conculcando,
840 3678 893 3745 itta
922 3705 1000 3747 vcro
1027 3681 1069 3747 nd
1090 3701 1197 3770 egenos

158 3789 416 3856 transmittendo.
439 3789 477 3854 ln
491 3787 761 3854 accommodando
777 3811 811 3852 se
831 3801 941 3870 nutem
958 3791 1134 3858 Gnosticus
1148 3787 1197 3855 sd-

201 3917 306 3969 'tinlst
319 3937 348 3981 s,
363 3917 583 3982 17.-¹Isai.vt,
598 3935 628 3981 2,
644 3918 668 3969 3.
682 3919 741 3968 Job‚
755 3936 783 3984 ι,
797 3934 840 3972 21.
