2570 4614
402 291 600 344 annuemus,
625 293 686 338 arn.
712 295 735 336 r.
764 303 766 308 ’
1024 277 1080 337 281

21 406 96 471 dcm
116 407 329 483 ostendens,
352 409 524 495 prudentes
544 411 585 478 ad
600 411 669 499 ejus
685 432 827 478 amorem
849 413 975 478 excitat.
995 409 1035 476 Et
1057 412 1086 476 ei

5 517 71 606 'qui
92 519 279 584 aberravit
299 520 375 588 dans
391 523 535 588 veniam:
548 551 560 584 ι
573 523 779 601 Convertere,
791 536 977 591 convertere
988 525 1086 606 enim,

16 657 30 685 ι
44 628 181 713 inquit,
203 629 301 695 sicut
315 631 368 718 qui
383 613 613 699 vindemiatae
629 635 804 700 canistrum
819 657 912 699 suum
922 633 944 698 ¹.
964 632 1085 700 »Vides

16 737 218 804 bonitatem
236 741 385 828 justitiae,
405 767 475 832 quae
492 741 629 810 consulit
643 745 764 811 moveri
778 741 990 836 poenitentia?
1004 743 1086 808 Prae-

14 861 106 913 terea
119 872 188 937 per
202 850 410 918 Hieremiam
421 851 578 922 illuminat
589 877 644 920 eos
660 854 713 942 qui
732 880 749 921 a
769 847 899 923 veritate
911 855 1082 938 aberrant:

24 957 132 1024 ‹llaec
156 970 290 1025 autem
314 960 392 1027 dicit
410 961 588 1030 Dominus:
605 961 693 1028 State
714 965 748 1029 in
770 965 839 1040 viis,
863 975 896 1029 et
918 963 1035 1048 videte,
1051 973 1085 1028 et

15 1097 28 1130 ι
44 1081 164 1159 rogate
183 1071 330 1136 semitas
345 1071 472 1138 Domini
488 1083 634 1147 aeternas,
647 1096 793 1161 quaenam
804 1085 852 1138 cst
863 1073 974 1138 semita
985 1073 1083 1152 bona,

15 1191 78 1245 net
89 1179 281 1246 ambulate
301 1183 335 1247 in
354 1203 403 1259 ea,
422 1193 454 1247 et
471 1181 636 1249 invenietis
654 1181 938 1274 sanctificationem
960 1181 1083 1270 anima·¹

16 1318 31 1352 ι
47 1289 110 1356 bus
124 1289 257 1355 vestris
269 1289 296 1356 ².
316 1290 433 1357 »Ducit
449 1303 556 1358 autem
567 1293 608 1359 ad
622 1289 854 1381 poenitentiam,
867 1313 960 1356 causa
977 1287 1085 1356 salutis

18 1411 150 1466 nostrae.
171 1397 364 1489 Propterea
379 1400 455 1467 dicit
469 1425 477 1465 :
491 1428 504 1461 a
516 1399 549 1468 Si
566 1413 597 1466 te
611 1399 807 1492 poenituerit,
824 1399 1011 1490 expurgabit
1023 1397 1085 1466 Do-

20 1509 158 1576 »minus
181 1515 250 1576 co'r
269 1522 378 1587 tuum,
397 1522 429 1575 et
445 1533 502 1576 cor
516 1509 643 1576 seminis
658 1509 736 1574 tui⁸.
756 1508 930 1575 »Poteram
950 1508 1082 1598 quidem

19 1619 60 1684 ad
72 1621 178 1709 hujus
193 1620 389 1709 quaestionis
401 1621 616 1686 defensionem
626 1620 786 1688 adducere
796 1617 1015 1710 philosophos,
1029 1617 1084 1706 qui

20 1727 139 1795 dicunt
156 1751 245 1794 eum
272 1724 376 1792 solum
391 1728 447 1816 qui
471 1737 518 1792 est
533 1725 691 1817 perlectus
711 1751 780 1793 csse
797 1725 1007 1798 laudabilem
1030 1725 1083 1814 qui

22 1835 131 1904 malus
160 1851 219 1905 est
248 1849 373 1917 autem,
398 1837 665 1929 vituperabilem:
688 1837 916 1927 sedquoniam
939 1833 1083 1902 nonnulli

23 1949 120 2037 quod
133 1951 282 2014 beatum
299 1960 347 2013 est
362 1946 610 2026 calumniantur,
628 1962 663 2012 ut
685 1948 771 2038 quod
788 1972 892 2040 neque
906 1948 1010 2038 ipsum
1026 1944 1084 2013 ali-

25 2057 112 2147 quid
120 2059 252 2148 negotii
263 2057 395 2132 habeat,
408 2081 512 2146 neque
523 2055 573 2124 alii
585 2055 746 2133 exhibeat,
756 2057 823 2145 ejus
831 2054 1084 2123 benevolentiam

25 2172 64 2238 in
81 2169 243 2235 homines
257 2193 321 2234 non
338 2167 559 2260 intelligentes,
580 2182 711 2258 propter
729 2168 798 2241 hos,
825 2180 857 2233 et
876 2180 1005 2257 propter
1028 2189 1082 2232 eos

22 2277 132 2346 etiam
153 2279 215 2368 qni
237 2279 325 2344 bono
341 2277 428 2367 quod
445 2279 566 2366 justum
585 2289 715 2344 estnon
735 2277 894 2350 tribuunt,
911 2275 945 2342 id
963 2275 1081 2364 quoda

22 2392 125 2457 nobis
144 2391 279 2456 dictum
295 2389 353 2455 luit
367 2389 531 2479 adjectum
543 2402 601 2456 est.
621 2389 827 2477 Consequens
843 2387 929 2451 enim
947 2397 1030 2450 esset
1045 2395 1081 2449 ut

19 2501 233 2576 diceremus,
247 2499 498 2589 increpatorium
510 2522 548 2566 ac
560 2496 820 2588 vituperatorium
831 2493 1022 2584 Paedegogiae
1031 2517 1081 2584 ge·
1177 2517 1181 2522 ·

18 2634 82 2676 nus
101 2610 293 2676 convenire
307 2608 504 2685 hominibus,
521 2609 669 2698 quoniam
686 2631 796 2673 omnes
817 2605 962 2672 homines
981 2601 1081 2671 malos

18 2719 441 2808 dieunt:sapieusaute1n
459 2717 544 2786 solus
560 2717 645 2784 Deus
663 2727 723 2793 est,
743 2739 840 2804 aquo
858 2716 1027 2806 sapientiu;
1046 2727 1079 2780 ct
1122 2765 1126 2773 .

18 2833 197 2922 perlectus
224 2827 330 2902 solus;
351 2840 384 2896 ct
403 2828 475 2894 ideo
494 2828 578 2895 solus
595 2853 721 2917 quoque
741 2825 916 2894 laudabilis.
937 2824 1002 2891 Sed
1018 2825 1079 2891 hac

19 2943 176 3006 oratione
202 2963 273 3005 non
298 2949 380 3004 utor.
405 2937 485 3005 Dico
507 2961 595 3028 ergo,
613 2936 739 3004 laudem
753 2949 785 3002 et
800 2921 1077 3030 vituperationem,

19 3049 75 3116 vel
95 3051 190 3140 quod
211 3047 302 3114 laudi
322 3062 355 3114 et
372 3048 594 3138 vituperationi
614 3060 662 3114 est
679 3045 827 3124 assimile,
849 3071 917 3113 esse
936 3045 1077 3112 medica-

17 3173 139 3227 menta
156 3158 351 3225 bominibus
370 3158 506 3224 maxime
522 3157 707 3224 necessaria.
730 3157 793 3237 Qui
812 3168 885 3221 sunt
902 3155 1009 3243 itaque
1025 3179 1079 3222 cu-

16 3283 94 3338 rutu
114 3267 308 3345 difficiles¹,
324 3269 362 3335 ab
376 3268 460 3358 igne,
474 3265 601 3344 malleo,
618 3267 746 3343 incude,
763 3266 826 3332 hoc
838 3277 898 3340 est,
911 3265 1017 3341 minis,
1031 3288 1078 3329 re·

18 3379 270 3470 prehensione,
287 3378 517 3468 increpatione,
540 3390 692 3467 tanquam
709 3377 829 3444 ferrum
850 3385 997 3464 aguntur.
1013 3373 1077 3453 Qui

17 3503 141 3557 sutem
165 3487 249 3554 fidei
268 3485 444 3565 adhaerent,
467 3499 620 3577 tanquam
634 3488 779 3553 homines
793 3509 852 3577 per
870 3507 904 3550 se
925 3484 1028 3561 docti,
1044 3498 1076 3551 et

17 3599 130 3666 libere
148 3609 300 3688 agentes,
318 3595 410 3664 laude
427 3611 592 3688 augentur.
607 3624 619 3658 ι
632 3595 773 3664 Laudato
784 3595 870 3661 enim
885 3595 995 3672 virtus,
1010 3618 1074 3663 non

17 3740 32 3772 a
50 3731 156 3776 secus
176 3729 219 3771 ac
234 3707 342 3782 arbor,
355 3707 479 3773 crescit.
495 3735 507 3769 a
520 3707 589 3773 Hoc
601 3731 676 3773 cum
690 3703 890 3797 intelligeret,
902 3705 980 3773 mihi
993 3705 1076 3772 vide-

53 3872 139 3922 ¹Jer.
158 3887 199 3928 rr,
210 3887 233 3934 9.
245 3895 275 3906 --
288 3865 299 3902 ²
312 3867 381 3918 lbid.
396 3870 433 3918 16.
449 3897 478 3908 -
494 3869 502 3903 ³
516 3871 592 3922 Dent.
604 3885 661 3927 xxx,
676 3869 700 3918 ὃ.
739 3935 741 3940 ,

56 3949 67 3978 '³
82 3945 161 3995 tide
176 3943 210 3991 Ι).
223 3943 333 4004 Guillon,
345 3961 370 4007 p.
380 3944 438 4002 423.
776 3958 778 3962 ·
