2532 4608
391 300 580 354 srnourrcn
603 303 664 353 us.
690 307 745 354 vn.
1022 287 1082 354 581

6 423 156 516 Neque
180 427 265 495 enim
284 447 339 495 cos
358 429 412 519 qui
432 440 662 520 precesserunt
678 451 829 519 superare
848 441 1023 518 potuerunt
1035 453 1086 498 se·

7 536 178 623 pientio,
197 548 231 601 ut
247 535 365 624 eliquld
389 537 607 605 adinveniront
623 537 659 602 iis
675 557 746 624 quse
761 539 801 603 ab
824 535 883 602 illis
907 560 981 602 vero
1000 539 1084 605 dicta

8 656 109 710 sunt
125 667 135 710 ε
150 645 208 710 sed
226 647 307 712 bene
322 667 396 711 cum
411 645 456 710 eis
473 657 579 710 actum
599 657 698 721 esset,
714 645 739 710 si
758 645 881 711 discere
912 646 1088 735 potuissent
1119 701 1123 710 .

10 773 64 820 ea
91 777 169 841 qum
188 754 275 843 prius
297 765 371 820 sunt
390 753 514 820 tradite.
536 751 629 819 Solus
651 774 727 844 ergo
743 753 934 830 Gnosticus,
955 777 1030 821 cum
1052 756 1086 820 in

12 859 111 950 ipsis
129 862 335 928 consenuerit
350 862 523 950 Scripturis
535 909 544 937 ,
554 858 774 950 ‘Apostolicum
786 873 818 926 et
828 859 1087 930 Ecclesiasticsm

13 991 169 1036 servans
181 969 367 1059 dogmatum
379 969 624 1047 rectitudinem,
638 969 813 1036 rectissime
825 969 898 1036 vivit
907 971 1087 1036 secundum

14 1076 269 1168 Evangelium,
289 1089 322 1144 et
342 1077 629 1144 demonstrationes
647 1079 692 1145 ito
708 1091 744 1142 ut
762 1079 874 1166 querit
889 1079 1010 1144 invenit
1028 1089 1087 1144 :ut

17 1188 90 1278 qui
107 1188 278 1253 emittatur
293 1211 311 1253 u
326 1187 484 1262 Domino,
502 1212 519 1252 a
535 1187 618 1276 Lege
633 1197 665 1252 et
678 1211 696 1252 a
710 1186 886 1276 Prophetis.
905 1187 984 1252 Num
999 1187 1083 1265 vita,

18 1307 70 1362 ut
81 1295 223 1385 opinor,
237 1294 400 1371 Gnostici,
413 1293 493 1361 nihil
505 1307 552 1360 est
565 1293 650 1361 uliud
663 1317 760 1384 quam
772 1293 853 1362 iacta
865 1307 897 1360 et
909 1296 1004 1361 verbs
1016 1317 1087 1384 quse

21 1416 222 1492 sequuntur
243 1402 444 1470 traditionem
466 1402 604 1470 Domini.
630 1401 751 1470 Verum
768 1426 857 1469 «non
877 1413 925 1468 est
941 1405 1086 1472 omnium

1 1555 3 1591 ρ
25 1511 205 1602 »cognitio
218 1510 240 1577 ¹.
265 1510 344 1578 Nolo
363 1509 443 1576 enim
458 1534 512 1578 vos
528 1512 694 1600 ignorare,
717 1511 851 1589 fratres,
868 1511 967 1600 inquit
981 1514 1087 1599 Apos-

1 1667 3 1698 ,
26 1647 44 1680 ι
58 1623 161 1696 tolus,
186 1619 275 1710 quod
293 1643 402 1688 omnes
422 1622 484 1688 sub
502 1623 589 1686 nube
601 1632 714 1696 erant,
733 1633 766 1687 et
782 1620 951 1710 spiritualis
973 1623 1036 1688 cibi
1053 1634 1087 1689 et

25 1756 43 1789 ι
55 1740 156 1817 potus
168 1742 258 1795 erent
281 1727 509 1818 participes²,»
527 1739 637 1816 aperte
660 1728 872 1805 confirmans,
894 1753 959 1794 non
975 1752 1085 1798 omnes

29 1835 93 1922 qui
104 1835 252 1902 Verbum
269 1835 419 1910 audiunt,
435 1833 518 1900 lecto
534 1846 568 1900 ct
582 1836 681 1900 verbo
696 1835 819 1923 cepisse
830 1836 1083 1924 magnitudinem

1 2000 3 2018 ‚
32 1942 243 2030 cognitionis.
262 1941 353 2006 Unde
363 1941 466 2006 ¹etium
482 1941 646 2030 subjunxit
660 1963 668 2006 :
681 1968 694 2001 ι
706 1943 772 2008 Sed
787 1965 852 2008 non
870 1943 964 2010 ineis
981 1945 1086 2010 omni·-

1 2113 2 2128 1
32 2053 123 2116 »bus
139 2062 188 2116 est
211 2047 438 2138 complacitum
457 2046 511 2112 ’.ι
535 2047 692 2115 Cuineml
713 2050 750 2116 Ei
772 2050 826 2138 qui
850 2049 953 2116 dixit:
973 2053 1087 2133 «Quid

33 2158 141 2224 smihi
169 2156 292 2234 dicitis,
315 2156 475 2231 Domino,
501 2167 534 2222 et
555 2180 620 2222 non
642 2156 745 2224 fucitis
768 2155 964 2227 voluntatem
987 2161 1086 2250 patris

1 2334 3 2372 ἱ
33 2265 147 2332 »mcii
160 2293 173 2328 ι
188 2264 253 2332 hoc
263 2277 310 2330 est
323 2264 502 2331 doctrinam
513 2265 708 2341 Servatoris3
726 2285 796 2355 quae
811 2267 903 2334 nobis
920 2269 1009 2335 cibus
1024 2270 1087 2359 spi·

1 2446 5 2473 Ι
35 2373 159 2451 ritalis,
188 2385 220 2440 et
242 2386 336 2462 potus
367 2373 421 2462 qui
447 2374 550 2440 nescit
576 2373 679 2451 sitim,
707 2397 788 2464 aqua
815 2375 887 2442 vitae
910 2376 1081 2446 Gnosticae.

1 2475 2 2544 ζ
37 2481 163 2570 Atqui,
194 2483 361 2571 inquiunt,
391 2481 508 2548 dicitur
532 2481 643 2568 inflare
663 2481 798 2571 cognitio
820 2481 843 2548 ⁶.
861 2484 996 2564 ,Quibus
1017 2508 1086 2552 res·-

0 2578 1 2591 ’
36 2589 218 2680 pendemus
242 2613 251 2654 s
279 2589 426 2656 Fortasse
453 2589 582 2676 quidem
612 2613 682 2678 quae
710 2589 837 2656 videtur
865 2591 1005 2680 cognitio
1035 2591 1086 2658 in-

39 2702 119 2784 flare
141 2697 280 2774 dicitur,
306 2699 332 2764 si
351 2698 423 2787 quis
445 2697 604 2779 existimet
628 2698 800 2764 dictionem
821 2699 907 2766 idem
923 2699 982 2766 sibi
1004 2699 1085 2768 velle

39 2807 127 2895 quod
156 2805 352 2872 tumefacere
381 2819 413 2872 et
444 2806 635 2874 insolentem
666 2807 801 2874 reddere
831 2831 839 2874 τ
868 2809 916 2874 sin
948 2821 1083 2886 eutem,

1 2976 4 2985 ,
42 2911 130 2998 quod
160 2912 265 2998 potius
296 2910 467 2988 dicendum
495 2923 569 2989 est,
602 2911 769 3001 magnifice
806 2923 840 2978 ct
867 2935 942 2978 rere
966 2913 1084 2980 sentiro

40 3017 200 3108 significet
218 3039 280 3083 vox
297 2999 458 3106 Apostoli,
471 3019 611 3086 solutum
627 3021 760 3109 quidem
776 3033 824 3086 est
839 3021 874 3086 id
889 3021 1007 3111 dequo
1022 3021 1085 3088 du·

1 3106 6 3146 ⁵
41 3128 172 3195 bitctur.
193 3127 367 3216 Sequentes
392 3140 498 3192 sutem
518 3129 723 3219 Scripturas,
747 3129 977 3196 confirmemus
997 3129 1085 3219 quod

1 3216 4 3254 l
42 3235 165 3302 dictum
192 3246 249 3300 est.
277 3232 436 3318 Sapientia
443 3279 455 3310 ,
477 3235 579 3324 inquit
601 3235 773 3313 Salomon,
800 3237 925 3324 inflavit
952 3263 1021 3305 suos
1048 3237 1086 3328 fi·

1 3357 3 3364 ’
44 3343 132 3410 lios‘.
151 3343 220 3410 Non
236 3343 322 3409 enim
341 3341 532 3429 quibusdum
549 3345 700 3412 doctrine
715 3346 900 3435 particulis,
916 3345 1033 3414 festum
1048 3359 1083 3414 ot

1 3441 2 3446 ἵ
43 3451 253 3540 arrogantiam
267 3451 462 3539 ingeneravit
485 3451 660 3530 Dominus,
681 3456 738 3520 sed
757 3456 791 3520 in
813 3455 945 3522 veritate
964 3455 1082 3522 hahere

45 3560 211 3635 fiduciam,
234 3571 267 3624 et
287 3581 355 3624 esse
375 3560 581 3649 magnificum
601 3561 635 3626 in
654 3562 836 3652 cognitione
856 3587 927 3651 quae
946 3564 1082 3630 traditur

1 3663 6 3673 '
45 3667 312 3758 perscripturus,
329 3667 427 3734 efficit
449 3681 703 3758 contemptorem
724 3694 837 3740 eorum
859 3695 928 3761 que
951 3673 1082 3740 trahunt

50 3775 91 3844 sd
107 3787 269 3866 peccatum
285 3801 292 3843 :
311 3775 399 3865 quod
418 3777 574 3868 significat
595 3779 695 3846 dictio
713 3779 853 3866 deflerit.
883 3782 961 3865 Ques
986 3785 1082 3851 docet

90 3909 98 3936 ¹
115 3913 185 3966 rCor.
196 3913 378 3985 v111,7.-'Id.
388 3933 414 3980 x,
426 3915 479 3981 1,3,
487 3885 751 3982 t.-''llsid‚.5i.-‘ld.
759 3937 815 3986 vus,
829 3923 908 3971 1.-'
922 3925 1080 3986 Ecel.1v,rs.
