<?xml version="1.0" encoding="UTF-8"?>
<!DOCTYPE html PUBLIC "-//W3C//DTD XHTML 1.0 Transitional//EN"
    "http://www.w3.org/TR/xhtml1/DTD/xhtml1-transitional.dtd">
<html xmlns="http://www.w3.org/1999/xhtml" xml:lang="en" lang="en">
 <head>
  <title>
</title>
<meta http-equiv="Content-Type" content="text/html;charset=utf-8" />
  <meta name='ocr-system' content='tesseract 3.04.00' />
  <meta name='ocr-capabilities' content='ocr_page ocr_carea ocr_par ocr_line ocrx_word'/>
</head>
<body>
  <div class='ocr_page' id='page_1' title='image "./collectioselect00guilgoog_0358.png"; bbox 0 0 2522 4608; ppageno 0'>
   <div class='ocr_carea' id='block_1_1' title="bbox 230 255 952 326">
    <p class='ocr_par' dir='ltr' id='par_1_1' title="bbox 230 255 952 326">
     <span class='ocr_line' id='line_1_1' title="bbox 230 255 952 326; baseline 0.01 -7"><span class='ocrx_word' id='word_1_1' title='bbox 230 255 293 324; x_wconf 69' lang='lat'><strong>552</strong></span> <span class='ocrx_word' id='word_1_2' title='bbox 543 279 717 324; x_wconf 80' lang='grc' dir='ltr'><strong>ιιιιιιιιιιι</strong></span> <span class='ocrx_word' id='word_1_3' title='bbox 741 279 952 326; x_wconf 80' lang='grc' dir='ltr'><strong>ιιιιιιιιιιιιιιι</strong></span> 
     </span>
    </p>
   </div>
   <div class='ocr_carea' id='block_1_2' title="bbox 213 381 1258 1161">
    <p class='ocr_par' dir='ltr' id='par_1_2' title="bbox 213 381 1258 1161">
     <span class='ocr_line' id='line_1_2' title="bbox 229 381 1242 497; baseline 0.004 -25"><span class='ocrx_word' id='word_1_4' title='bbox 229 407 325 473; x_wconf 87' lang='lat' dir='ltr'><strong>detur</strong></span> <span class='ocrx_word' id='word_1_5' title='bbox 339 404 428 474; x_wconf 88' lang='lat' dir='ltr'><strong>Plato</strong></span> <span class='ocrx_word' id='word_1_6' title='bbox 442 405 476 470; x_wconf 89' lang='lat' dir='ltr'><strong>in</strong></span> <span class='ocrx_word' id='word_1_7' title='bbox 493 403 640 481; x_wconf 83' lang='lat' dir='ltr'><strong>Phaedro,</strong></span> <span class='ocrx_word' id='word_1_8' title='bbox 656 381 799 470; x_wconf 82' lang='lat' dir='ltr'><strong>imorem</strong></span> <span class='ocrx_word' id='word_1_9' title='bbox 813 424 989 492; x_wconf 87' lang='lat' dir='ltr'><strong>puerorum</strong></span> <span class='ocrx_word' id='word_1_10' title='bbox 1003 407 1169 497; x_wconf 85' lang='lat' dir='ltr'><strong>repellens,</strong></span> <span class='ocrx_word' id='word_1_11' title='bbox 1183 431 1242 480; x_wconf 84' lang='lat' dir='ltr'><strong>ean</strong></span> 
     </span>
     <span class='ocr_line' id='line_1_3' title="bbox 230 513 1241 612; baseline 0.003 -29"><span class='ocrx_word' id='word_1_12' title='bbox 230 516 389 609; x_wconf 83' lang='lat' dir='ltr'><strong>appellare</strong></span> <span class='ocrx_word' id='word_1_13' title='bbox 402 518 551 593; x_wconf 83' lang='lat' dir='ltr'><strong>bestiam,</strong></span> <span class='ocrx_word' id='word_1_14' title='bbox 567 517 653 604; x_wconf 89' lang='lat' dir='ltr'><strong>quod</strong></span> <span class='ocrx_word' id='word_1_15' title='bbox 669 514 804 580; x_wconf 83' lang='lat' dir='ltr'><strong>fraennm</strong></span> <span class='ocrx_word' id='word_1_16' title='bbox 819 513 1015 598; x_wconf 79' lang='lat' dir='ltr'><strong>mordentes,</strong></span> <span class='ocrx_word' id='word_1_17' title='bbox 1031 519 1083 605; x_wconf 87' lang='lat' dir='ltr'><strong>qui</strong></span> <span class='ocrx_word' id='word_1_18' title='bbox 1098 542 1133 584; x_wconf 90' lang='lat' dir='ltr'><strong>se</strong></span> <span class='ocrx_word' id='word_1_19' title='bbox 1147 519 1241 612; x_wconf 80' lang='lat' dir='ltr'><strong>volup-</strong></span> 
     </span>
     <span class='ocr_line' id='line_1_4' title="bbox 229 617 1242 714; baseline 0.001 -18"><span class='ocrx_word' id='word_1_20' title='bbox 229 631 347 696; x_wconf 76' lang='lat' dir='ltr'><strong>tatibus</strong></span> <span class='ocrx_word' id='word_1_21' title='bbox 369 630 501 703; x_wconf 91' lang='lat' dir='ltr'><strong>dedunt,</strong></span> <span class='ocrx_word' id='word_1_22' title='bbox 526 617 699 704; x_wconf 77' lang='lat' dir='ltr'>libidinosi,</span> <span class='ocrx_word' id='word_1_23' title='bbox 716 625 960 714; x_wconf 78' lang='lat' dir='ltr'><strong>quadrupedum</strong></span> <span class='ocrx_word' id='word_1_24' title='bbox 974 633 1093 694; x_wconf 76' lang='lat' dir='ltr'><strong>ooiiunt</strong></span> <span class='ocrx_word' id='word_1_25' title='bbox 1108 643 1242 706; x_wconf 76' lang='lat' dir='ltr'><strong>moreet</strong></span> 
     </span>
     <span class='ocr_line' id='line_1_5' title="bbox 229 733 1258 826; baseline 0.006 -23"><span class='ocrx_word' id='word_1_26' title='bbox 229 735 310 803; x_wconf 89' lang='lat' dir='ltr'><strong>frlios</strong></span> <span class='ocrx_word' id='word_1_27' title='bbox 326 737 483 805; x_wconf 86' lang='lat' dir='ltr'><strong>seminare</strong></span> <span class='ocrx_word' id='word_1_28' title='bbox 498 747 666 803; x_wconf 87' lang='lat' dir='ltr'><strong>consutor.</strong></span> <span class='ocrx_word' id='word_1_29' title='bbox 683 761 696 796; x_wconf 89' lang='grc' dir='ltr'><strong>ι</strong></span> <span class='ocrx_word' id='word_1_30' title='bbox 711 733 840 826; x_wconf 81' lang='lat' dir='ltr'><strong>Impios</strong></span> <span class='ocrx_word' id='word_1_31' title='bbox 850 747 957 802; x_wconf 90' lang='lat' dir='ltr'><strong>autem</strong></span> <span class='ocrx_word' id='word_1_32' title='bbox 973 739 1104 805; x_wconf 77' lang='lat' dir='ltr'>tradidit</span> <span class='ocrx_word' id='word_1_33' title='bbox 1115 741 1258 820; x_wconf 55' lang='lat' dir='ltr'><strong>Deusnt</strong></span> 
     </span>
     <span class='ocr_line' id='line_1_6' title="bbox 230 844 1242 935; baseline 0.011 -27"><span class='ocrx_word' id='word_1_34' title='bbox 230 847 305 914; x_wconf 79' lang='lat' dir='ltr'><strong>soit</strong></span> <span class='ocrx_word' id='word_1_35' title='bbox 318 846 537 935; x_wconf 70' lang='lat' dir='ltr'><strong>Apostolus,</strong></span> <span class='ocrx_word' id='word_1_36' title='bbox 529 869 562 912; x_wconf 91' lang='lat' dir='ltr'><strong>m</strong></span> <span class='ocrx_word' id='word_1_37' title='bbox 577 844 855 934; x_wconf 85' lang='lat' dir='ltr'><strong>perturbationes&#39;</strong></span> <span class='ocrx_word' id='word_1_38' title='bbox 846 847 1050 934; x_wconf 75' lang='lat' dir='ltr'><strong>ignominiae:</strong></span> <span class='ocrx_word' id='word_1_39' title='bbox 1067 873 1143 918; x_wconf 87' lang='lat' dir='ltr'><strong>nam</strong></span> <span class='ocrx_word' id='word_1_40' title='bbox 1155 863 1189 918; x_wconf 92' lang='lat' dir='ltr'><strong>et</strong></span> <span class='ocrx_word' id='word_1_41' title='bbox 1200 852 1242 917; x_wconf 77' lang='lat' dir='ltr'><strong>le-</strong></span> 
     </span>
     <span class='ocr_line' id='line_1_7' title="bbox 213 947 1258 1090; baseline 0.006 -68"><span class='ocrx_word' id='word_1_42' title='bbox 213 984 243 1022; x_wconf 66' lang='grc' dir='ltr'><strong>Δι</strong></span> <span class='ocrx_word' id='word_1_43' title='bbox 258 960 351 1026; x_wconf 84' lang='lat' dir='ltr'><strong>minae</strong></span> <span class='ocrx_word' id='word_1_44' title='bbox 365 980 479 1024; x_wconf 91' lang='lat' dir='ltr'><strong>eorum</strong></span> <span class='ocrx_word' id='word_1_45' title='bbox 494 965 697 1023; x_wconf 83' lang='lat' dir='ltr'><strong>mutaverunt</strong></span> <span class='ocrx_word' id='word_1_46' title='bbox 710 952 886 1022; x_wconf 75' lang='lat' dir='ltr'><strong>naturalem</strong></span> <span class='ocrx_word' id='word_1_47' title='bbox 902 977 996 1023; x_wconf 88' lang='lat' dir='ltr'><strong>usum</strong></span> <span class='ocrx_word' id='word_1_48' title='bbox 1013 957 1046 1022; x_wconf 92' lang='lat' dir='ltr'><strong>in</strong></span> <span class='ocrx_word' id='word_1_49' title='bbox 1057 981 1133 1025; x_wconf 89' lang='lat' dir='ltr'><strong>eum</strong></span> <span class='ocrx_word' id='word_1_50' title='bbox 1149 947 1258 1090; x_wconf 61' lang='lat' dir='ltr'><strong>quiestp</strong></span> 
     </span>
     <span class='ocr_line' id='line_1_8' title="bbox 229 1064 1258 1161; baseline 0.009 -28"><span class='ocrx_word' id='word_1_51' title='bbox 229 1083 374 1161; x_wconf 81' lang='lat' dir='ltr'><strong>»praeter</strong></span> <span class='ocrx_word' id='word_1_52' title='bbox 393 1079 562 1138; x_wconf 86' lang='lat' dir='ltr'><strong>naturam:</strong></span> <span class='ocrx_word' id='word_1_53' title='bbox 578 1064 722 1134; x_wconf 87' lang='lat' dir='ltr'><strong>similiter</strong></span> <span class='ocrx_word' id='word_1_54' title='bbox 735 1077 844 1131; x_wconf 86' lang='lat' dir='ltr'><strong>autem</strong></span> <span class='ocrx_word' id='word_1_55' title='bbox 861 1078 895 1132; x_wconf 89' lang='lat' dir='ltr'><strong>et</strong></span> <span class='ocrx_word' id='word_1_56' title='bbox 916 1067 1049 1134; x_wconf 86' lang='lat' dir='ltr'><strong>masculi</strong></span> <span class='ocrx_word' id='word_1_57' title='bbox 1071 1093 1193 1151; x_wconf 83' lang='lat' dir='ltr'><strong>comm,</strong></span> <span class='ocrx_word' id='word_1_58' title='bbox 1207 1095 1258 1144; x_wconf 81' lang='grc' dir='ltr'><strong>ιι</strong></span> 
     </span>
    </p>
   </div>
   <div class='ocr_carea' id='block_1_3' title="bbox 114 1173 1258 1268">
    <p class='ocr_par' dir='ltr' id='par_1_3' title="bbox 114 1173 1258 1268">
     <span class='ocr_line' id='line_1_9' title="bbox 114 1173 1258 1268; baseline 0.006 -24"><span class='ocrx_word' id='word_1_59' title='bbox 114 1259 118 1268; x_wconf 23' lang='lat'><strong>⁴</strong></span> <span class='ocrx_word' id='word_1_60' title='bbox 229 1180 333 1246; x_wconf 81' lang='lat' dir='ltr'><strong>»licto</strong></span> <span class='ocrx_word' id='word_1_61' title='bbox 348 1203 407 1246; x_wconf 91' lang='lat' dir='ltr'><strong>usu</strong></span> <span class='ocrx_word' id='word_1_62' title='bbox 423 1176 571 1253; x_wconf 78' lang='lat' dir='ltr'><strong>naturali,</strong></span> <span class='ocrx_word' id='word_1_63' title='bbox 586 1186 771 1242; x_wconf 80' lang='lat' dir='ltr'><strong>exarserunt</strong></span> <span class='ocrx_word' id='word_1_64' title='bbox 787 1175 820 1240; x_wconf 91' lang='lat' dir='ltr'><strong>in</strong></span> <span class='ocrx_word' id='word_1_65' title='bbox 835 1173 991 1242; x_wconf 89' lang='lat' dir='ltr'><strong>desiderio</strong></span> <span class='ocrx_word' id='word_1_66' title='bbox 1008 1179 1056 1243; x_wconf 88' lang='lat' dir='ltr'><strong>sui</strong></span> <span class='ocrx_word' id='word_1_67' title='bbox 1073 1179 1158 1246; x_wconf 86' lang='lat' dir='ltr'><strong>inter</strong></span> <span class='ocrx_word' id='word_1_68' title='bbox 1170 1205 1198 1250; x_wconf 87' lang='lat' dir='ltr'><strong>se</strong></span> <span class='ocrx_word' id='word_1_69' title='bbox 1208 1183 1258 1250; x_wconf 85' lang='grc' dir='ltr'><strong>ιι·</strong></span> 
     </span>
    </p>
   </div>
   <div class='ocr_carea' id='block_1_4' title="bbox 225 1279 1258 3924">
    <p class='ocr_par' dir='ltr' id='par_1_4' title="bbox 228 1279 1258 1806">
     <span class='ocr_line' id='line_1_10' title="bbox 230 1279 1258 1378; baseline -0.01 -24"><span class='ocrx_word' id='word_1_70' title='bbox 230 1291 373 1369; x_wconf 66' lang='lat' dir='ltr'><strong>tricem,</strong></span> <span class='ocrx_word' id='word_1_71' title='bbox 394 1286 527 1356; x_wconf 89' lang='lat' dir='ltr'><strong>masculi</strong></span> <span class='ocrx_word' id='word_1_72' title='bbox 543 1287 576 1351; x_wconf 93' lang='lat' dir='ltr'><strong>in</strong></span> <span class='ocrx_word' id='word_1_73' title='bbox 596 1282 754 1352; x_wconf 86' lang='lat' dir='ltr'><strong>masculos</strong></span> <span class='ocrx_word' id='word_1_74' title='bbox 777 1283 1009 1372; x_wconf 80' lang='lat' dir='ltr'><strong>turpitudinem</strong></span> <span class='ocrx_word' id='word_1_75' title='bbox 1030 1279 1258 1378; x_wconf 50' lang='lat' dir='ltr'><strong>operantum}</strong></span> 
     </span>
     <span class='ocr_line' id='line_1_11' title="bbox 232 1395 1258 1493; baseline 0.005 -29"><span class='ocrx_word' id='word_1_76' title='bbox 232 1403 457 1479; x_wconf 72' lang='lat' dir='ltr'><strong>mercedem,</strong></span> <span class='ocrx_word' id='word_1_77' title='bbox 483 1421 579 1490; x_wconf 86' lang='lat' dir='ltr'><strong>quam</strong></span> <span class='ocrx_word' id='word_1_78' title='bbox 601 1395 763 1488; x_wconf 83' lang='lat' dir='ltr'><strong>oportuit,</strong></span> <span class='ocrx_word' id='word_1_79' title='bbox 787 1395 903 1460; x_wconf 91' lang='lat' dir='ltr'><strong>erroris</strong></span> <span class='ocrx_word' id='word_1_80' title='bbox 924 1398 973 1462; x_wconf 86' lang='lat' dir='ltr'><strong>sui</strong></span> <span class='ocrx_word' id='word_1_81' title='bbox 992 1397 1026 1464; x_wconf 94' lang='lat' dir='ltr'><strong>in</strong></span> <span class='ocrx_word' id='word_1_82' title='bbox 1046 1423 1082 1466; x_wconf 88' lang='lat' dir='ltr'><strong>se</strong></span> <span class='ocrx_word' id='word_1_83' title='bbox 1108 1399 1258 1493; x_wconf 70' lang='lat' dir='ltr'><strong>recipire-l</strong></span> 
     </span>
     <span class='ocr_line' id='line_1_12' title="bbox 229 1503 1258 1597; baseline 0.007 -23"><span class='ocrx_word' id='word_1_84' title='bbox 229 1521 304 1577; x_wconf 79' lang='lat' dir='ltr'><strong>stes</strong></span> <span class='ocrx_word' id='word_1_85' title='bbox 319 1510 341 1576; x_wconf 84' lang='lat'><strong>¹.</strong></span> <span class='ocrx_word' id='word_1_86' title='bbox 360 1539 373 1574; x_wconf 83' lang='lat' dir='ltr'><strong>s</strong></span> <span class='ocrx_word' id='word_1_87' title='bbox 389 1511 432 1578; x_wconf 80' lang='lat' dir='ltr'><strong>At</strong></span> <span class='ocrx_word' id='word_1_88' title='bbox 450 1533 526 1576; x_wconf 80' lang='lat' dir='ltr'><strong>vero</strong></span> <span class='ocrx_word' id='word_1_89' title='bbox 549 1530 591 1575; x_wconf 89' lang='lat' dir='ltr'><strong>ne</strong></span> <span class='ocrx_word' id='word_1_90' title='bbox 609 1505 873 1574; x_wconf 81' lang='lat' dir='ltr'><strong>libidinosissimis</strong></span> <span class='ocrx_word' id='word_1_91' title='bbox 894 1507 1026 1597; x_wconf 89' lang='lat' dir='ltr'><strong>quidem</strong></span> <span class='ocrx_word' id='word_1_92' title='bbox 1043 1511 1238 1582; x_wconf 72' lang='lat' dir='ltr'><strong>&#39;animantibus</strong></span> <span class='ocrx_word' id='word_1_93' title='bbox 1256 1503 1258 1552; x_wconf 77' lang='lat'><em>1</em></span> 
     </span>
     <span class='ocr_line' id='line_1_13' title="bbox 228 1617 1258 1719; baseline 0.002 -29"><span class='ocrx_word' id='word_1_94' title='bbox 228 1623 385 1691; x_wconf 82' lang='lat' dir='ltr'><strong>concessit</strong></span> <span class='ocrx_word' id='word_1_95' title='bbox 398 1633 510 1689; x_wconf 86' lang='lat' dir='ltr'><strong>natura</strong></span> <span class='ocrx_word' id='word_1_96' title='bbox 525 1621 559 1687; x_wconf 94' lang='lat' dir='ltr'><strong>in</strong></span> <span class='ocrx_word' id='word_1_97' title='bbox 574 1617 769 1687; x_wconf 84' lang='lat' dir='ltr'><strong>excrementi</strong></span> <span class='ocrx_word' id='word_1_98' title='bbox 784 1629 927 1686; x_wconf 87' lang='lat' dir='ltr'><strong>meatum</strong></span> <span class='ocrx_word' id='word_1_99' title='bbox 941 1623 1234 1719; x_wconf 72' lang='lat' dir='ltr'><strong>semen‘immittertt</strong></span> <span class='ocrx_word' id='word_1_100' title='bbox 1257 1637 1258 1674; x_wconf 83' lang='lat'>3</span> 
     </span>
     <span class='ocr_line' id='line_1_14' title="bbox 228 1728 1237 1806; baseline 0.003 -6"><span class='ocrx_word' id='word_1_101' title='bbox 228 1733 416 1804; x_wconf 78' lang='lat' dir='ltr'><strong>uriaa&#39;enim</strong></span> <span class='ocrx_word' id='word_1_102' title='bbox 431 1734 464 1800; x_wconf 91' lang='lat' dir='ltr'><strong>in</strong></span> <span class='ocrx_word' id='word_1_103' title='bbox 479 1732 616 1802; x_wconf 84' lang='lat' dir='ltr'><strong>vesicam</strong></span> <span class='ocrx_word' id='word_1_104' title='bbox 630 1728 825 1806; x_wconf 85' lang='lat' dir='ltr'><strong>excernitur,</strong></span> <span class='ocrx_word' id='word_1_105' title='bbox 839 1729 1062 1799; x_wconf 90' lang='lat' dir='ltr'><strong>humefactum</strong></span> <span class='ocrx_word' id='word_1_106' title='bbox 1077 1732 1237 1802; x_wconf 71' lang='lat' dir='ltr'><strong>alimenti·</strong></span> 
     </span>
    </p>

    <p class='ocr_par' dir='ltr' id='par_1_5' title="bbox 227 1837 1233 1931">
     <span class='ocr_line' id='line_1_15' title="bbox 227 1837 1233 1931; baseline 0.002 -22"><span class='ocrx_word' id='word_1_107' title='bbox 227 1846 260 1911; x_wconf 92' lang='lat' dir='ltr'><strong>in</strong></span> <span class='ocrx_word' id='word_1_108' title='bbox 273 1856 428 1920; x_wconf 85' lang='lat' dir='ltr'><strong>ventrem,</strong></span> <span class='ocrx_word' id='word_1_109' title='bbox 441 1841 582 1931; x_wconf 81' lang='lat' dir='ltr'><strong>laoryme</strong></span> <span class='ocrx_word' id='word_1_110' title='bbox 595 1840 713 1907; x_wconf 83' lang='lat' dir='ltr'><strong>veroin</strong></span> <span class='ocrx_word' id='word_1_111' title='bbox 724 1837 868 1915; x_wconf 88' lang='lat' dir='ltr'><strong>oculum,</strong></span> <span class='ocrx_word' id='word_1_112' title='bbox 881 1841 1008 1928; x_wconf 82' lang='lat' dir='ltr'><strong>sanguis</strong></span> <span class='ocrx_word' id='word_1_113' title='bbox 1027 1843 1063 1908; x_wconf 88' lang='lat' dir='ltr'><strong>in</strong></span> <span class='ocrx_word' id='word_1_114' title='bbox 1075 1867 1170 1920; x_wconf 67' lang='lat' dir='ltr'><strong>rene,</strong></span> <span class='ocrx_word' id='word_1_115' title='bbox 1182 1865 1233 1910; x_wconf 75' lang='lat' dir='ltr'><strong>sor</strong></span> 
     </span>
    </p>

    <p class='ocr_par' dir='ltr' id='par_1_6' title="bbox 228 1949 1234 2028">
     <span class='ocr_line' id='line_1_16' title="bbox 228 1949 1234 2028; baseline 0.003 -9"><span class='ocrx_word' id='word_1_116' title='bbox 228 1953 284 2019; x_wconf 88' lang='lat' dir='ltr'><strong>des</strong></span> <span class='ocrx_word' id='word_1_117' title='bbox 295 1955 328 2020; x_wconf 91' lang='lat' dir='ltr'><strong>in</strong></span> <span class='ocrx_word' id='word_1_118' title='bbox 340 1975 445 2028; x_wconf 86' lang='lat' dir='ltr'><strong>eures,</strong></span> <span class='ocrx_word' id='word_1_119' title='bbox 454 1975 568 2018; x_wconf 87' lang='lat' dir='ltr'><strong>mueus</strong></span> <span class='ocrx_word' id='word_1_120' title='bbox 579 1951 715 2016; x_wconf 85' lang='lat' dir='ltr'><strong>in&#39;nares</strong></span> <span class='ocrx_word' id='word_1_121' title='bbox 727 1949 869 2014; x_wconf 77' lang='lat' dir='ltr'><strong>defertur</strong></span> <span class='ocrx_word' id='word_1_122' title='bbox 881 1950 954 2018; x_wconf 87' lang='lat' dir='ltr'><strong>:fini</strong></span> <span class='ocrx_word' id='word_1_123' title='bbox 961 1963 1071 2020; x_wconf 83' lang='lat' dir='ltr'><strong>eutem</strong></span> <span class='ocrx_word' id='word_1_124' title='bbox 1080 1956 1156 2022; x_wconf 90' lang='lat' dir='ltr'><strong>recti</strong></span> <span class='ocrx_word' id='word_1_125' title='bbox 1162 1957 1234 2021; x_wconf 74' lang='lat' dir='ltr'><strong>intes·</strong></span> 
     </span>
    </p>

    <p class='ocr_par' dir='ltr' id='par_1_7' title="bbox 226 2062 1234 2153">
     <span class='ocr_line' id='line_1_17' title="bbox 226 2062 1234 2153; baseline 0.002 -24"><span class='ocrx_word' id='word_1_126' title='bbox 226 2063 298 2140; x_wconf 86' lang='lat' dir='ltr'><strong>tini,</strong></span> <span class='ocrx_word' id='word_1_127' title='bbox 308 2062 398 2130; x_wconf 88' lang='lat' dir='ltr'><strong>sedes</strong></span> <span class='ocrx_word' id='word_1_128' title='bbox 406 2062 557 2136; x_wconf 84' lang='lat' dir='ltr'><strong>cohaeret.</strong></span> <span class='ocrx_word' id='word_1_129' title='bbox 570 2083 627 2150; x_wconf 91' lang='lat' dir='ltr'><strong>per</strong></span> <span class='ocrx_word' id='word_1_130' title='bbox 637 2083 735 2149; x_wconf 89' lang='lat' dir='ltr'><strong>quam</strong></span> <span class='ocrx_word' id='word_1_131' title='bbox 745 2075 947 2127; x_wconf 82' lang='lat' dir='ltr'><strong>excrementa</strong></span> <span class='ocrx_word' id='word_1_132' title='bbox 958 2079 1171 2153; x_wconf 86' lang='lat' dir='ltr'><strong>exponuntur.</strong></span> <span class='ocrx_word' id='word_1_133' title='bbox 1182 2063 1234 2131; x_wconf 79' lang='lat' dir='ltr'><strong>Sole</strong></span> 
     </span>
    </p>

    <p class='ocr_par' dir='ltr' id='par_1_8' title="bbox 225 2168 1258 2701">
     <span class='ocr_line' id='line_1_18' title="bbox 227 2168 1258 2266; baseline 0.001 -26"><span class='ocrx_word' id='word_1_134' title='bbox 227 2197 303 2266; x_wconf 81' lang='lat' dir='ltr'><strong>ergo</strong></span> <span class='ocrx_word' id='word_1_135' title='bbox 318 2175 403 2239; x_wconf 82' lang='lat' dir='ltr'><strong>varia</strong></span> <span class='ocrx_word' id='word_1_136' title='bbox 423 2173 456 2238; x_wconf 91' lang='lat' dir='ltr'><strong>in</strong></span> <span class='ocrx_word' id='word_1_137' title='bbox 470 2170 592 2261; x_wconf 81' lang='lat' dir='ltr'><strong>byaenis</strong></span> <span class='ocrx_word' id='word_1_138' title='bbox 611 2181 738 2245; x_wconf 86' lang='lat' dir='ltr'><strong>natura,</strong></span> <span class='ocrx_word' id='word_1_139' title='bbox 761 2168 922 2258; x_wconf 86' lang='lat' dir='ltr'><strong>superfluo</strong></span> <span class='ocrx_word' id='word_1_140' title='bbox 946 2171 1045 2237; x_wconf 85' lang='lat' dir='ltr'><strong>coitui</strong></span> <span class='ocrx_word' id='word_1_141' title='bbox 1069 2171 1258 2265; x_wconf 73' lang='lat' dir='ltr'><strong>superflum}</strong></span> 
     </span>
     <span class='ocr_line' id='line_1_19' title="bbox 228 2281 1237 2377; baseline -0.001 -24"><span class='ocrx_word' id='word_1_142' title='bbox 228 2287 312 2353; x_wconf 90' lang='lat' dir='ltr'><strong>hanc</strong></span> <span class='ocrx_word' id='word_1_143' title='bbox 331 2297 456 2377; x_wconf 83' lang='lat' dir='ltr'><strong>partem</strong></span> <span class='ocrx_word' id='word_1_144' title='bbox 475 2282 682 2372; x_wconf 83' lang='lat' dir='ltr'><strong>excogitavit,</strong></span> <span class='ocrx_word' id='word_1_145' title='bbox 703 2292 736 2346; x_wconf 90' lang='lat' dir='ltr'><strong>et</strong></span> <span class='ocrx_word' id='word_1_146' title='bbox 755 2281 828 2348; x_wconf 90' lang='lat' dir='ltr'><strong>ideo</strong></span> <span class='ocrx_word' id='word_1_147' title='bbox 850 2292 899 2347; x_wconf 89' lang='lat' dir='ltr'><strong>est</strong></span> <span class='ocrx_word' id='word_1_148' title='bbox 918 2283 1017 2350; x_wconf 89' lang='lat' dir='ltr'><strong>etiam</strong></span> <span class='ocrx_word' id='word_1_149' title='bbox 1037 2281 1258 2376; x_wconf 75' lang='lat' dir='ltr'><strong>aliquantispu</strong></span> 
     </span>
     <span class='ocr_line' id='line_1_20' title="bbox 228 2391 1257 2484; baseline -0.005 -20"><span class='ocrx_word' id='word_1_150' title='bbox 228 2419 418 2473; x_wconf 83' lang='lat' dir='ltr'><strong>concavum,</strong></span> <span class='ocrx_word' id='word_1_151' title='bbox 429 2391 860 2484; x_wconf 84' lang='lat' dir='ltr'><strong>utprurientibuspertibus</strong></span> <span class='ocrx_word' id='word_1_152' title='bbox 851 2395 1021 2459; x_wconf 79' lang='lat' dir='ltr'><strong>inserviat.</strong></span> <span class='ocrx_word' id='word_1_153' title='bbox 1029 2393 1257 2464; x_wconf 76' lang='lat' dir='ltr'><strong>exindeauton</strong></span> 
     </span>
     <span class='ocr_line' id='line_1_21' title="bbox 225 2495 1257 2618; baseline -0.002 -43"><span class='ocrx_word' id='word_1_154' title='bbox 225 2506 613 2577; x_wconf 64' lang='lat' dir='ltr'><strong>excecatureoncaritam</strong></span> <span class='ocrx_word' id='word_1_155' title='bbox 631 2502 785 2570; x_wconf 90' lang='lat' dir='ltr'><strong>nonfuit</strong></span> <span class='ocrx_word' id='word_1_156' title='bbox 789 2503 876 2570; x_wconf 91' lang='lat' dir='ltr'><strong>enim</strong></span> <span class='ocrx_word' id='word_1_157' title='bbox 896 2502 1049 2571; x_wconf 86' lang='lat' dir='ltr'><strong>fabricata</strong></span> <span class='ocrx_word' id='word_1_158' title='bbox 1065 2505 1106 2572; x_wconf 93' lang='lat' dir='ltr'><strong>ad</strong></span> <span class='ocrx_word' id='word_1_159' title='bbox 1127 2469 1257 2618; x_wconf 70' lang='lat' dir='ltr'><strong>general</strong></span> 
     </span>
     <span class='ocr_line' id='line_1_22' title="bbox 226 2613 1256 2701; baseline 0.001 -17"><span class='ocrx_word' id='word_1_160' title='bbox 226 2619 356 2684; x_wconf 90' lang='lat' dir='ltr'><strong>tionem</strong></span> <span class='ocrx_word' id='word_1_161' title='bbox 371 2619 455 2684; x_wconf 87' lang='lat' dir='ltr'><strong>Hinc</strong></span> <span class='ocrx_word' id='word_1_162' title='bbox 465 2615 557 2682; x_wconf 90' lang='lat' dir='ltr'><strong>nobis</strong></span> <span class='ocrx_word' id='word_1_163' title='bbox 572 2613 775 2681; x_wconf 88' lang='lat' dir='ltr'><strong>manifestum</strong></span> <span class='ocrx_word' id='word_1_164' title='bbox 789 2625 884 2701; x_wconf 89' lang='lat' dir='ltr'><strong>atque</strong></span> <span class='ocrx_word' id='word_1_165' title='bbox 900 2614 1003 2680; x_wconf 79' lang='lat' dir='ltr'><strong>odeo</strong></span> <span class='ocrx_word' id='word_1_166' title='bbox 994 2639 1027 2682; x_wconf 89' lang='grc' dir='ltr'><strong>ιιι</strong></span> <span class='ocrx_word' id='word_1_167' title='bbox 1043 2619 1256 2692; x_wconf 79' lang='lat' dir='ltr'><strong>confessoost,¹</strong></span> 
     </span>
    </p>

    <p class='ocr_par' dir='ltr' id='par_1_9' title="bbox 225 2573 1257 3924">
     <span class='ocr_line' id='line_1_23' title="bbox 226 2573 1257 2819; baseline -0.001 -26"><span class='ocrx_word' id='word_1_168' title='bbox 226 2725 370 2793; x_wconf 87' lang='lat' dir='ltr'><strong>vitandos</strong></span> <span class='ocrx_word' id='word_1_169' title='bbox 385 2749 453 2792; x_wconf 88' lang='lat' dir='ltr'><strong>esse</strong></span> <span class='ocrx_word' id='word_1_170' title='bbox 468 2747 543 2791; x_wconf 91' lang='lat' dir='ltr'><strong>com</strong></span> <span class='ocrx_word' id='word_1_171' title='bbox 562 2722 710 2791; x_wconf 85' lang='lat' dir='ltr'><strong>masculis</strong></span> <span class='ocrx_word' id='word_1_172' title='bbox 728 2725 932 2801; x_wconf 85' lang='lat' dir='ltr'><strong>concubitus,</strong></span> <span class='ocrx_word' id='word_1_173' title='bbox 949 2738 982 2791; x_wconf 89' lang='lat' dir='ltr'><strong>et</strong></span> <span class='ocrx_word' id='word_1_174' title='bbox 998 2727 1191 2819; x_wconf 73' lang='lat' dir='ltr'><strong>infrugiferas</strong></span> <span class='ocrx_word' id='word_1_175' title='bbox 1203 2573 1257 2806; x_wconf 64' lang='lat' dir='ltr'><strong>scil</strong></span> 
     </span>
     <span class='ocr_line' id='line_1_24' title="bbox 226 2811 1256 2956; baseline 0.003 -52"><span class='ocrx_word' id='word_1_176' title='bbox 226 2837 340 2914; x_wconf 88' lang='lat' dir='ltr'><strong>tiones,</strong></span> <span class='ocrx_word' id='word_1_177' title='bbox 356 2849 389 2902; x_wconf 90' lang='lat' dir='ltr'><strong>et</strong></span> <span class='ocrx_word' id='word_1_178' title='bbox 404 2857 553 2902; x_wconf 86' lang='lat' dir='ltr'><strong>venerem</strong></span> <span class='ocrx_word' id='word_1_179' title='bbox 567 2847 806 2956; x_wconf 73' lang='lat' dir='ltr'><strong>preposteram,</strong></span> <span class='ocrx_word' id='word_1_180' title='bbox 822 2847 855 2900; x_wconf 90' lang='lat' dir='ltr'><strong>et</strong></span> <span class='ocrx_word' id='word_1_181' title='bbox 872 2860 942 2925; x_wconf 86' lang='lat' dir='ltr'><strong>quae</strong></span> <span class='ocrx_word' id='word_1_182' title='bbox 956 2850 1069 2906; x_wconf 80' lang='lat' dir='ltr'><strong>natura</strong></span> <span class='ocrx_word' id='word_1_183' title='bbox 1085 2811 1256 2926; x_wconf 69' lang='lat' dir='ltr'><strong>coalescenti</strong></span> 
     </span>
     <span class='ocr_line' id='line_1_25' title="bbox 226 2923 1242 3039; baseline 0.006 -27"><span class='ocrx_word' id='word_1_184' title='bbox 226 2968 291 3012; x_wconf 91' lang='lat' dir='ltr'><strong>non</strong></span> <span class='ocrx_word' id='word_1_185' title='bbox 306 2957 450 3035; x_wconf 85' lang='lat' dir='ltr'><strong>possunt.</strong></span> <span class='ocrx_word' id='word_1_186' title='bbox 464 2923 723 3035; x_wconf 80' lang='lat' dir='ltr'><strong>androgynorum</strong></span> <span class='ocrx_word' id='word_1_187' title='bbox 735 2945 989 3033; x_wconf 68' lang='lat' dir='ltr'><strong>conjunctiones</strong></span> <span class='ocrx_word' id='word_1_188' title='bbox 1003 2974 1105 3039; x_wconf 78' lang='lat' dir='ltr'><strong>ipsam</strong></span> <span class='ocrx_word' id='word_1_189' title='bbox 1114 2963 1242 3017; x_wconf 75' lang='lat' dir='ltr'><strong>naturae</strong></span> 
     </span>
     <span class='ocr_line' id='line_1_26' title="bbox 227 3055 1242 3164; baseline 0.014 -44"><span class='ocrx_word' id='word_1_190' title='bbox 227 3055 443 3164; x_wconf 88' lang='lat' dir='ltr'><strong>sequentibus,</strong></span> <span class='ocrx_word' id='word_1_191' title='bbox 460 3077 531 3142; x_wconf 76' lang='lat' dir='ltr'><strong>que</strong></span> <span class='ocrx_word' id='word_1_192' title='bbox 545 3055 579 3120; x_wconf 95' lang='lat' dir='ltr'><strong>id</strong></span> <span class='ocrx_word' id='word_1_193' title='bbox 595 3077 652 3143; x_wconf 90' lang='lat' dir='ltr'><strong>per</strong></span> <span class='ocrx_word' id='word_1_194' title='bbox 666 3055 805 3142; x_wconf 89' lang='lat' dir='ltr'><strong>partium</strong></span> <span class='ocrx_word' id='word_1_195' title='bbox 819 3057 968 3144; x_wconf 88' lang='lat' dir='ltr'><strong>prohibet</strong></span> <span class='ocrx_word' id='word_1_196' title='bbox 983 3063 1242 3134; x_wconf 68' lang='lat' dir='ltr'><strong>constitutionem.</strong></span> 
     </span>
     <span class='ocr_line' id='line_1_27' title="bbox 227 3089 1255 3338; baseline 0.004 -105"><span class='ocrx_word' id='word_1_197' title='bbox 227 3180 263 3233; x_wconf 88' lang='lat' dir='ltr'><strong>ut</strong></span> <span class='ocrx_word' id='word_1_198' title='bbox 278 3189 348 3258; x_wconf 76' lang='lat' dir='ltr'><strong>quse</strong></span> <span class='ocrx_word' id='word_1_199' title='bbox 364 3163 543 3233; x_wconf 89' lang='lat' dir='ltr'><strong>masculum</strong></span> <span class='ocrx_word' id='word_1_200' title='bbox 560 3188 625 3231; x_wconf 89' lang='lat' dir='ltr'><strong>non</strong></span> <span class='ocrx_word' id='word_1_201' title='bbox 645 3163 685 3230; x_wconf 85' lang='lat' dir='ltr'><strong>ad</strong></span> <span class='ocrx_word' id='word_1_202' title='bbox 707 3187 815 3231; x_wconf 86' lang='lat' dir='ltr'><strong>semen</strong></span> <span class='ocrx_word' id='word_1_203' title='bbox 835 3167 1084 3256; x_wconf 87' lang='lat' dir='ltr'><strong>suscipiendum,</strong></span> <span class='ocrx_word' id='word_1_204' title='bbox 1099 3172 1155 3237; x_wconf 83' lang='lat' dir='ltr'><strong>scd</strong></span> <span class='ocrx_word' id='word_1_205' title='bbox 1155 3089 1255 3338; x_wconf 37' lang='lat' dir='ltr'><strong>ful</strong></span> 
     </span>
     <span class='ocr_line' id='line_1_28' title="bbox 225 3269 1254 3371; baseline 0 -25"><span class='ocrx_word' id='word_1_206' title='bbox 225 3269 456 3346; x_wconf 83' lang='lat' dir='ltr'><strong>effundendum</strong></span> <span class='ocrx_word' id='word_1_207' title='bbox 471 3275 591 3343; x_wconf 84' lang='lat' dir='ltr'><strong>fecerit.</strong></span> <span class='ocrx_word' id='word_1_208' title='bbox 609 3275 784 3341; x_wconf 77' lang='lat' dir='ltr'><strong>Hieremias</strong></span> <span class='ocrx_word' id='word_1_209' title='bbox 801 3287 921 3353; x_wconf 85' lang='lat' dir='ltr'><strong>autem,</strong></span> <span class='ocrx_word' id='word_1_210' title='bbox 936 3277 1000 3345; x_wconf 92' lang='lat' dir='ltr'><strong>boc</strong></span> <span class='ocrx_word' id='word_1_211' title='bbox 1010 3293 1070 3356; x_wconf 88' lang='lat' dir='ltr'><strong>est</strong></span> <span class='ocrx_word' id='word_1_212' title='bbox 1085 3305 1143 3370; x_wconf 87' lang='lat' dir='ltr'><strong>per</strong></span> <span class='ocrx_word' id='word_1_213' title='bbox 1154 3282 1254 3371; x_wconf 78' lang='lat' dir='ltr'><strong>rpsm</strong></span> 
     </span>
     <span class='ocr_line' id='line_1_29' title="bbox 226 3341 1254 3479; baseline 0.002 -25"><span class='ocrx_word' id='word_1_214' title='bbox 226 3386 357 3478; x_wconf 87' lang='lat' dir='ltr'><strong>loquens</strong></span> <span class='ocrx_word' id='word_1_215' title='bbox 373 3383 520 3479; x_wconf 89' lang='lat' dir='ltr'><strong>Spiritus</strong></span> <span class='ocrx_word' id='word_1_216' title='bbox 538 3385 775 3476; x_wconf 89' lang='lat' dir='ltr'><strong>quandodicit.</strong></span> <span class='ocrx_word' id='word_1_217' title='bbox 790 3385 973 3476; x_wconf 77' lang='lat' dir='ltr'><strong>«Spelunca</strong></span> <span class='ocrx_word' id='word_1_218' title='bbox 985 3388 1105 3479; x_wconf 81' lang='lat' dir='ltr'><strong>byaenae</strong></span> <span class='ocrx_word' id='word_1_219' title='bbox 1115 3391 1195 3458; x_wconf 78' lang='lat' dir='ltr'><strong>fecte</strong></span> <span class='ocrx_word' id='word_1_220' title='bbox 1204 3341 1254 3466; x_wconf 62' lang='lat' dir='ltr'><strong>dl</strong></span> 
     </span>
     <span class='ocr_line' id='line_1_30' title="bbox 226 3495 1254 3592; baseline 0.002 -28"><span class='ocrx_word' id='word_1_221' title='bbox 226 3501 368 3568; x_wconf 77' lang='lat' dir='ltr'><strong>»domus</strong></span> <span class='ocrx_word' id='word_1_222' title='bbox 385 3525 491 3576; x_wconf 88' lang='lat' dir='ltr'><strong>mea,</strong></span> <span class='ocrx_word' id='word_1_223' title='bbox 465 3499 560 3564; x_wconf 78' lang='lat' dir='ltr'><strong>&#39;sid</strong></span> <span class='ocrx_word' id='word_1_224' title='bbox 575 3495 661 3586; x_wconf 89' lang='lat' dir='ltr'><strong>quod</strong></span> <span class='ocrx_word' id='word_1_225' title='bbox 675 3519 716 3564; x_wconf 81' lang='lat' dir='ltr'><strong>cx</strong></span> <span class='ocrx_word' id='word_1_226' title='bbox 736 3495 869 3564; x_wconf 86' lang='lat' dir='ltr'><strong>mortuis</strong></span> <span class='ocrx_word' id='word_1_227' title='bbox 892 3502 1057 3568; x_wconf 81' lang='lat' dir='ltr'><strong>constabat</strong></span> <span class='ocrx_word' id='word_1_228' title='bbox 1071 3497 1254 3592; x_wconf 69' lang='lat' dir='ltr'><strong>corporebus¹</strong></span> 
     </span>
     <span class='ocr_line' id='line_1_31' title="bbox 225 3593 1253 3702; baseline -0.001 -23"><span class='ocrx_word' id='word_1_229' title='bbox 225 3612 385 3679; x_wconf 82' lang='lat' dir='ltr'><strong>detestans</strong></span> <span class='ocrx_word' id='word_1_230' title='bbox 400 3609 599 3686; x_wconf 83' lang='lat' dir='ltr'><strong>alimentum,</strong></span> <span class='ocrx_word' id='word_1_231' title='bbox 611 3607 908 3699; x_wconf 85' lang='lat' dir='ltr'><strong>sapientiallegoria</strong></span> <span class='ocrx_word' id='word_1_232' title='bbox 920 3613 1120 3702; x_wconf 84' lang='lat' dir='ltr'><strong>reprehendit</strong></span> <span class='ocrx_word' id='word_1_233' title='bbox 1130 3593 1253 3680; x_wconf 75' lang='lat' dir='ltr'><strong>culturel</strong></span> 
     </span>
     <span class='ocr_line' id='line_1_32' title="bbox 226 3718 1253 3811; baseline -0.003 -22"><span class='ocrx_word' id='word_1_234' title='bbox 226 3722 490 3790; x_wconf 87' lang='lat' dir='ltr'><strong>simulacrorum:</strong></span> <span class='ocrx_word' id='word_1_235' title='bbox 506 3727 579 3788; x_wconf 81' lang='lat' dir='ltr'><strong>vere</strong></span> <span class='ocrx_word' id='word_1_236' title='bbox 594 3719 680 3785; x_wconf 90' lang='lat' dir='ltr'><strong>enim</strong></span> <span class='ocrx_word' id='word_1_237' title='bbox 695 3731 821 3808; x_wconf 89' lang='lat' dir='ltr'><strong>oportet</strong></span> <span class='ocrx_word' id='word_1_238' title='bbox 836 3721 876 3785; x_wconf 89' lang='lat' dir='ltr'><strong>ab</strong></span> <span class='ocrx_word' id='word_1_239' title='bbox 888 3718 980 3787; x_wconf 91' lang='lat' dir='ltr'><strong>idolis</strong></span> <span class='ocrx_word' id='word_1_240' title='bbox 994 3745 1062 3789; x_wconf 89' lang='lat' dir='ltr'><strong>esse</strong></span> <span class='ocrx_word' id='word_1_241' title='bbox 1076 3745 1188 3811; x_wconf 88' lang='lat' dir='ltr'><strong>puram</strong></span> <span class='ocrx_word' id='word_1_242' title='bbox 1198 3721 1253 3787; x_wconf 62' lang='lat' dir='ltr'><strong>de</strong></span> 
     </span>
     <span class='ocr_line' id='line_1_33' title="bbox 225 3827 1244 3924; baseline -0.002 -24"><span class='ocrx_word' id='word_1_243' title='bbox 225 3854 315 3900; x_wconf 88' lang='lat' dir='ltr'><strong>mum</strong></span> <span class='ocrx_word' id='word_1_244' title='bbox 326 3831 384 3897; x_wconf 88' lang='lat' dir='ltr'><strong>Dei</strong></span> <span class='ocrx_word' id='word_1_245' title='bbox 396 3831 537 3897; x_wconf 85' lang='lat' dir='ltr'><strong>viventis.</strong></span> <span class='ocrx_word' id='word_1_246' title='bbox 552 3829 672 3897; x_wconf 84' lang='lat' dir='ltr'><strong>Rursus</strong></span> <span class='ocrx_word' id='word_1_247' title='bbox 684 3828 786 3896; x_wconf 88' lang='lat' dir='ltr'><strong>Moses</strong></span> <span class='ocrx_word' id='word_1_248' title='bbox 796 3827 906 3920; x_wconf 90' lang='lat' dir='ltr'><strong>lepore</strong></span> <span class='ocrx_word' id='word_1_249' title='bbox 917 3855 1041 3922; x_wconf 86' lang='lat' dir='ltr'><strong>quoque</strong></span> <span class='ocrx_word' id='word_1_250' title='bbox 1052 3833 1133 3902; x_wconf 82' lang='lat' dir='ltr'><strong>rosc-i</strong></span> <span class='ocrx_word' id='word_1_251' title='bbox 1145 3829 1244 3924; x_wconf 89' lang='lat' dir='ltr'><strong>probi-</strong></span> 
     </span>
    </p>
   </div>
   <div class='ocr_carea' id='block_1_5' title="bbox 257 3955 757 4024">
    <p class='ocr_par' dir='ltr' id='par_1_10' title="bbox 257 3955 757 4024">
     <span class='ocr_line' id='line_1_34' title="bbox 257 3955 757 4024; baseline -0.006 -14"><span class='ocrx_word' id='word_1_252' title='bbox 257 3959 267 3991; x_wconf 67' lang='grc' dir='ltr'><strong>ι</strong></span> <span class='ocrx_word' id='word_1_253' title='bbox 279 3959 354 4010; x_wconf 86' lang='lat' dir='ltr'><strong>Rom.</strong></span> <span class='ocrx_word' id='word_1_254' title='bbox 366 3977 384 4021; x_wconf 87' lang='grc' dir='ltr'><strong>ι,</strong></span> <span class='ocrx_word' id='word_1_255' title='bbox 398 3959 436 4018; x_wconf 79' lang='lat' dir='ltr'><strong>ad,</strong></span> <span class='ocrx_word' id='word_1_256' title='bbox 452 3975 490 4023; x_wconf 84' lang='lat'><strong>²7·</strong></span> <span class='ocrx_word' id='word_1_257' title='bbox 503 3985 534 3998; x_wconf 93' lang='lat'>-</span> <span class='ocrx_word' id='word_1_258' title='bbox 544 3955 556 3991; x_wconf 82' lang='lat'><em>²</em></span> <span class='ocrx_word' id='word_1_259' title='bbox 567 3957 664 4009; x_wconf 75' lang='lat' dir='ltr'><strong>ierem.</strong></span> <span class='ocrx_word' id='word_1_260' title='bbox 676 3973 721 4019; x_wconf 84' lang='grc' dir='ltr'><strong>ιιι,</strong></span> <span class='ocrx_word' id='word_1_261' title='bbox 734 3976 757 4024; x_wconf 80' lang='lat'><strong>9.</strong></span> 
     </span>
    </p>
   </div>
   <div class='ocr_carea' id='block_1_6' title="bbox 0 0 1266 4608">
    <p class='ocr_par' dir='ltr' id='par_1_11' title="bbox 0 0 1266 4608">
     <span class='ocr_line' id='line_1_35' title="bbox 0 0 1266 4608; baseline 0 0"><span class='ocrx_word' id='word_1_262' title='bbox 0 0 1266 4608; x_wconf 95' lang='lat' dir='ltr'><strong> </strong></span> 
     </span>
    </p>
   </div>
  </div>
 </body>
</html>
