2448 4610
243 259 283 327 ιθ
550 276 722 324 cumeris
747 275 958 322 armarentur

237 400 419 491 peperisset.
441 397 553 464 Merito
568 411 674 466 antem
689 367 832 473 volebat,
849 398 949 485 utqui
965 399 1158 464 etiamnumiu
1184 444 1187 455 ·
1208 450 1210 453 v

240 534 348 600 gmseu
362 521 446 584 erat,
463 532 538 576 cum
548 508 709 574 mundana
719 507 884 596 disciplina
897 513 967 596 (per
978 507 1136 610 AEgyptun
1146 533 1167 574 a<

240 617 407 708 allegorice
418 616 787 706 significaturmundus),
800 617 887 706 prius
897 617 1142 706 congrederetur,
1153 652 1157 673 ι
1168 654 1170 669 =
1182 652 1184 655 ·

240 739 347 794 autem
366 727 405 794 ad
423 749 458 790 sc
479 729 605 814 quoque
621 725 775 791 accedens
796 725 902 792 divina
919 725 1112 792 Providentia
1128 725 1169 807 ᾗ

239 836 337 904 Isaac.
358 835 587 923 Interpretatur
611 847 716 900 autem
730 832 822 900 Pltilo
837 833 1062 924 Agarquidem
1083 834 1094 898 i
1133 862 1173 889 aa

240 943 296 1012 hic
316 943 403 1010 enim
425 943 546 1010 dictum
565 955 631 1019 est,
653 943 720 1010 «tte
738 941 877 1009 narltum
896 943 938 1008 sis
959 941 1045 1032 apud
1067 941 1184 1010 aleam*

240 1053 353 1120 Seram
368 1064 493 1128 autem,
514 1077 612 1118 aueum
630 1051 839 1138 priucitutum.
861 1052 950 1120 Licet
972 1075 1048 1141 ergo
1066 1053 1115 1128 ci,
1133 1052 1172 1141 qui
1197 1061 1200 1069 ’

241 1160 366 1251 ciplinis
390 1163 477 1251 prius
498 1174 547 1227 est
568 1162 752 1239 institutus,
776 1163 883 1228 venire
906 1162 947 1228 ud
967 1163 1165 1250 Sapientiam,

241 1268 291 1347 rel
317 1270 454 1338 maxime
481 1271 692 1360 principatum
722 1271 863 1347 obtinet,
880 1293 921 1336 ex
946 1294 1010 1358 qua
1037 1271 1172 1347 crescit,

241 1377 461 1474 israeliticum.
490 1381 538 1446 Ex
559 1381 674 1468 quibus
696 1380 872 1446 ostenditur
897 1379 1094 1469 Sapientiam
1116 1403 1166 1446 eree
1189 1386 1190 1389 ’

242 1489 326 1556 trina
344 1488 609 1578 comparabilem,
628 1490 778 1575 adquam
797 1487 1168 1576 pertentaturum

243 1596 447 1688 temptatione
466 1579 642 1663 coeicstium
656 1599 810 1664 transiens
823 1597 864 1664 ad
879 1621 971 1674 eam,
988 1622 1060 1687 quae
1074 1622 1112 1662 ex
1126 1599 1173 1664 lter

243 1705 341 1772 fidem
356 1717 388 1772 et
405 1706 569 1794 justitiam.
588 1706 647 1772 Per
659 1705 747 1772 Isaac
759 1716 865 1770 autem
880 1706 931 1781 id,
947 1706 1037 1794 quod
1045 1729 1100 1792 per
1112 1729 1137 1772 ae

245 1815 413 1882 indicatur.
438 1817 544 1895 Quare
560 1815 656 1880 ctiam
674 1813 790 1880 Christi
811 1817 904 1902 typus
923 1815 1096 1880 invenitur.
1115 1814 1160 1880 lsl

247 1924 340 1988 unius
355 1924 481 1998 uxoris,
503 1947 619 2011 nempe
637 1923 809 1998 Rebeccae,
826 1945 921 2010 quam
937 1925 1129 1990 transferunt
1154 1960 1157 1975 ι

247 2032 330 2098 tium.
351 2032 475 2098 Dicitur
488 2043 597 2098 »autem
615 2032 715 2098 Jacob
736 2031 886 2120 congredi
905 2055 981 2098 cum
997 2032 1151 2121 pluribus,
1166 2062 1175 2083 t
1197 2038 1199 2041 ’

245 2151 421 2230 exponatur
433 2141 622 2206 exercitator.
638 2140 662 2205 F
665 2141 734 2205 iunt
751 2153 858 2208 autem
870 2142 1116 2208 exercitationes
1126 2165 1163 2230 pu
1190 2216 1202 2226 ,-

247 2261 279 2314 et
294 2248 470 2315 differentia
491 2249 648 2337 dogmata.
671 2248 761 2314 Unde
778 2247 832 2316 hio
850 2249 947 2316 etiam
969 2251 1143 2318 nominatur
1167 2238 1197 2325 ς’

247 2359 301 2449 qui
316 2383 425 2426 revera
443 2359 532 2424 estvi
548 2357 748 2446 perspiciendi
758 2359 928 2447 praeditus,
945 2371 982 2423 ut
1000 2361 1058 2448 qui
1071 2362 1110 2424 sit
1124 2390 1136 2417 u

248 2489 356 2534 rerum
379 2468 518 2556 peritus,
542 2479 575 2531 ot
591 2466 631 2532 ad
648 2467 859 2533 exercendum
880 2469 1146 2536 accommodatae
1168 2472 1177 2491 “’

248 2575 344 2642 etiam
357 2574 476 2663 aliquid
493 2573 595 2650 aliud,
609 2574 694 2664 quod
715 2575 909 2664 significatur
922 2599 982 2664 per
997 2589 1065 2643 tres
1084 2576 1146 2642 illos
1165 2620 1166 2623 =

248 2695 377 2771 patres,
395 2706 510 2771 nempe
533 2706 599 2748 esse
621 2683 751 2762 lit-mum
770 2707 807 2750 ac
825 2683 962 2750 ualidum
979 2687 1160 2774 cognitionis

250 2789 376 2867 culum,
398 2792 484 2880 quod
503 2804 627 2858 constat
646 2817 684 2858 ex
699 2805 829 2868 natura,
847 2749 1069 2871 oidoctrina,
1086 2809 1117 2862 ct
1135 2819 1171 2859 e¹¹

250 2899 346 2966 tione.
367 2901 522 2966 llabueris
536 2915 642 2968 autem
656 2901 751 2968 etiam
764 2900 857 2968 aliam
867 2926 1000 2981 eorum,
1016 2929 1089 2992 quta
1099 2904 1169 2970 dicta

251 3008 506 3085 similitudinem,
529 3009 686 3086 Thamar,
711 3034 780 3098 quar
808 3011 889 3076 sedit
911 3012 944 3079 in
970 3007 1085 3090 tritie,
1108 3025 1136 3078 ct
1171 3054 1173 3057 -

251 3143 319 3185 csse
349 3118 518 3194 meretrix,
541 3142 637 3207 quam
659 3118 815 3192 studiosus
840 3119 940 3185 «ludas
971 3121 1148 3210 (exponitur

249 3231 365 3319 potens)
381 3280 389 3304 ,
403 3228 456 3316 qui
472 3227 551 3294 nihil
565 3226 733 3315 relinquit,
757 3227 843 3316 quod
862 3252 927 3294 non
946 3231 1124 3296 consideret
1141 3250 1172 3294 ec

252 3349 356 3414 tetur,
381 3335 611 3412 consideravit,
633 3347 665 3401 et
689 3337 730 3402 ad
745 3360 816 3402 eam
836 3334 1027 3415 declinarit,
1051 3360 1166 3406 serram

254 3451 349 3536 quam
365 3445 475 3512 habuit
487 3493 495 3520 ,
508 3445 541 3510 in
553 3425 656 3510 Derim
668 3445 890 3536 consessionem.
907 3445 999 3514 Unde
1010 3448 1122 3514 etiam
1145 3480 1149 3499 ·
1178 3482 1180 3485 ·

256 3577 330 3622 cum
346 3557 424 3622 Sara
439 3551 640 3620 emularetur
655 3552 758 3642 algar,
775 3579 845 3643 quae
865 3567 934 3622 erat
949 3556 983 3648 in
995 3558 1107 3646 majori
1125 3588 1130 3612 ι
1165 3598 1168 3607 1
1188 3621 1192 3631 ,

254 3663 500 3737 existimatione,
520 3674 554 3726 ut
566 3661 623 3750 qui
632 3660 790 3729 saecularis
798 3660 1010 3753 Philosophiae
1022 3664 1121 3730 solum
1134 3661 1176 3736 id,

255 3782 303 3837 est
330 3769 425 3847 utile,
453 3769 760 3863 elegisset„«Eccc,
789 3773 913 3862 iuquit,
945 3773 1060 3844 ancilla
1089 3774 1121 3842 in
1139 3795 1182 3840 nt÷

291 3899 473 3966 'Promeae
