2452 4602
171 249 255 325 dno,
478 267 651 312 cumeurn
675 265 886 315 sanaretur

170 381 262 451 tiouli
280 371 453 473 ligamento
474 383 662 451 custoditur.
688 383 760 450 Sint
783 397 892 450 antem
914 384 1005 452 nobis
1027 385 1201 476 signanda,

171 492 333 567 eolumba,
357 492 407 559 rel
427 493 533 583 pisois,
556 494 807 582 voluerisque
827 493 924 561 oeleri
945 518 1043 562 cursu
1067 519 1088 561 a
1110 509 1202 563 vento

170 604 282 681 lertur,
295 603 344 671 rel
355 603 424 694 lyra
435 606 554 673 musioa
566 629 628 695 qua
641 626 717 672 usus
726 617 776 672 est
788 605 983 695 Polycrates,
996 605 1046 672 rel
1063 607 1199 674 anebra

168 717 294 784 neutioa
309 706 405 806 quain
427 714 627 806 insoulpebat
646 713 823 782 Seleucus:
842 728 876 781 et
899 716 924 783 si
947 701 987 782 sit
1010 716 1131 806 aliquis
1152 720 1201 808 qni

69 889 70 892 ,
168 825 319 913 piseetur,
336 823 516 890 meminerit
530 820 685 913 Apostoli,
702 836 736 887 et
746 845 919 911 puerorum
930 823 985 911 qui
1001 846 1042 888 ex
1056 847 1142 912 aqua
1156 847 1203 890 er·

167 934 348 1000 trabuntur.
367 935 477 1023 Neque
491 932 578 998 enim
592 931 751 998 idolorum
767 944 843 998 sunt
857 932 1082 1022 imprimenda
1098 933 1199 1010 ἠόα,

167 1044 283 1133 quibus
298 1043 394 1111 etism
410 1041 572 1108 adherere
587 1041 784 1131 prohibitum
798 1051 847 1105 est
864 1064 873 1104 ε
892 1038 948 1105 sed
961 1063 1026 1106 nee
1039 1041 1140 1117 ensis,
1155 1041 1200 1108 rel

166 1177 275 1231 arcus,
290 1154 327 1220 iis
341 1153 395 1242 qui
411 1174 523 1241 parem
533 1160 786 1239 persequunturs
799 1172 861 1215 neo
874 1147 989 1237 poeula
1004 1151 1043 1217 iis
1060 1155 1200 1240 quisunt

165 1273 389 1352 temperantes.
407 1258 497 1326 Multi
512 1271 619 1326 autem
641 1257 801 1345 lididinosi
822 1259 959 1326 nudatos
974 1260 1106 1328 babent
1118 1287 1198 1328 ams-

165 1373 241 1449 sios,
250 1370 299 1438 vel
312 1371 440 1448 amicas,
452 1383 487 1435 ut
498 1393 552 1446 ne,
561 1370 586 1436 si
598 1367 694 1436 velint
706 1369 849 1458 quidem,
861 1371 1033 1438 amatorias
1044 1397 1090 1438 ex
1099 1369 1196 1440 animo

165 1480 324 1570 deponere
338 1477 593 1568 perturbationes
607 1479 741 1567 possint,
756 1478 844 1568 quod
862 1478 966 1546 libido
981 1481 1030 1547 eis
1046 1497 1195 1573 per-petus

163 1593 197 1660 in
211 1603 352 1658 mentem
363 1603 538 1662 rerooetur.
553 1590 602 1656 De
616 1587 687 1679 pilis
702 1602 809 1656 autem
824 1591 868 1658 ita
882 1590 1036 1657 videtur:
1051 1594 1192 1662 virum

162 1701 293 1792 quidem
316 1712 411 1790 caput
435 1701 475 1768 sit
495 1723 617 1778 rarum,
640 1701 700 1768 nisi
721 1701 803 1767 lorte
822 1700 903 1790 pilos
918 1703 1044 1792 crispos
1062 1705 1192 1772 babent:

162 1813 261 1879 barba
276 1821 396 1886 autem,
411 1808 543 1875 hirsuta.
562 1809 675 1876 lntorti
692 1823 799 1878 autem
815 1810 919 1901 capilli
936 1836 978 1878 ne
993 1838 1013 1878 a
1029 1816 1131 1905 eapite
1143 1817 1194 1882 ni-

160 1922 262 1989 mium
277 1921 496 1998 demittuntur,
513 1920 546 1989 in
561 1941 688 1988 comam
703 1921 892 1989 muliebrem
907 1922 1108 2000 dilabentem
1122 1927 1191 1993 siris

159 2032 245 2098 enim
262 2032 360 2097 barba
379 2029 507 2098 suffieit.
526 2030 624 2111 Quod
643 2032 754 2122 siquis
775 2033 872 2098 etium
894 2035 1033 2101 barbam
1055 2035 1192 2102 nonnibd

158 2141 300 2216 tondeat,
318 2163 353 2205 ea
375 2152 480 2205 tamen
502 2163 567 2206 non
589 2152 637 2206 est
657 2121 788 2207 omdino
807 2142 1022 2220 denudanda3
1046 2159 1097 2211 est
1111 2147 1194 2212 enirn

42 2273 47 2278 ·
100 2323 104 2333 f
160 2248 1192 2342 turpespeotaoulumsbarbaequeadcutemusquatonsursnen

157 2361 285 2427 ridetur
296 2358 433 2427 multum
456 2359 597 2425 abesses
614 2357 756 2428 vulsione
775 2373 807 2426 et
825 2359 951 2428 laevore.
970 2363 1090 2453 Statim
1111 2367 1192 2432 enin

158 2493 234 2537 eece
252 2467 516 2558 psalmographus
535 2469 645 2533 barbae
664 2491 754 2535 coma
773 2467 961 2548 delectatus,
991 2501 1005 2534 ι
1024 2473 1121 2542 Sient
1137 2499 1194 2542 un·

38 2631 44 2641 ,
159 2590 353 2669 nguentum,
365 2579 489 2665 inquit,
505 2578 591 2665 quod
602 2578 766 2645 deseendit
780 2581 813 2646 in
830 2582 977 2656 barbam,
989 2585 1128 2651 barbam
1137 2586 1192 2654 ta·

158 2713 172 2750 a
188 2710 246 2752 ron
260 2685 281 2752 ¹.
299 2713 312 2748 s
332 2685 363 2752 ls
378 2709 452 2754 cum
474 2686 584 2754 barbe
599 2687 879 2777 conduplicatione
897 2691 1049 2758 decorem
1065 2693 1192 2764 landu-

157 2804 217 2868 set,
235 2789 355 2858 vultum
369 2790 554 2859 exhilaravit
571 2805 732 2883 unguento
746 2793 886 2861 Domini.
905 2796 1069 2876 Quoniam
1086 2805 1192 2868 aum

156 2923 221 2969 non
238 2901 360 2968 decoris
375 2900 474 2990 gratia
496 2913 638 2977 tonsura,
662 2903 717 2969 sed
739 2915 870 2993 propter
889 2902 965 2972 alias
987 2911 1195 2977 necessitates

155 3010 339 3086 assumitur,
351 3004 406 3098 pili
422 3009 551 3098 quidem
567 3011 691 3100 eapitis,
704 3033 759 3088 ne,
770 3013 796 3077 si
812 3015 898 3079 auoti
910 3013 1040 3092 suerint,
1052 3018 1186 3088 ‹tesoeu

155 3117 267 3186 dentes
278 3118 378 3186 visum
393 3118 580 3210 impediant,
591 3131 624 3186 et
635 3119 716 3186 sorte
727 3120 781 3210 qui
795 3121 827 3186 in
839 3123 993 3212 superiori
1003 3124 1093 3193 labri
1105 3141 1195 3217 parts

153 3227 238 3294 inter
256 3227 491 3294 'comedendum
509 3227 707 3316 polluuntur,
728 3230 881 3296 tondendi
899 3242 985 3309 sunt,
1000 3255 1072 3300 non
1095 3259 1194 3304 nm

153 3333 238 3414 oula,
254 3348 302 3402 est
316 3335 403 3402 enim
422 3334 588 3415 illiberale,
602 3338 660 3404 sed
679 3337 802 3404 duabus
817 3341 1192 3413 tonsorum'lorlieibus:

153 3448 261 3514 barbae
283 3458 389 3513 autem
411 3446 479 3535 pili,
502 3448 556 3538 qui
578 3446 658 3514 nibil
679 3445 832 3515 molestie
853 3450 997 3528 all'erunt,
1014 3475 1102 3522 nnn
1122 3467 1197 3524 sent

152 3557 299 3633 vexandi,
313 3569 349 3624 ut
363 3559 416 3647 qui
433 3557 532 3625 vultui
549 3561 734 3650 gravitatem
746 3558 893 3640 afferant,
904 3576 935 3629 et
946 3565 1128 3651 quemdam
1140 3589 1198 3656 pa·

153 3679 279 3733 ternum
301 3681 458 3737 torrorem
476 3671 642 3738 incutiant.
665 3671 764 3740 Porro
785 3672 1026 3740 autem'multos
1054 3701 1195 3766 quoqu

13 3857 17 3862 Δ
151 3778 244 3844 docet
258 3797 323 3845 non
341 3802 481 3869 peoeare
493 3784 634 3873 corporis
653 3781 796 3864 habitus,
817 3783 903 3874 quod
923 3783 991 3852 indo
1010 3784 1128 3856 facile
1143 3789 1193 3854 de

181 3905 264 3957 ¹l’sel.
279 3923 381 3971 oxum,
393 3927 415 3960 ι.
