2382 4592
342 239 533 285 !TROHATW
556 241 617 284 nnt.
644 241 673 284 V·
966 244 1025 310 197

87 357 222 420 oracula
234 368 266 418 ut
282 358 467 440 sapientibus
480 358 532 420 det
545 358 664 434 abdita,

88 460 207 524 Malum
218 460 368 532 scelestis,
385 459 481 520 multa
492 461 544 538 qui
559 462 662 540 paucis
675 459 773 520 docet.

4 583 108 648 ialam
123 601 318 668 ponenspro
332 576 479 668 simplici.
500 578 617 668 Aperta
634 579 742 668 itaque
763 578 803 643 de
824 589 892 646 tota
915 593 1024 650 nostra

4 692 151 779 criptura
162 686 494 777 inPsalmisscriptum
502 700 568 765 eat,
584 687 1021 776 quuddictasitinparaltola:

4 797 146 872 :Audite,
155 793 293 885 populus
304 818 406 871 meus,
418 794 521 885 legem
531 819 651 870 meama
667 795 815 862 inclinate
826 819 937 863 aurem
950 821 1023 863 ves-

5 906 139 972 immin
160 905 255 970 verba
273 905 337 970 oris
359 905 432 970 mci.
450 903 599 994 ripariam
614 905 648 971 in
662 903 818 994 parabolis
839 925 874 970 os
890 929 1020 983 meum,

2 1012 116 1102 loquar
125 1013 357 1102 propositiones
369 1013 408 1078 ab
420 1013 511 1078 initio
519 1012 747 1080 ¹.»Praeclarus
754 1037 881 1103 quoque
887 1011 1023 1102 Aposto-

2 1145 30 1187 as
48 1123 94 1188 sic
112 1121 193 1188 dicit
212 1121 449 1210 quodammodo
472 1119 585 1188 similia
606 1147 614 1188 ι
632 1123 830 1211 «Loquimur
848 1133 954 1190 autem
970 1146 1022 1190 sa-

3 1229 156 1322 pientiam
171 1231 254 1295 inter
263 1213 422 1320 periectos
435 1253 443 1295 a
458 1230 644 1318 sapientiam
654 1242 762 1296 autem
774 1254 838 1296 non
853 1228 948 1318 hujus
961 1253 1021 1296 saa-

5 1337 84 1414 culi,
96 1361 203 1427 neque
212 1337 393 1427 principum
402 1329 500 1425 ¹hujus
511 1340 641 1416 mundi,
655 1329 928 1428 qsridestruuntur
940 1363 951 1404 ι
964 1339 1020 1406 sed

4 1445 165 1535 loqasimur
174 1445 232 1512 Dei
248 1446 433 1535 sapientiam
447 1446 480 1512 in
496 1448 646 1536 mysterio
663 1447 900 1521 absconditam
922 1471 1019 1535 quam

4 1553 151 1644 praefiniit
162 1556 246 1620 Deus
259 1567 332 1622 ante
344 1553 455 1646 sucula
467 1555 501 1622 iu
515 1553 647 1644 gloriam
661 1567 822 1633 nostram,
837 1579 935 1645 quam
950 1555 1020 1624 nul·

6 1659 53 1728 lus
66 1663 316 1753 exprincipibus
331 1662 427 1753 hujus
441 1661 548 1730 manli
559 1665 707 1754 cognorit
722 1663 747 1729 ².
762 1690 775 1727 a

33 1808 74 1892 [ι’.
86 1803 262 1905 Symbola
272 1805 526 1906 PythagOrica⁸
544 1833 552 1877 ε

27 1937 94 2006 «lam
106 1965 186 2007 vero
198 1940 362 2008 abarbara
373 1939 572 2030 philosophia
583 1939 756 2008 admodum
767 1938 892 2006 occulis
904 1940 1020 2029 dapen-

0 2055 57 2112 ent
67 2047 214 2137 symbola
226 2047 444 2138 Pythagorica.
461 2047 579 2116 Suadet
592 2049 698 2137 itaque
710 2047 833 2114 Samius
844 2045 913 2123 ille,
932 2049 1018 2113 «Do-

10 2155 48 2220 mi
61 2179 124 2222 non
141 2156 262 2223 habere
280 2155 501 2236 hirundinem,
515 2184 528 2218 s
542 2155 607 2221 hoc
621 2168 687 2232 est,
708 2153 875 2243 loquacem
889 2206 898 2232 ,
914 2168 948 2222 ct
961 2179 1017 2220 su·

0 2287 168 2341 arronem,
185 2276 217 2330 et
238 2263 406 2330 effraenatae
424 2263 539 2354 linguae
561 2263 748 2352 hominem,
765 2264 818 2353 qui
834 2287 897 2328 non
915 2276 1018 2352 potest

16 2373 168 2448 ·ntinere,
187 2396 247 2439 neo
265 2396 379 2463 capere
394 2396 450 2451 ea,
470 2396 541 2462 quae
562 2371 607 2439 illi
629 2373 746 2437 fuerint
768 2373 1013 2439 communicata.

20 2479 160 2546 llirundo
181 2481 266 2546 onim
287 2492 464 2557 nituntur,
486 2503 626 2570 passeres
650 2481 734 2570 agri,
759 2492 917 2546 noverunt
934 2491 1018 2547 tem·

11 2607 78 2674 pora
93 2612 228 2655 suorum
241 2589 439 2678 ingressuum
448 2589 473 2667 ⁴,
482 2618 495 2652 ι
505 2590 607 2678 inquit
618 2589 782 2678 Scriptura
796 2612 804 2653 ε
819 2611 880 2655 nce
891 2601 1017 2680 oportet

0 2722 3 2747 ι
17 2705 116 2764 1uam
131 2695 229 2762 simul
242 2695 386 2763 habitare
402 2720 477 2764 cum
495 2698 597 2787 nugis.

27 2802 139 2872 Rursus
152 2804 345 2895 Pythagoras
355 2804 388 2881 ⁶,
410 2832 423 2866 a
436 2804 507 2871 Olla
518 2807 557 2872 ab
569 2806 641 2894 igne
655 2803 790 2884 sublata,
800 2805 939 2893 principit
949 2829 1016 2872 non

8 2909 176 3000 ralinqnere
189 2913 362 3004 figuramin
374 2913 492 2991 cinere,
506 2914 562 2980 scd
572 2937 644 2980 cam
659 2913 874 2980 confundere:
889 2915 947 2990 Et,
960 2915 1014 3002 qui
1102 2907 1122 2934 ”

11 3035 132 3110 augunt
149 3045 168 3089 e
188 3019 305 3098 cubili,
323 3024 513 3088 conturbare
533 3021 709 3112 stragula.»
730 3021 887 3088 innuebat
907 3021 1011 3097 enim,
1114 3103 1117 3110 .

0 3148 45 3193 on
56 3129 158 3198 solnm
171 3153 238 3196 esse
255 3127 425 3196 delendum
440 3132 554 3198 fastum
570 3143 603 3196 at
617 3129 816 3222 superbiam,
833 3130 889 3195 eod
903 3153 944 3195 ne
959 3131 1013 3196 irae

2 3234 101 3334 fldem
114 3263 186 3306 essu
203 3237 446 3328 relinquendum
462 3240 638 3330 vestigium.
658 3239 741 3305 Cum
757 3250 864 3306 autem
880 3237 1013 3304 ebullire

0 3372 27 3399 u·
37 3351 159 3427 averit,
172 3371 245 3415 eam
258 3371 326 3430 esse
342 3349 597 3438 componendam
607 3399 617 3428 ,
629 3360 663 3416 ct
678 3370 807 3415 omnem
821 3371 890 3413 esse
901 3345 1013 3415 delen-

13 3484 44 3511 u
64 3455 187 3547 injuriae
202 3458 400 3525 memoriam.
420 3455 495 3524 «sol
516 3469 622 3524 antem
639 3456 728 3524 vobis
749 3479 791 3523 ne
811 3456 937 3525 occidat
957 3481 1012 3524 su-
