2546 4614
33 347 36 350 .
163 289 228 370 4ιὸ
414 307 438 347 s.
465 304 631 350 urrrotrrr
654 304 695 348 ou
722 303 943 348 tnrrcmrsro.

164 435 264 500 »dete
278 443 425 524 peretum
438 431 529 496 vobis
544 451 679 518 regnum
692 451 711 493 u
724 427 952 494 constitutione
966 427 1080 492 mundi
1090 427 1113 491 ¹.
1128 428 1194 494 old

168 544 330 634 improbos
344 563 420 610 vero
434 539 509 630 quid
524 539 625 606 diuiti
640 565 653 598 r
669 538 730 614 lte,
742 537 917 613 maledieti,
933 537 966 602 in
982 538 1093 626 ignem
1108 549 1194 604 nter-

166 683 180 718 »
194 677 287 728 num,
303 654 358 741 qui
371 663 499 742 perotus
511 661 559 714 est
574 647 702 716 diabolo
716 659 750 713 et
764 645 883 737 angelis
896 649 970 736 ejus
984 671 994 712 :
1010 675 1024 710 r
1039 670 1136 734 quem
1148 670 1193 735 pe

167 765 248 830 revit
262 762 356 830 Peter
370 783 471 826 meus.
487 759 631 826 Joennes
648 781 722 824 vero
738 758 833 826 dieit:
847 757 964 824 «Foris
980 779 1079 822 canes
1101 769 1135 822 et
1146 781 1192 822 re·

167 872 304 950 medei,
320 883 352 938 et
362 880 552 938 scortatores
566 879 601 934 et
614 867 798 945 homicide,
813 880 847 934 et
861 865 956 932 idolis
971 867 1154 942 servientes,
1166 879 1192 932 et

167 1015 182 1050 ι
195 984 297 1052 omnis
309 983 362 1071 qui
374 981 449 1048 inuit
460 995 492 1046 et
503 992 588 1046 emet
598 978 836 1056 mendaciumn
849 980 947 1068 »quia
958 1000 1033 1066 psrs
1046 989 1144 1044 restra
1153 992 1192 1044 eet

166 1097 201 1162 in
216 1094 358 1184 gehenne
374 1092 467 1182 ignis.
484 1090 636 1160 Similiter
656 1103 764 1158 eutem
781 1101 814 1156 et
830 1090 942 1155 Eseies
957 1091 1003 1156 sit
1017 1112 1026 1152 :
1038 1089 1099 1154 ιΕι
1111 1113 1190 1177 egre

170 1203 337 1278 salientur,
353 1213 387 1268 et
402 1199 554 1268 videbunt
569 1199 735 1274 oudurers,
753 1210 789 1265 ut
808 1221 924 1266 eorum
940 1199 999 1287 qui
1015 1200 1188 1287 praeruimti

170 1323 270 1378 »eunt
285 1311 319 1378 in
334 1325 398 1378 me.
417 1307 540 1378 Vermie
554 1330 667 1374 eorum
682 1330 747 1373 non
762 1307 936 1382 morietur,
954 1318 988 1372 et
1002 1306 1079 1395 ignis
1090 1331 1182 1374 eorem

171 1445 263 1489 »non
280 1421 494 1510 extinguetur,
510 1430 542 1482 et
557 1430 653 1484 erunt
669 1417 702 1482 in
717 1415 873 1484 visionem
888 1415 983 1482 omni
998 1397 1129 1482 mini'.»

216 1529 330 1598 LXVI.
352 1526 467 1594 Paulus
483 1538 590 1592 sutem
605 1522 774 1614 Apostolus
797 1524 838 1590 de
853 1525 1173 1611 resurrectiouejoste

173 1665 245 1710 rum
256 1639 299 1708 sd
307 1635 599 1704 Thessalonicenses
609 1635 763 1712 scribens,
780 1635 872 1699 situ
890 1632 1160 1722 Notmrefge

173 1777 271 1820 »rore
286 1751 326 1818 de
341 1750 582 1825 dormientibus,
599 1761 634 1816 ut
649 1770 713 1814 non
728 1746 983 1822 contristemini,
1000 1747 1066 1812 teu
1076 1759 1102 1810 rt
1112 1769 1161 1811 α-

174 1895 187 1928 ι
200 1863 273 1940 teri,
288 1862 344 1952 qui
360 1885 449 1951 spem
463 1883 526 1926 non
541 1859 670 1926 habent.
686 1855 720 1924 si
734 1858 820 1924 enim
836 1855 1005 1924 oredimus
1018 1854 1177 1946 qnedluut

175 2004 187 2036 ι
202 1986 346 2040 mortuus
360 1983 454 2040 estet
469 1970 650 2046 resurrexit,
666 1969 708 2034 its
723 1981 757 2034 et
770 1969 856 2036 Deus
867 1991 926 2034 eos
941 1969 1001 2057 qui
1015 1967 1184 2034 dermiuuut

174 2107 257 2174 »per
276 2083 386 2150 losum
407 2081 544 2148 adducet
558 2103 633 2146 cum
647 2102 696 2144 eo.
718 2079 789 2146 lloo
809 2078 897 2146 enim
915 2079 1008 2149 rotis
1023 2077 1146 2144 didmm
1162 2076 1190 2140 in

175 2223 188 2256 ι
202 2194 298 2260 verbo
308 2189 448 2268 Domini,
461 2189 534 2280 quis
546 2212 603 2254 nos
614 2189 668 2276 qui
681 2187 826 2263 vivimus,
837 2187 892 2275 qui
911 2187 1035 2254 residui
1045 2187 1192 2262 sununs

176 2303 374 2371 »adrentum
388 2299 516 2367 Domini
532 2321 598 2364 non
610 2297 836 2386 proeveniemus
855 2319 912 2391 eos
928 2297 987 2386 qui
1003 2296 1192 2364 dormierunt

176 2411 365 2491 »Quonism
380 2411 446 2500 ipse
465 2409 619 2476 Dominus
635 2407 666 2472 in
685 2408 787 2495 jussu,
802 2420 836 2472 et
856 2407 889 2472 in
906 2429 992 2473 voce
1015 2420 1047 2474 et
1065 2409 1135 2473 tuln
1147 2407 1194 2473 Do'

176 2521 374 2590 »descendet
395 2521 435 2592 de
450 2517 545 2596 eoelo,
560 2530 594 2583 et
615 2517 732 2584 mortui
753 2517 786 2582 iu
807 2515 939 2600 Christo
960 2531 1129 2607 resurgent
1143 2517 1194 2605 pr'r

175 2661 189 2696 ι
203 2653 302 2699 mum.
321 2631 443 2698 Deinde
459 2651 516 2696 noe
536 2628 591 2716 qui
607 2627 752 2704 vivimus,
767 2628 823 2715 qui
838 2627 961 2694 residui
983 2651 1107 2704 sumus,
1119 2625 1187 2693 suu

175 2772 189 2805 ι
201 2763 276 2808 oum
286 2741 332 2806 eis
342 2741 505 2829 rapiemur
517 2737 552 2804 in
561 2761 730 2806 occumum
742 2736 869 2806 Domini
881 2739 915 2802 in
926 2743 1028 2813 seras
1043 2751 1077 2806 et
1085 2741 1117 2806 ἐι
1125 2759 1183 2802 ue
1270 2805 1272 2848 t

177 2879 190 2914 ι
205 2875 264 2942 por
272 2873 348 2918 oum
360 2851 497 2918 Domino
508 2849 626 2916 erimus
636 2846 659 2912 ⁶.
673 2875 688 2909 ι

221 2961 351 3032 LXVII.
375 2963 452 3028 llaeo
466 2962 524 3028 tibi
539 2960 649 3050 paucis
660 2959 804 3048 exposui,
815 2983 835 3026 o
846 2958 1048 3050 Theophile.
1061 2959 1199 3028 exdiriris
1270 3031 1272 3050 ,

176 3073 347 3162 seripturis
361 3073 486 3148 hauns,
510 3083 545 3137 ut
560 3070 713 3138 servando
728 3069 793 3136 fide
812 3094 884 3159 quae
900 3073 1026 3162 scripte
1042 3085 1126 3148 sunt,
1139 3093 1201 3159 pre
1270 3119 1272 3192 4

178 3185 375 3274 spiciensque
386 3183 505 3260 lutura,
521 3181 712 3250 inoffensum
723 3193 755 3246 te
767 3181 835 3248 Deo
849 3205 889 3248 so
901 3183 1091 3250 hominihus
1101 3204 1203 3254 serres,
1270 3231 1272 3254 ÷

178 3308 347 3383 expectans
362 3295 488 3362 beatem
502 3315 603 3381 spem,
619 3304 652 3357 et
671 3288 918 3360 illustrationem
934 3293 997 3358 Dei
1021 3305 1055 3358 et
1076 3292 1206 3360 Sslmto-
1271 3271 1272 3310 ³

179 3405 221 3469 ris
238 3403 336 3470 nostri
354 3401 378 3478 ⁵,
391 3403 423 3468 in
438 3425 499 3491 qus
516 3400 671 3466 suscitatis
691 3401 808 3468 eunctis
829 3402 962 3474 nostris,
981 3425 1059 3468 cum
1073 3403 1115 3468 eis
1127 3400 1206 3468 leta·

178 3513 265 3580 bitur
284 3511 462 3602 glorificens
481 3510 618 3576 Putrem.
637 3509 699 3598 lpsi
715 3507 815 3597 glorio
831 3508 865 3573 in
887 3511 1087 3599 sempiterne
1106 3507 1208 3576 moult

178 3619 377 3688 saecirlorum.
396 3621 509 3688 Amen.
1270 3629 1271 3634 ’

212 3763 222 3798 ¹
240 3765 332 3814 Mottlr.
353 3781 410 3822 ιιι,
424 3765 464 3822 dl.
484 3791 515 3802 —
529 3759 540 3796 ²
556 3724 636 3828 Apod.
648 3776 704 3820 m,
720 3763 759 3822 15,
775 3771 800 3811 et
817 3777 874 3822 xxi,
893 3762 919 3812 8.
939 3763 994 3801 -l
1011 3763 1046 3814 lt.
1061 3781 1123 3822 ιιιι,
1137 3763 1205 3821 ²l···

182 3838 193 3870 ⁸
209 3839 303 3888 rTues.
317 3855 351 3900 rr,
367 3836 621 3897 12.-⁵'rir.n‚13.

590 4003 805 4024 *fl*—
