<?xml version="1.0" encoding="UTF-8"?>
<!DOCTYPE html PUBLIC "-//W3C//DTD XHTML 1.0 Transitional//EN"
    "http://www.w3.org/TR/xhtml1/DTD/xhtml1-transitional.dtd">
<html xmlns="http://www.w3.org/1999/xhtml" xml:lang="en" lang="en">
 <head>
  <title>
</title>
<meta http-equiv="Content-Type" content="text/html;charset=utf-8" />
  <meta name='ocr-system' content='tesseract 3.04.00' />
  <meta name='ocr-capabilities' content='ocr_page ocr_carea ocr_par ocr_line ocrx_word'/>
</head>
<body>
  <div class='ocr_page' id='page_1' title='image "./collectioselect00guilgoog_0847.png"; bbox 0 0 2532 4608; ppageno 0'>
   <div class='ocr_carea' id='block_1_1' title="bbox 324 279 1058 345">
    <p class='ocr_par' dir='ltr' id='par_1_1' title="bbox 324 279 1058 345">
     <span class='ocr_line' id='line_1_1' title="bbox 324 279 1058 345; baseline 0.003 -3"><span class='ocrx_word' id='word_1_1' title='bbox 324 300 328 311; x_wconf 91' lang='lat'>·</span> <span class='ocrx_word' id='word_1_2' title='bbox 359 299 552 345; x_wconf 76' lang='lat' dir='ltr'>annonaria</span> <span class='ocrx_word' id='word_1_3' title='bbox 574 299 636 344; x_wconf 78' lang='lat' dir='ltr'>nra.</span> <span class='ocrx_word' id='word_1_4' title='bbox 664 291 726 343; x_wconf 79' lang='lat' dir='ltr'>vir:</span> <span class='ocrx_word' id='word_1_5' title='bbox 995 279 1058 344; x_wconf 71' lang='lat'>551</span> 
     </span>
    </p>
   </div>
   <div class='ocr_carea' id='block_1_2' title="bbox 18 417 1060 836">
    <p class='ocr_par' dir='ltr' id='par_1_2' title="bbox 18 417 1060 836">
     <span class='ocr_line' id='line_1_2' title="bbox 18 417 1059 508; baseline -0.003 -19"><span class='ocrx_word' id='word_1_6' title='bbox 18 417 222 488; x_wconf 65' lang='lat' dir='ltr'>formidabilia</span> <span class='ocrx_word' id='word_1_7' title='bbox 250 418 432 494; x_wconf 82' lang='lat' dir='ltr'>sustinent,</span> <span class='ocrx_word' id='word_1_8' title='bbox 462 428 592 508; x_wconf 87' lang='lat' dir='ltr'>propter</span> <span class='ocrx_word' id='word_1_9' title='bbox 614 439 727 486; x_wconf 85' lang='lat' dir='ltr'>eornm</span> <span class='ocrx_word' id='word_1_10' title='bbox 756 439 827 507; x_wconf 78' lang='lat' dir='ltr'>que</span> <span class='ocrx_word' id='word_1_11' title='bbox 854 427 929 484; x_wconf 85' lang='lat' dir='ltr'>aunt</span> <span class='ocrx_word' id='word_1_12' title='bbox 952 419 1059 507; x_wconf 82' lang='lat' dir='ltr'>gravia</span> 
     </span>
     <span class='ocr_line' id='line_1_3' title="bbox 18 511 1060 620; baseline -0.002 -24"><span class='ocrx_word' id='word_1_13' title='bbox 18 529 265 620; x_wconf 80' lang='lat' dir='ltr'>ignorationem:</span> <span class='ocrx_word' id='word_1_14' title='bbox 283 527 388 616; x_wconf 79' lang='lat' dir='ltr'>ignem</span> <span class='ocrx_word' id='word_1_15' title='bbox 401 526 529 614; x_wconf 86' lang='lat' dir='ltr'>quidem</span> <span class='ocrx_word' id='word_1_16' title='bbox 545 511 632 592; x_wconf 84' lang='lat' dir='ltr'>certe</span> <span class='ocrx_word' id='word_1_17' title='bbox 645 526 690 593; x_wconf 86' lang='lat' dir='ltr'>sie</span> <span class='ocrx_word' id='word_1_18' title='bbox 706 536 853 615; x_wconf 82' lang='lat' dir='ltr'>tangunt.</span> <span class='ocrx_word' id='word_1_19' title='bbox 870 525 973 592; x_wconf 88' lang='lat' dir='ltr'>Sedet</span> <span class='ocrx_word' id='word_1_20' title='bbox 980 527 1060 594; x_wconf 83' lang='lat' dir='ltr'>ieras</span> 
     </span>
     <span class='ocr_line' id='line_1_4' title="bbox 18 634 1059 726; baseline 0.001 -24"><span class='ocrx_word' id='word_1_21' title='bbox 18 659 85 726; x_wconf 80' lang='lat' dir='ltr'>quae</span> <span class='ocrx_word' id='word_1_22' title='bbox 105 637 138 703; x_wconf 92' lang='lat' dir='ltr'>in</span> <span class='ocrx_word' id='word_1_23' title='bbox 152 636 257 704; x_wconf 83' lang='lat' dir='ltr'>hastas</span> <span class='ocrx_word' id='word_1_24' title='bbox 272 635 462 712; x_wconf 87' lang='lat' dir='ltr'>incurrunt,</span> <span class='ocrx_word' id='word_1_25' title='bbox 484 658 560 703; x_wconf 90' lang='lat' dir='ltr'>cum</span> <span class='ocrx_word' id='word_1_26' title='bbox 578 635 641 702; x_wconf 83' lang='lat' dir='ltr'>sint</span> <span class='ocrx_word' id='word_1_27' title='bbox 661 635 758 700; x_wconf 84' lang='lat' dir='ltr'>sortes</span> <span class='ocrx_word' id='word_1_28' title='bbox 780 634 861 701; x_wconf 86' lang='lat' dir='ltr'>citra</span> <span class='ocrx_word' id='word_1_29' title='bbox 882 635 1059 713; x_wconf 89' lang='lat' dir='ltr'>rationem,</span> 
     </span>
     <span class='ocr_line' id='line_1_5' title="bbox 18 743 1058 836; baseline -0.001 -24"><span class='ocrx_word' id='word_1_30' title='bbox 18 746 131 812; x_wconf 85' lang='lat' dir='ltr'>rirtute</span> <span class='ocrx_word' id='word_1_31' title='bbox 145 746 214 834; x_wconf 83' lang='lat' dir='ltr'>qaia</span> <span class='ocrx_word' id='word_1_32' title='bbox 231 745 377 836; x_wconf 73' lang='lat' dir='ltr'>preditos</span> <span class='ocrx_word' id='word_1_33' title='bbox 394 743 577 813; x_wconf 76' lang='lat' dir='ltr'>vocaverit?</span> <span class='ocrx_word' id='word_1_34' title='bbox 590 743 737 820; x_wconf 84' lang='lat' dir='ltr'>Fortasse</span> <span class='ocrx_word' id='word_1_35' title='bbox 756 753 864 810; x_wconf 89' lang='lat' dir='ltr'>autem</span> <span class='ocrx_word' id='word_1_36' title='bbox 879 743 914 810; x_wconf 91' lang='lat' dir='ltr'>hi</span> <span class='ocrx_word' id='word_1_37' title='bbox 929 767 1058 834; x_wconf 82' lang='lat' dir='ltr'>quoque</span> 
     </span>
    </p>
   </div>
   <div class='ocr_carea' id='block_1_3' title="bbox 18 851 1178 943">
    <p class='ocr_par' dir='ltr' id='par_1_3' title="bbox 18 851 1178 943">
     <span class='ocr_line' id='line_1_6' title="bbox 18 851 1178 943; baseline 0 -23"><span class='ocrx_word' id='word_1_38' title='bbox 18 853 110 920; x_wconf 79' lang='lat' dir='ltr'>fortes</span> <span class='ocrx_word' id='word_1_39' title='bbox 129 855 237 921; x_wconf 83' lang='lat' dir='ltr'>dicent</span> <span class='ocrx_word' id='word_1_40' title='bbox 253 854 497 943; x_wconf 64' lang='lat' dir='ltr'>praestigiatores</span> <span class='ocrx_word' id='word_1_41' title='bbox 518 875 552 918; x_wconf 88' lang='lat' dir='ltr'>se</span> <span class='ocrx_word' id='word_1_42' title='bbox 569 853 602 920; x_wconf 90' lang='lat' dir='ltr'>in</span> <span class='ocrx_word' id='word_1_43' title='bbox 626 851 746 942; x_wconf 76' lang='lat' dir='ltr'>gladios</span> <span class='ocrx_word' id='word_1_44' title='bbox 763 864 923 929; x_wconf 85' lang='lat' dir='ltr'>rotantes,</span> <span class='ocrx_word' id='word_1_45' title='bbox 942 854 998 941; x_wconf 88' lang='lat' dir='ltr'>qui</span> <span class='ocrx_word' id='word_1_46' title='bbox 1020 876 1061 920; x_wconf 84' lang='lat' dir='ltr'>ex</span> <span class='ocrx_word' id='word_1_47' title='bbox 1174 879 1178 896; x_wconf 77' lang='lat'><strong>¹</strong></span> 
     </span>
    </p>
   </div>
   <div class='ocr_carea' id='block_1_4' title="bbox 18 959 1063 1376">
    <p class='ocr_par' dir='ltr' id='par_1_4' title="bbox 18 959 1063 1376">
     <span class='ocr_line' id='line_1_7' title="bbox 18 959 1061 1052; baseline 0.002 -24"><span class='ocrx_word' id='word_1_48' title='bbox 18 963 151 1052; x_wconf 67' lang='lat' dir='ltr'>quadam</span> <span class='ocrx_word' id='word_1_49' title='bbox 161 962 355 1052; x_wconf 78' lang='lat' dir='ltr'>experientia</span> <span class='ocrx_word' id='word_1_50' title='bbox 371 973 502 1052; x_wconf 90' lang='lat' dir='ltr'>propter</span> <span class='ocrx_word' id='word_1_51' title='bbox 516 959 610 1028; x_wconf 83' lang='lat' dir='ltr'>rilem</span> <span class='ocrx_word' id='word_1_52' title='bbox 626 961 808 1027; x_wconf 78' lang='lat' dir='ltr'><strong>mercedem</strong></span> <span class='ocrx_word' id='word_1_53' title='bbox 822 959 942 1028; x_wconf 87' lang='lat' dir='ltr'>malam</span> <span class='ocrx_word' id='word_1_54' title='bbox 958 973 1061 1030; x_wconf 85' lang='lat' dir='ltr'>artem</span> 
     </span>
     <span class='ocr_line' id='line_1_8' title="bbox 18 1059 1061 1159; baseline -0.001 -21"><span class='ocrx_word' id='word_1_55' title='bbox 18 1084 173 1139; x_wconf 82' lang='lat' dir='ltr'>exercent.</span> <span class='ocrx_word' id='word_1_56' title='bbox 190 1071 253 1153; x_wconf 88' lang='lat' dir='ltr'>Qui</span> <span class='ocrx_word' id='word_1_57' title='bbox 270 1081 317 1137; x_wconf 85' lang='lat' dir='ltr'>est</span> <span class='ocrx_word' id='word_1_58' title='bbox 333 1082 439 1138; x_wconf 86' lang='lat' dir='ltr'>autern</span> <span class='ocrx_word' id='word_1_59' title='bbox 454 1093 564 1136; x_wconf 82' lang='lat' dir='ltr'>revera</span> <span class='ocrx_word' id='word_1_60' title='bbox 576 1070 686 1146; x_wconf 79' lang='lat' dir='ltr'>sortis,</span> <span class='ocrx_word' id='word_1_61' title='bbox 703 1059 778 1135; x_wconf 78' lang='lat' dir='ltr'>cum</span> <span class='ocrx_word' id='word_1_62' title='bbox 792 1093 850 1159; x_wconf 88' lang='lat' dir='ltr'>per</span> <span class='ocrx_word' id='word_1_63' title='bbox 864 1067 974 1159; x_wconf 92' lang='lat' dir='ltr'>populi</span> <span class='ocrx_word' id='word_1_64' title='bbox 989 1093 1061 1137; x_wconf 83' lang='lat' dir='ltr'>ma-</span> 
     </span>
     <span class='ocr_line' id='line_1_9' title="bbox 18 1176 1061 1268; baseline -0.001 -22"><span class='ocrx_word' id='word_1_65' title='bbox 18 1177 115 1248; x_wconf 88' lang='lat' dir='ltr'>litiam</span> <span class='ocrx_word' id='word_1_66' title='bbox 127 1179 160 1245; x_wconf 89' lang='lat' dir='ltr'>in</span> <span class='ocrx_word' id='word_1_67' title='bbox 175 1178 379 1246; x_wconf 80' lang='lat' dir='ltr'>manifestum</span> <span class='ocrx_word' id='word_1_68' title='bbox 395 1179 435 1244; x_wconf 81' lang='lat' dir='ltr'>sit</span> <span class='ocrx_word' id='word_1_69' title='bbox 449 1176 629 1268; x_wconf 90' lang='lat' dir='ltr'>periculum</span> <span class='ocrx_word' id='word_1_70' title='bbox 649 1176 824 1256; x_wconf 86' lang='lat' dir='ltr'>adductus,</span> <span class='ocrx_word' id='word_1_71' title='bbox 840 1177 928 1266; x_wconf 86' lang='lat' dir='ltr'>quod</span> <span class='ocrx_word' id='word_1_72' title='bbox 942 1201 1061 1245; x_wconf 84' lang='lat' dir='ltr'>occur-</span> 
     </span>
     <span class='ocr_line' id='line_1_10' title="bbox 18 1283 1063 1376; baseline -0.001 -22"><span class='ocrx_word' id='word_1_73' title='bbox 18 1289 56 1354; x_wconf 87' lang='lat' dir='ltr'>rit</span> <span class='ocrx_word' id='word_1_74' title='bbox 70 1287 208 1354; x_wconf 84' lang='lat' dir='ltr'>fidenter</span> <span class='ocrx_word' id='word_1_75' title='bbox 222 1287 383 1354; x_wconf 78' lang='lat' dir='ltr'>admittit:</span> <span class='ocrx_word' id='word_1_76' title='bbox 403 1287 465 1354; x_wconf 88' lang='lat' dir='ltr'>hac</span> <span class='ocrx_word' id='word_1_77' title='bbox 483 1287 607 1354; x_wconf 85' lang='lat' dir='ltr'>ratione</span> <span class='ocrx_word' id='word_1_78' title='bbox 624 1287 779 1354; x_wconf 81' lang='lat' dir='ltr'>discretus</span> <span class='ocrx_word' id='word_1_79' title='bbox 795 1287 834 1354; x_wconf 86' lang='lat' dir='ltr'>ab</span> <span class='ocrx_word' id='word_1_80' title='bbox 855 1283 921 1354; x_wconf 83' lang='lat' dir='ltr'>aliia</span> <span class='ocrx_word' id='word_1_81' title='bbox 940 1287 993 1376; x_wconf 89' lang='lat' dir='ltr'>qui</span> <span class='ocrx_word' id='word_1_82' title='bbox 1010 1287 1063 1353; x_wconf 88' lang='lat' dir='ltr'>di-</span> 
     </span>
    </p>
   </div>
   <div class='ocr_carea' id='block_1_5' title="bbox 18 1393 1184 1485">
    <p class='ocr_par' dir='ltr' id='par_1_5' title="bbox 18 1393 1184 1485">
     <span class='ocr_line' id='line_1_11' title="bbox 18 1393 1184 1485; baseline -0.002 -21"><span class='ocrx_word' id='word_1_83' title='bbox 18 1408 134 1464; x_wconf 86' lang='lat' dir='ltr'>cuntur</span> <span class='ocrx_word' id='word_1_84' title='bbox 164 1408 335 1484; x_wconf 80' lang='lat' dir='ltr'>martyres,</span> <span class='ocrx_word' id='word_1_85' title='bbox 358 1393 444 1483; x_wconf 90' lang='lat' dir='ltr'>quod</span> <span class='ocrx_word' id='word_1_86' title='bbox 470 1394 521 1462; x_wconf 87' lang='lat' dir='ltr'>alii</span> <span class='ocrx_word' id='word_1_87' title='bbox 547 1393 678 1485; x_wconf 89' lang='lat' dir='ltr'>quidem</span> <span class='ocrx_word' id='word_1_88' title='bbox 705 1395 765 1462; x_wconf 78' lang='lat' dir='ltr'>sibi</span> <span class='ocrx_word' id='word_1_89' title='bbox 792 1395 867 1485; x_wconf 80' lang='lat' dir='ltr'>ipsis</span> <span class='ocrx_word' id='word_1_90' title='bbox 896 1397 1064 1484; x_wconf 84' lang='lat' dir='ltr'>praebeant</span> <span class='ocrx_word' id='word_1_91' title='bbox 1179 1397 1184 1410; x_wconf 91' lang='lat'>&#39;</span> 
     </span>
    </p>
   </div>
   <div class='ocr_carea' id='block_1_6' title="bbox 18 1488 1064 2135">
    <p class='ocr_par' dir='ltr' id='par_1_6' title="bbox 18 1488 1064 2135">
     <span class='ocr_line' id='line_1_12' title="bbox 18 1488 1064 1596; baseline 0.001 -25"><span class='ocrx_word' id='word_1_92' title='bbox 18 1504 234 1582; x_wconf 81' lang='lat' dir='ltr'>occasionem,</span> <span class='ocrx_word' id='word_1_93' title='bbox 248 1515 280 1570; x_wconf 88' lang='lat' dir='ltr'>et</span> <span class='ocrx_word' id='word_1_94' title='bbox 293 1527 326 1570; x_wconf 84' lang='lat' dir='ltr'>se</span> <span class='ocrx_word' id='word_1_95' title='bbox 338 1505 446 1570; x_wconf 88' lang='lat' dir='ltr'>nescio</span> <span class='ocrx_word' id='word_1_96' title='bbox 458 1488 620 1592; x_wconf 77' lang='lat' dir='ltr'>quoniodo</span> <span class='ocrx_word' id='word_1_97' title='bbox 632 1505 665 1570; x_wconf 89' lang='lat' dir='ltr'>in</span> <span class='ocrx_word' id='word_1_98' title='bbox 678 1503 746 1596; x_wconf 82' lang='lat' dir='ltr'>ipsa</span> <span class='ocrx_word' id='word_1_99' title='bbox 757 1502 899 1593; x_wconf 87' lang='lat' dir='ltr'>pericula</span> <span class='ocrx_word' id='word_1_100' title='bbox 915 1505 1064 1594; x_wconf 78' lang='lat' dir='ltr'>injiciant</span> 
     </span>
     <span class='ocr_line' id='line_1_13' title="bbox 18 1612 1059 1703; baseline 0.002 -25"><span class='ocrx_word' id='word_1_101' title='bbox 18 1613 60 1700; x_wconf 79' lang='lat' dir='ltr'>[ai</span> <span class='ocrx_word' id='word_1_102' title='bbox 66 1613 151 1700; x_wconf 88' lang='lat' dir='ltr'>loqui</span> <span class='ocrx_word' id='word_1_103' title='bbox 160 1613 205 1680; x_wconf 84' lang='lat' dir='ltr'>aie</span> <span class='ocrx_word' id='word_1_104' title='bbox 214 1612 259 1678; x_wconf 82' lang='lat' dir='ltr'>faa</span> <span class='ocrx_word' id='word_1_105' title='bbox 269 1615 334 1702; x_wconf 83' lang='lat' dir='ltr'>cat)</span> <span class='ocrx_word' id='word_1_106' title='bbox 348 1663 357 1689; x_wconf 88' lang='lat'>,</span> <span class='ocrx_word' id='word_1_107' title='bbox 369 1612 402 1678; x_wconf 91' lang='lat' dir='ltr'>hi</span> <span class='ocrx_word' id='word_1_108' title='bbox 415 1613 648 1703; x_wconf 83' lang='lat' dir='ltr'>veroprimoex</span> <span class='ocrx_word' id='word_1_109' title='bbox 658 1625 746 1680; x_wconf 90' lang='lat' dir='ltr'>recta</span> <span class='ocrx_word' id='word_1_110' title='bbox 754 1614 879 1679; x_wconf 85' lang='lat' dir='ltr'>ratione</span> <span class='ocrx_word' id='word_1_111' title='bbox 890 1613 1059 1680; x_wconf 84' lang='lat' dir='ltr'>declinan-</span> 
     </span>
     <span class='ocr_line' id='line_1_14' title="bbox 18 1721 1064 1811; baseline 0.001 -23"><span class='ocrx_word' id='word_1_112' title='bbox 18 1735 58 1788; x_wconf 84' lang='lat' dir='ltr'>tea</span> <span class='ocrx_word' id='word_1_113' title='bbox 71 1771 81 1798; x_wconf 96' lang='lat'>,</span> <span class='ocrx_word' id='word_1_114' title='bbox 95 1722 211 1788; x_wconf 88' lang='lat' dir='ltr'>deinde</span> <span class='ocrx_word' id='word_1_115' title='bbox 226 1745 302 1788; x_wconf 88' lang='lat' dir='ltr'>cum</span> <span class='ocrx_word' id='word_1_116' title='bbox 314 1723 400 1786; x_wconf 84' lang='lat' dir='ltr'>Deua</span> <span class='ocrx_word' id='word_1_117' title='bbox 415 1722 576 1788; x_wconf 78' lang='lat' dir='ltr'>vocaverit</span> <span class='ocrx_word' id='word_1_118' title='bbox 587 1733 737 1811; x_wconf 87' lang='lat' dir='ltr'>prompto</span> <span class='ocrx_word' id='word_1_119' title='bbox 752 1734 785 1787; x_wconf 85' lang='lat' dir='ltr'>et</span> <span class='ocrx_word' id='word_1_120' title='bbox 796 1721 892 1787; x_wconf 82' lang='lat' dir='ltr'>alacri</span> <span class='ocrx_word' id='word_1_121' title='bbox 905 1723 1010 1789; x_wconf 84' lang='lat' dir='ltr'>animo</span> <span class='ocrx_word' id='word_1_122' title='bbox 1027 1747 1064 1789; x_wconf 82' lang='lat' dir='ltr'>se</span> 
     </span>
     <span class='ocr_line' id='line_1_15' title="bbox 18 1828 1060 1917; baseline 0.004 -23"><span class='ocrx_word' id='word_1_123' title='bbox 18 1829 195 1903; x_wconf 80' lang='lat' dir='ltr'>tradentes,</span> <span class='ocrx_word' id='word_1_124' title='bbox 210 1840 242 1892; x_wconf 88' lang='lat' dir='ltr'>et</span> <span class='ocrx_word' id='word_1_125' title='bbox 249 1828 440 1894; x_wconf 86' lang='lat' dir='ltr'>confirmant</span> <span class='ocrx_word' id='word_1_126' title='bbox 447 1829 649 1896; x_wconf 81' lang='lat' dir='ltr'>vocationem</span> <span class='ocrx_word' id='word_1_127' title='bbox 656 1851 696 1894; x_wconf 82' lang='lat' dir='ltr'>ex</span> <span class='ocrx_word' id='word_1_128' title='bbox 704 1852 744 1896; x_wconf 90' lang='lat' dir='ltr'>eo</span> <span class='ocrx_word' id='word_1_129' title='bbox 755 1829 843 1917; x_wconf 89' lang='lat' dir='ltr'>quod</span> <span class='ocrx_word' id='word_1_130' title='bbox 851 1829 930 1896; x_wconf 89' lang='lat' dir='ltr'>nihil</span> <span class='ocrx_word' id='word_1_131' title='bbox 938 1841 1060 1898; x_wconf 87' lang='lat' dir='ltr'>temere</span> 
     </span>
     <span class='ocr_line' id='line_1_16' title="bbox 18 1935 1059 2028; baseline 0.002 -26"><span class='ocrx_word' id='word_1_132' title='bbox 18 1936 55 2002; x_wconf 84' lang='lat' dir='ltr'>tle</span> <span class='ocrx_word' id='word_1_133' title='bbox 71 1959 105 2002; x_wconf 86' lang='lat' dir='ltr'>se</span> <span class='ocrx_word' id='word_1_134' title='bbox 120 1935 363 2011; x_wconf 75' lang='lat' dir='ltr'>constituerint,</span> <span class='ocrx_word' id='word_1_135' title='bbox 379 1947 412 2001; x_wconf 90' lang='lat' dir='ltr'>et</span> <span class='ocrx_word' id='word_1_136' title='bbox 426 1936 530 2002; x_wconf 84' lang='lat' dir='ltr'>virum</span> <span class='ocrx_word' id='word_1_137' title='bbox 550 1935 693 2025; x_wconf 79' lang='lat' dir='ltr'>praebent</span> <span class='ocrx_word' id='word_1_138' title='bbox 708 1937 741 2002; x_wconf 91' lang='lat' dir='ltr'>in</span> <span class='ocrx_word' id='word_1_139' title='bbox 761 1960 836 2003; x_wconf 84' lang='lat' dir='ltr'>vera</span> <span class='ocrx_word' id='word_1_140' title='bbox 853 1959 891 2003; x_wconf 87' lang='lat' dir='ltr'>nc</span> <span class='ocrx_word' id='word_1_141' title='bbox 914 1939 1059 2028; x_wconf 81' lang='lat' dir='ltr'>rationali</span> 
     </span>
     <span class='ocr_line' id='line_1_17' title="bbox 18 2044 1064 2135; baseline 0.004 -23"><span class='ocrx_word' id='word_1_142' title='bbox 18 2044 200 2112; x_wconf 69' lang='lat' dir='ltr'>lentitudine</span> <span class='ocrx_word' id='word_1_143' title='bbox 213 2045 426 2135; x_wconf 86' lang='lat' dir='ltr'>probandum.</span> <span class='ocrx_word' id='word_1_144' title='bbox 446 2045 558 2132; x_wconf 89' lang='lat' dir='ltr'>Neque</span> <span class='ocrx_word' id='word_1_145' title='bbox 572 2067 648 2134; x_wconf 79' lang='lat' dir='ltr'>ergo</span> <span class='ocrx_word' id='word_1_146' title='bbox 664 2058 753 2112; x_wconf 88' lang='lat' dir='ltr'>metu</span> <span class='ocrx_word' id='word_1_147' title='bbox 763 2046 924 2135; x_wconf 87' lang='lat' dir='ltr'>majorum</span> <span class='ocrx_word' id='word_1_148' title='bbox 935 2049 1064 2116; x_wconf 82' lang='lat' dir='ltr'>minora</span> 
     </span>
    </p>
   </div>
   <div class='ocr_carea' id='block_1_7' title="bbox 18 2152 1182 2244">
    <p class='ocr_par' dir='ltr' id='par_1_7' title="bbox 18 2152 1182 2244">
     <span class='ocr_line' id='line_1_18' title="bbox 18 2152 1182 2244; baseline 0.003 -24"><span class='ocrx_word' id='word_1_149' title='bbox 18 2153 148 2222; x_wconf 77' lang='lat' dir='ltr'>olerent</span> <span class='ocrx_word' id='word_1_150' title='bbox 164 2165 199 2218; x_wconf 92' lang='lat' dir='ltr'>ut</span> <span class='ocrx_word' id='word_1_151' title='bbox 214 2152 327 2241; x_wconf 85' lang='lat' dir='ltr'>reliqui</span> <span class='ocrx_word' id='word_1_152' title='bbox 343 2176 354 2220; x_wconf 91' lang='grc'>.·</span> <span class='ocrx_word' id='word_1_153' title='bbox 378 2161 482 2241; x_wconf 76' lang='lat' dir='ltr'>neque</span> <span class='ocrx_word' id='word_1_154' title='bbox 504 2154 652 2220; x_wconf 82' lang='lat' dir='ltr'>timentes</span> <span class='ocrx_word' id='word_1_155' title='bbox 671 2178 712 2220; x_wconf 86' lang='lat' dir='ltr'>ne</span> <span class='ocrx_word' id='word_1_156' title='bbox 728 2155 949 2244; x_wconf 87' lang='lat' dir='ltr'>vituperentur</span> <span class='ocrx_word' id='word_1_157' title='bbox 966 2160 1004 2226; x_wconf 86' lang='lat' dir='ltr'>ab</span> <span class='ocrx_word' id='word_1_158' title='bbox 1022 2159 1059 2224; x_wconf 83' lang='lat' dir='ltr'>iis</span> <span class='ocrx_word' id='word_1_159' title='bbox 1175 2157 1182 2166; x_wconf 87' lang='lat'>&#39;</span> 
     </span>
    </p>
   </div>
   <div class='ocr_carea' id='block_1_8' title="bbox 18 2259 1059 2355">
    <p class='ocr_par' dir='ltr' id='par_1_8' title="bbox 18 2259 1059 2355">
     <span class='ocr_line' id='line_1_19' title="bbox 18 2259 1059 2355; baseline 0.006 -28"><span class='ocrx_word' id='word_1_160' title='bbox 18 2262 66 2352; x_wconf 65' lang='lat' dir='ltr'>pai</span> <span class='ocrx_word' id='word_1_161' title='bbox 81 2275 156 2328; x_wconf 84' lang='lat' dir='ltr'>sunt</span> <span class='ocrx_word' id='word_1_162' title='bbox 175 2260 319 2351; x_wconf 88' lang='lat' dir='ltr'>ejusdem</span> <span class='ocrx_word' id='word_1_163' title='bbox 335 2260 396 2328; x_wconf 91' lang='lat' dir='ltr'>loci</span> <span class='ocrx_word' id='word_1_164' title='bbox 417 2274 450 2328; x_wconf 92' lang='lat' dir='ltr'>et</span> <span class='ocrx_word' id='word_1_165' title='bbox 472 2259 654 2340; x_wconf 78' lang='lat' dir='ltr'>sententiae,</span> <span class='ocrx_word' id='word_1_166' title='bbox 674 2264 707 2329; x_wconf 89' lang='lat' dir='ltr'>in</span> <span class='ocrx_word' id='word_1_167' title='bbox 720 2264 922 2331; x_wconf 79' lang='lat' dir='ltr'>consessione</span> <span class='ocrx_word' id='word_1_168' title='bbox 940 2267 1059 2355; x_wconf 87' lang='lat' dir='ltr'>persis-</span> 
     </span>
    </p>
   </div>
   <div class='ocr_carea' id='block_1_9' title="bbox 18 2370 1166 2460">
    <p class='ocr_par' dir='ltr' id='par_1_9' title="bbox 18 2370 1166 2460">
     <span class='ocr_line' id='line_1_20' title="bbox 18 2370 1166 2460; baseline 0.004 -24"><span class='ocrx_word' id='word_1_169' title='bbox 18 2381 88 2436; x_wconf 82' lang='lat' dir='ltr'>tunt</span> <span class='ocrx_word' id='word_1_170' title='bbox 111 2371 305 2447; x_wconf 81' lang='lat' dir='ltr'>vocationis,</span> <span class='ocrx_word' id='word_1_171' title='bbox 321 2370 377 2436; x_wconf 86' lang='lat' dir='ltr'>sed</span> <span class='ocrx_word' id='word_1_172' title='bbox 396 2383 527 2460; x_wconf 89' lang='lat' dir='ltr'>propter</span> <span class='ocrx_word' id='word_1_173' title='bbox 542 2395 631 2437; x_wconf 85' lang='lat' dir='ltr'>suam</span> <span class='ocrx_word' id='word_1_174' title='bbox 647 2372 680 2438; x_wconf 94' lang='lat' dir='ltr'>in</span> <span class='ocrx_word' id='word_1_175' title='bbox 696 2372 800 2438; x_wconf 89' lang='lat' dir='ltr'>Deum</span> <span class='ocrx_word' id='word_1_176' title='bbox 816 2372 1003 2441; x_wconf 81' lang='lat' dir='ltr'>charitatem</span> <span class='ocrx_word' id='word_1_177' title='bbox 1019 2375 1060 2440; x_wconf 90' lang='lat' dir='ltr'>li·</span> <span class='ocrx_word' id='word_1_178' title='bbox 1164 2449 1166 2454; x_wconf 51' lang='grc'>,</span> 
     </span>
    </p>
   </div>
   <div class='ocr_carea' id='block_1_10' title="bbox 18 2479 1061 3550">
    <p class='ocr_par' dir='ltr' id='par_1_10' title="bbox 18 2479 1061 3550">
     <span class='ocr_line' id='line_1_21' title="bbox 18 2479 1054 2575; baseline 0.005 -29"><span class='ocrx_word' id='word_1_179' title='bbox 18 2481 124 2546; x_wconf 70' lang='lat' dir='ltr'>lentas</span> <span class='ocrx_word' id='word_1_180' title='bbox 138 2492 251 2569; x_wconf 85' lang='lat' dir='ltr'>parent</span> <span class='ocrx_word' id='word_1_181' title='bbox 261 2481 439 2558; x_wconf 84' lang='lat' dir='ltr'>vocationi,</span> <span class='ocrx_word' id='word_1_182' title='bbox 458 2479 583 2548; x_wconf 87' lang='lat' dir='ltr'>nullum</span> <span class='ocrx_word' id='word_1_183' title='bbox 599 2480 697 2547; x_wconf 88' lang='lat' dir='ltr'>alium</span> <span class='ocrx_word' id='word_1_184' title='bbox 712 2481 771 2547; x_wconf 89' lang='lat' dir='ltr'>sibi</span> <span class='ocrx_word' id='word_1_185' title='bbox 783 2505 919 2572; x_wconf 88' lang='lat' dir='ltr'>scopum</span> <span class='ocrx_word' id='word_1_186' title='bbox 935 2507 1054 2575; x_wconf 90' lang='lat' dir='ltr'>propo-</span> 
     </span>
     <span class='ocr_line' id='line_1_22' title="bbox 18 2586 1061 2685; baseline 0.006 -31"><span class='ocrx_word' id='word_1_187' title='bbox 18 2599 144 2665; x_wconf 81' lang='lat' dir='ltr'>nentes,</span> <span class='ocrx_word' id='word_1_188' title='bbox 162 2589 221 2654; x_wconf 78' lang='lat' dir='ltr'>niai</span> <span class='ocrx_word' id='word_1_189' title='bbox 244 2601 279 2654; x_wconf 86' lang='lat' dir='ltr'>ut</span> <span class='ocrx_word' id='word_1_190' title='bbox 297 2590 366 2656; x_wconf 88' lang='lat' dir='ltr'>Deo</span> <span class='ocrx_word' id='word_1_191' title='bbox 385 2586 551 2678; x_wconf 76' lang='lat' dir='ltr'>placeant,</span> <span class='ocrx_word' id='word_1_192' title='bbox 573 2611 638 2656; x_wconf 90' lang='lat' dir='ltr'>non</span> <span class='ocrx_word' id='word_1_193' title='bbox 654 2602 762 2656; x_wconf 87' lang='lat' dir='ltr'>autem</span> <span class='ocrx_word' id='word_1_194' title='bbox 775 2603 910 2682; x_wconf 84' lang='lat' dir='ltr'>propter</span> <span class='ocrx_word' id='word_1_195' title='bbox 924 2593 1061 2685; x_wconf 67' lang='lat' dir='ltr'>premia·</span> 
     </span>
     <span class='ocr_line' id='line_1_23' title="bbox 18 2695 1054 2790; baseline 0.003 -26"><span class='ocrx_word' id='word_1_196' title='bbox 18 2698 167 2764; x_wconf 87' lang='lat' dir='ltr'>aborum.</span> <span class='ocrx_word' id='word_1_197' title='bbox 196 2697 278 2768; x_wconf 83' lang='lat' dir='ltr'>Nam</span> <span class='ocrx_word' id='word_1_198' title='bbox 302 2695 354 2764; x_wconf 89' lang='lat' dir='ltr'>alii</span> <span class='ocrx_word' id='word_1_199' title='bbox 378 2699 509 2786; x_wconf 86' lang='lat' dir='ltr'>quidem</span> <span class='ocrx_word' id='word_1_200' title='bbox 536 2711 667 2788; x_wconf 85' lang='lat' dir='ltr'>prepter</span> <span class='ocrx_word' id='word_1_201' title='bbox 689 2695 797 2788; x_wconf 78' lang='lat' dir='ltr'>gloriae</span> <span class='ocrx_word' id='word_1_202' title='bbox 819 2701 1054 2790; x_wconf 82' lang='lat' dir='ltr'>cupiditatem:</span> 
     </span>
     <span class='ocr_line' id='line_1_24' title="bbox 18 2803 1059 2898; baseline 0.006 -28"><span class='ocrx_word' id='word_1_203' title='bbox 18 2803 61 2870; x_wconf 81' lang='lat' dir='ltr'>ilii</span> <span class='ocrx_word' id='word_1_204' title='bbox 82 2829 158 2872; x_wconf 87' lang='lat' dir='ltr'>vero</span> <span class='ocrx_word' id='word_1_205' title='bbox 178 2806 264 2894; x_wconf 78' lang='lat' dir='ltr'>quod</span> <span class='ocrx_word' id='word_1_206' title='bbox 286 2806 386 2873; x_wconf 82' lang='lat' dir='ltr'>vitent</span> <span class='ocrx_word' id='word_1_207' title='bbox 408 2803 497 2872; x_wconf 86' lang='lat' dir='ltr'>aliud</span> <span class='ocrx_word' id='word_1_208' title='bbox 517 2808 644 2895; x_wconf 80' lang='lat' dir='ltr'>gravius</span> <span class='ocrx_word' id='word_1_209' title='bbox 666 2807 887 2898; x_wconf 83' lang='lat' dir='ltr'>supplicium:</span> <span class='ocrx_word' id='word_1_210' title='bbox 908 2809 959 2876; x_wconf 83' lang='lat' dir='ltr'>alii</span> <span class='ocrx_word' id='word_1_211' title='bbox 981 2832 1059 2877; x_wconf 89' lang='lat' dir='ltr'>vero</span> 
     </span>
     <span class='ocr_line' id='line_1_25' title="bbox 18 2911 1058 3005; baseline 0.011 -29"><span class='ocrx_word' id='word_1_212' title='bbox 18 2924 142 3000; x_wconf 73' lang='lat' dir='ltr'>propter</span> <span class='ocrx_word' id='word_1_213' title='bbox 153 2913 304 3000; x_wconf 84' lang='lat' dir='ltr'>quasdam</span> <span class='ocrx_word' id='word_1_214' title='bbox 315 2911 437 2980; x_wconf 74' lang='lat' dir='ltr'>laetitias</span> <span class='ocrx_word' id='word_1_215' title='bbox 448 2927 481 2980; x_wconf 89' lang='lat' dir='ltr'>et</span> <span class='ocrx_word' id='word_1_216' title='bbox 493 2913 673 3004; x_wconf 79' lang='lat' dir='ltr'>voluptates</span> <span class='ocrx_word' id='word_1_217' title='bbox 682 2929 754 3005; x_wconf 83' lang='lat' dir='ltr'>post</span> <span class='ocrx_word' id='word_1_218' title='bbox 765 2929 907 2985; x_wconf 87' lang='lat' dir='ltr'>mortem</span> <span class='ocrx_word' id='word_1_219' title='bbox 920 2919 1058 2996; x_wconf 80' lang='lat' dir='ltr'>futuras,</span> 
     </span>
     <span class='ocr_line' id='line_1_26' title="bbox 18 3019 1059 3115; baseline 0.009 -29"><span class='ocrx_word' id='word_1_220' title='bbox 18 3020 203 3110; x_wconf 85' lang='lat' dir='ltr'>patiuntur:</span> <span class='ocrx_word' id='word_1_221' title='bbox 224 3021 277 3106; x_wconf 91' lang='lat' dir='ltr'>qui</span> <span class='ocrx_word' id='word_1_222' title='bbox 296 3019 385 3109; x_wconf 87' lang='lat' dir='ltr'>paeri</span> <span class='ocrx_word' id='word_1_223' title='bbox 402 3024 525 3089; x_wconf 83' lang='lat' dir='ltr'>sanein</span> <span class='ocrx_word' id='word_1_224' title='bbox 541 3023 604 3090; x_wconf 83' lang='lat' dir='ltr'>lide</span> <span class='ocrx_word' id='word_1_225' title='bbox 620 3037 710 3100; x_wconf 82' lang='lat' dir='ltr'>aunt;</span> <span class='ocrx_word' id='word_1_226' title='bbox 729 3027 816 3092; x_wconf 83' lang='lat' dir='ltr'>beati</span> <span class='ocrx_word' id='word_1_227' title='bbox 834 3027 984 3115; x_wconf 89' lang='lat' dir='ltr'>quidem,</span> <span class='ocrx_word' id='word_1_228' title='bbox 1002 3028 1059 3095; x_wconf 84' lang='lat' dir='ltr'>sed</span> 
     </span>
     <span class='ocr_line' id='line_1_27' title="bbox 18 3127 1058 3224; baseline 0.012 -32"><span class='ocrx_word' id='word_1_229' title='bbox 18 3127 69 3215; x_wconf 71' lang='lat' dir='ltr'>qui</span> <span class='ocrx_word' id='word_1_230' title='bbox 85 3127 230 3194; x_wconf 91' lang='lat' dir='ltr'>nondum</span> <span class='ocrx_word' id='word_1_231' title='bbox 250 3128 307 3194; x_wconf 82' lang='lat' dir='ltr'>riri</span> <span class='ocrx_word' id='word_1_232' title='bbox 330 3142 497 3196; x_wconf 84' lang='lat' dir='ltr'>eraserunt</span> <span class='ocrx_word' id='word_1_233' title='bbox 513 3133 547 3197; x_wconf 92' lang='lat' dir='ltr'>in</span> <span class='ocrx_word' id='word_1_234' title='bbox 564 3155 602 3199; x_wconf 88' lang='lat' dir='ltr'>ea</span> <span class='ocrx_word' id='word_1_235' title='bbox 618 3157 691 3222; x_wconf 67' lang='lat' dir='ltr'>quea</span> <span class='ocrx_word' id='word_1_236' title='bbox 704 3143 752 3200; x_wconf 86' lang='lat' dir='ltr'>est</span> <span class='ocrx_word' id='word_1_237' title='bbox 767 3158 842 3224; x_wconf 82' lang='lat' dir='ltr'>erga</span> <span class='ocrx_word' id='word_1_238' title='bbox 857 3137 963 3201; x_wconf 88' lang='lat' dir='ltr'>Deum</span> <span class='ocrx_word' id='word_1_239' title='bbox 979 3137 1058 3204; x_wconf 87' lang='lat' dir='ltr'>cha-</span> 
     </span>
     <span class='ocr_line' id='line_1_28' title="bbox 18 3236 1057 3330; baseline 0.012 -28"><span class='ocrx_word' id='word_1_240' title='bbox 18 3236 125 3312; x_wconf 87' lang='lat' dir='ltr'>ritate,</span> <span class='ocrx_word' id='word_1_241' title='bbox 143 3237 226 3302; x_wconf 88' lang='lat' dir='ltr'>sicut</span> <span class='ocrx_word' id='word_1_242' title='bbox 241 3237 422 3302; x_wconf 88' lang='lat' dir='ltr'>Gnosticus.</span> <span class='ocrx_word' id='word_1_243' title='bbox 440 3239 523 3304; x_wconf 87' lang='lat' dir='ltr'>Sunt</span> <span class='ocrx_word' id='word_1_244' title='bbox 536 3240 622 3306; x_wconf 88' lang='lat' dir='ltr'>enim</span> <span class='ocrx_word' id='word_1_245' title='bbox 635 3291 645 3318; x_wconf 95' lang='lat'>,</span> <span class='ocrx_word' id='word_1_246' title='bbox 658 3254 732 3308; x_wconf 84' lang='lat' dir='ltr'>sunt</span> <span class='ocrx_word' id='word_1_247' title='bbox 739 3244 1013 3330; x_wconf 86' lang='lat' dir='ltr'>quemadmodum</span> <span class='ocrx_word' id='word_1_248' title='bbox 1024 3248 1057 3314; x_wconf 91' lang='lat' dir='ltr'>in</span> 
     </span>
     <span class='ocr_line' id='line_1_29' title="bbox 18 3343 1058 3434; baseline 0.013 -25"><span class='ocrx_word' id='word_1_249' title='bbox 18 3343 168 3434; x_wconf 71' lang='lat' dir='ltr'>gymnicis</span> <span class='ocrx_word' id='word_1_250' title='bbox 183 3345 429 3423; x_wconf 77' lang='lat' dir='ltr'>certaminibus,</span> <span class='ocrx_word' id='word_1_251' title='bbox 455 3347 498 3412; x_wconf 87' lang='lat' dir='ltr'>ita</span> <span class='ocrx_word' id='word_1_252' title='bbox 516 3348 612 3416; x_wconf 82' lang='lat' dir='ltr'>etiam</span> <span class='ocrx_word' id='word_1_253' title='bbox 627 3349 662 3416; x_wconf 95' lang='lat' dir='ltr'>in</span> <span class='ocrx_word' id='word_1_254' title='bbox 686 3351 848 3427; x_wconf 83' lang='lat' dir='ltr'>Ecclesia,</span> <span class='ocrx_word' id='word_1_255' title='bbox 866 3375 993 3420; x_wconf 87' lang='lat' dir='ltr'>coronae</span> <span class='ocrx_word' id='word_1_256' title='bbox 1008 3355 1058 3422; x_wconf 83' lang='lat' dir='ltr'>vi-</span> 
     </span>
     <span class='ocr_line' id='line_1_30' title="bbox 18 3455 1057 3550; baseline 0.012 -32"><span class='ocrx_word' id='word_1_257' title='bbox 18 3475 122 3520; x_wconf 88' lang='lat' dir='ltr'>rorum</span> <span class='ocrx_word' id='word_1_258' title='bbox 137 3466 170 3519; x_wconf 93' lang='lat' dir='ltr'>et</span> <span class='ocrx_word' id='word_1_259' title='bbox 184 3477 369 3544; x_wconf 87' lang='lat' dir='ltr'>puerorum.</span> <span class='ocrx_word' id='word_1_260' title='bbox 389 3455 533 3522; x_wconf 85' lang='lat' dir='ltr'>Charitas</span> <span class='ocrx_word' id='word_1_261' title='bbox 546 3468 651 3526; x_wconf 83' lang='lat' dir='ltr'>autem</span> <span class='ocrx_word' id='word_1_262' title='bbox 664 3459 730 3548; x_wconf 88' lang='lat' dir='ltr'>ipsa</span> <span class='ocrx_word' id='word_1_263' title='bbox 745 3473 877 3550; x_wconf 89' lang='lat' dir='ltr'>propter</span> <span class='ocrx_word' id='word_1_264' title='bbox 892 3485 925 3528; x_wconf 86' lang='lat' dir='ltr'>se</span> <span class='ocrx_word' id='word_1_265' title='bbox 941 3476 988 3529; x_wconf 88' lang='lat' dir='ltr'>est</span> <span class='ocrx_word' id='word_1_266' title='bbox 999 3489 1057 3530; x_wconf 87' lang='lat' dir='ltr'>ex-</span> 
     </span>
    </p>
   </div>
   <div class='ocr_carea' id='block_1_11' title="bbox 18 3562 1057 3760">
    <p class='ocr_par' dir='ltr' id='par_1_11' title="bbox 18 3562 1057 3760">
     <span class='ocr_line' id='line_1_31' title="bbox 18 3562 1054 3660; baseline 0.014 -33"><span class='ocrx_word' id='word_1_267' title='bbox 18 3562 165 3652; x_wconf 87' lang='lat' dir='ltr'>petenda,</span> <span class='ocrx_word' id='word_1_268' title='bbox 181 3585 247 3630; x_wconf 87' lang='lat' dir='ltr'>non</span> <span class='ocrx_word' id='word_1_269' title='bbox 265 3575 397 3654; x_wconf 83' lang='lat' dir='ltr'>propter</span> <span class='ocrx_word' id='word_1_270' title='bbox 417 3563 536 3654; x_wconf 87' lang='lat' dir='ltr'>aliquid</span> <span class='ocrx_word' id='word_1_271' title='bbox 559 3564 667 3633; x_wconf 86' lang='lat' dir='ltr'>allud:</span> <span class='ocrx_word' id='word_1_272' title='bbox 688 3569 841 3636; x_wconf 88' lang='lat' dir='ltr'>Gnosticc</span> <span class='ocrx_word' id='word_1_273' title='bbox 863 3571 971 3660; x_wconf 83' lang='lat' dir='ltr'>igitur,</span> <span class='ocrx_word' id='word_1_274' title='bbox 990 3599 1054 3642; x_wconf 86' lang='lat' dir='ltr'>una</span> 
     </span>
     <span class='ocr_line' id='line_1_32' title="bbox 18 3669 1057 3760; baseline 0.012 -26"><span class='ocrx_word' id='word_1_275' title='bbox 18 3689 86 3734; x_wconf 83' lang='lat' dir='ltr'>rum</span> <span class='ocrx_word' id='word_1_276' title='bbox 98 3669 279 3758; x_wconf 81' lang='lat' dir='ltr'>cognitione</span> <span class='ocrx_word' id='word_1_277' title='bbox 290 3682 423 3760; x_wconf 83' lang='lat' dir='ltr'>augetur</span> <span class='ocrx_word' id='word_1_278' title='bbox 432 3671 586 3760; x_wconf 79' lang='lat' dir='ltr'>perfectio</span> <span class='ocrx_word' id='word_1_279' title='bbox 600 3671 811 3752; x_wconf 78' lang='lat' dir='ltr'>fortitudinis,</span> <span class='ocrx_word' id='word_1_280' title='bbox 828 3697 867 3741; x_wconf 84' lang='lat' dir='ltr'>ex</span> <span class='ocrx_word' id='word_1_281' title='bbox 875 3677 948 3744; x_wconf 56' lang='lat' dir='ltr'>‘vitre</span> <span class='ocrx_word' id='word_1_282' title='bbox 960 3703 1057 3746; x_wconf 45' lang='lat' dir='ltr'>exere</span> 
     </span>
    </p>
   </div>
   <div class='ocr_carea' id='block_1_12' title="bbox 18 3777 1056 3976">
    <p class='ocr_par' dir='ltr' id='par_1_12' title="bbox 18 3777 1056 3976">
     <span class='ocr_line' id='line_1_33' title="bbox 18 3777 1053 3868; baseline 0.011 -25"><span class='ocrx_word' id='word_1_283' title='bbox 18 3777 188 3854; x_wconf 85' lang='lat' dir='ltr'>citatione,</span> <span class='ocrx_word' id='word_1_284' title='bbox 215 3777 292 3844; x_wconf 89' lang='lat' dir='ltr'>dum</span> <span class='ocrx_word' id='word_1_285' title='bbox 320 3802 446 3868; x_wconf 80' lang='lat' dir='ltr'>semper</span> <span class='ocrx_word' id='word_1_286' title='bbox 473 3780 648 3848; x_wconf 87' lang='lat' dir='ltr'>meditatur</span> <span class='ocrx_word' id='word_1_287' title='bbox 676 3779 847 3850; x_wconf 81' lang='lat' dir='ltr'>affectuum</span> <span class='ocrx_word' id='word_1_288' title='bbox 873 3787 1053 3856; x_wconf 80' lang='lat' dir='ltr'>victoriam.</span> 
     </span>
     <span class='ocr_line' id='line_1_34' title="bbox 18 3885 1056 3976; baseline 0.019 -26"><span class='ocrx_word' id='word_1_289' title='bbox 18 3885 99 3954; x_wconf 82' lang='lat' dir='ltr'>lietu</span> <span class='ocrx_word' id='word_1_290' title='bbox 109 3909 184 3976; x_wconf 78' lang='lat' dir='ltr'>ergo</span> <span class='ocrx_word' id='word_1_291' title='bbox 195 3901 228 3953; x_wconf 93' lang='lat' dir='ltr'>et</span> <span class='ocrx_word' id='word_1_292' title='bbox 239 3888 408 3958; x_wconf 79' lang='lat' dir='ltr'>formidine</span> <span class='ocrx_word' id='word_1_293' title='bbox 417 3912 571 3969; x_wconf 84' lang='lat' dir='ltr'>vacuum,</span> <span class='ocrx_word' id='word_1_294' title='bbox 585 3891 661 3960; x_wconf 86' lang='lat' dir='ltr'>etin</span> <span class='ocrx_word' id='word_1_295' title='bbox 674 3891 810 3962; x_wconf 85' lang='lat' dir='ltr'>Domino</span> <span class='ocrx_word' id='word_1_296' title='bbox 821 3895 1056 3970; x_wconf 78' lang='lat' dir='ltr'>considentem.</span> 
     </span>
    </p>
   </div>
   <div class='ocr_carea' id='block_1_13' title="bbox 0 0 1272 4608">
    <p class='ocr_par' dir='ltr' id='par_1_13' title="bbox 0 0 1272 4608">
     <span class='ocr_line' id='line_1_35' title="bbox 0 0 1272 4608; baseline 0 0"><span class='ocrx_word' id='word_1_297' title='bbox 0 0 1272 4608; x_wconf 95' lang='lat' dir='ltr'> </span> 
     </span>
    </p>
   </div>
  </div>
 </body>
</html>
