2452 4602
284 227 478 298 ructuosos,
502 245 564 289 nro.
591 245 640 289 rua
675 213 678 222 ’
910 231 973 319 4¹7

15 361 87 428 letata
102 353 229 423 cunum
247 354 376 421 minime
393 333 578 431 essloresoit,
597 367 683 433 totus
702 367 809 424 autem
825 382 842 426 a
858 363 976 429 vertice

15 468 85 558 spitis
102 489 188 554 usqne
206 463 244 530 ad
265 477 420 532 extremos
442 467 540 556 pedes
560 479 610 534 est
631 467 798 545 candidus,
817 472 976 540 mundum

15 599 51 644 sse
74 575 147 650 mlt;
174 589 206 642 ut
227 597 244 638 a
265 596 395 663 corpore
426 576 626 652 transientes,
649 576 732 642 varie
760 600 799 646 ae
820 579 977 668 versipelli

15 689 88 754 nentis
101 687 252 754 allectione
267 687 418 776 deposita,
429 704 511 754 eum'
520 687 575 777 qni
590 709 655 754 non
668 700 716 756 est
729 689 834 754 rarius
849 713 910 756 nec
923 671 978 756 an⁴

15 821 71 888 sps,
83 797 236 888 simplicem
255 798 393 864 veritatis
415 795 557 865 colorem
581 795 759 888 diligamus.
782 799 846 880 Qui
870 814 978 870 autem

15 908 203 997 ubooquoqne
222 907 313 974 llosis
329 919 376 975 est
392 907 544 983 imitator,
560 906 654 998 longo
670 909 809 998 optimus
824 905 925 986 Plato.
943 911 979 979 il-

15 1035 50 1081 ιω
65 1031 205 1082 ueterum
222 1017 370 1093 admittit,
396 1017 474 1083 «cui
494 1039 559 1083 non
577 1015 713 1107 amplius
733 1019 837 1108 operis
855 1033 904 1086 est
921 1021 979 1089 ad-

15 1123 131 1191 ·bibitnm
143 1149 230 1213 qnam
245 1125 362 1214 pudica
374 1124 489 1191 mulier
508 1123 655 1215 postulet.
675 1125 748 1194 Albi
763 1151 838 1194 vero
856 1127 979 1196 colores

15 1231 144 1302 ,tonanti
155 1237 373 1302 conveniunt.»
389 1233 472 1302 Alibi
486 1258 614 1326 quoqne
625 1236 726 1304 dicit:
743 1239 804 1304 «Et
814 1239 981 1306 intextura
1104 1289 1105 1292 ,

15 1366 71 1410 raon
80 1345 207 1412 adhibeas
216 1347 369 1414 tincturas
378 1359 591 1436 praeterquam
608 1346 649 1414 ad
662 1359 849 1414 ornamenta
864 1347 972 1415 belli.»

15 1451 110 1522 luditis
118 1481 183 1548 ergo
192 1457 373 1526 bominibus
388 1469 421 1524 et
434 1456 550 1524 lucidis
560 1456 669 1526 album
685 1459 843 1525 convenit.
861 1458 980 1539 Quem·
1077 1462 1081 1478 '

15 1562 134 1630 tlnodnm
143 1590 211 1656 ergo
222 1568 322 1658 signa,
334 1591 406 1657 quae
419 1566 549 1656 quidem
560 1567 601 1632 ad
611 1590 722 1634 causas
736 1569 880 1658 proxime
891 1592 980 1637 acoe-

15 1671 72 1750 lunt,
86 1676 106 1740 si
117 1677 232 1754 adsunt,
247 1679 330 1768 ipsas
346 1688 516 1767 presentes
531 1676 728 1766 significante
744 1677 792 1746 rel
811 1681 915 1770 potius
933 1681 982 1748 ef-

15 1777 233 1852 betieristentiam
247 1797 443 1861 monstrant3
456 1784 728 1875 quemadmodum
741 1786 847 1852 fumus
861 1787 980 1877 ignem,

15 1891 179 1962 bnuautem
196 1893 282 1961 color
304 1896 472 1984 bonusque
492 1890 601 1982 p'ulsus
619 1895 809 1962 sanitatem:
827 1896 870 1961 ita
885 1897 982 1966 etiam

15 1995 74 2083 spud
84 2020 127 2064 nos
142 2000 315 2090 hujusmodi
335 2001 470 2068 amictus
490 1983 609 2067 indicat
626 1998 727 2091 qualis
743 2002 784 2068 sit
799 2014 981 2072 nostrorum

15 2123 102 2170 nomn
114 2111 287 2176 uastitatio.
306 2107 389 2176 Pura
405 2122 513 2177 autem
528 2120 577 2176 est
594 2120 627 2176 et
646 2108 779 2202 simplex
798 2122 982 2202 temperan-

15 2211 179 2303 inquantum
199 2219 355 2288 munditia
374 2231 423 2286 est
442 2219 572 2288 babitus
597 2240 712 2309 puram
732 2220 804 2286 vitae
824 2223 981 2290 rationem

15 2343 151 2412 preparans
164 2341 193 2394 et
205 2329 338 2396 minime
350 2329 481 2396 mixtam
495 2327 652 2417 turpibus.
671 2325 862 2417 Simplicitas
874 2342 983 2396 autem
1021 2387 1023 2390 .

15 2441 44 2496 ut
61 2432 159 2502 lubitus
176 2438 226 2526 qui
248 2436 333 2505 tollit
357 2437 528 2527 superflua.
552 2436 660 2504 Solida
685 2449 792 2504 autem
814 2439 921 2515 vestis,
949 2452 983 2504 et

15 2541 196 2634 precipueque
214 2546 369 2614 fullonem
384 2557 513 2636 experta
527 2568 593 2646 non
611 2555 672 2624 est,
687 2547 824 2636 protegit
844 2545 983 2614 calidum

15 2648 112 2734 {uolut
123 2653 152 2720 in
165 2678 294 2746 corpore
308 2679 316 2721 ε
331 2679 396 2722 non
408 2653 496 2743 quod
510 2655 543 2721 in
557 2677 591 2720 se
605 2655 699 2722 vestis
714 2655 830 2722 habeat
845 2656 991 2744 'caliditaq

15 2769 61 2834 tm.
71 2763 113 2828 ted
124 2767 201 2854 (prod
215 2791 289 2860 eam
306 2790 376 2857 quae
390 2777 439 2832 est
452 2766 486 2832 in
501 2787 636 2856 corpore
653 2780 821 2834 exeuntem
840 2781 981 2845 revocet,

15 2868 63 2930 tei
79 2892 131 2939 non
150 2877 283 2964 praebeat
296 2875 446 2941 exitum:
465 2875 598 2964 quodsi
620 2875 716 2943 ctiam
737 2875 840 2966 aliqua
859 2878 982 2945 ineam

15 2970 63 3042 bne
75 2978 208 3061 inciderit,
222 2985 335 3075 ipsam
354 2985 387 3049 in
401 3007 434 3050 se
448 2983 712 3078 comprehensam
726 2985 881 3062 continet,
894 2999 927 3052 et
941 2989 982 3052 ab

15 3085 220 3172 pueroalasaota
230 3120 349 3186 corpus
360 3091 665 3162 vicissimcalelaoit:
678 3108 872 3186 quapropter
878 3096 983 3164 bieme

15 3201 312 3274 summouendum
327 3215 384 3270 est.
400 3204 445 3270 Ee
461 3213 568 3268 autem
581 3213 630 3268 est
641 3202 749 3270 facilis.
769 3202 916 3270 Facilitas
930 3229 986 3270 au·
1109 3269 1110 3272 ,

15 3310 219 3379 anathotites
234 3316 275 3380 ab
296 3314 332 3379 iis
362 3335 434 3404 quae
454 3323 527 3378 sunt
543 3311 701 3403 mperllua
716 3311 849 3390 alienus,
868 3315 922 3401 qui
943 3317 984 3382 nd

15 3431 51 3478 uc
61 3427 88 3481 ut
98 3419 162 3486 nihil
177 3423 269 3500 desit,
283 3423 415 3511 suscipit
430 3445 467 3488 ea
488 3447 558 3512 quas
575 3421 736 3490 sufficiunt
756 3423 797 3490 ad
813 3447 983 3494 numerum

15 3541 87 3592 tran
99 3551 156 3618 pue
171 3534 330 3622 portinent
355 3532 397 3599 ad
417 3533 597 3610 sanitatem,
616 3544 649 3599 et
667 3533 706 3599 ad
727 3535 854 3604 beatam
871 3535 980 3604 vitame

15 3625 76 3701 luno
85 3654 175 3712 antem
187 3657 295 3712 utatur
311 3643 407 3709 etiam
419 3642 549 3710 ioemina
563 3653 651 3710 veste
664 3641 777 3732 frugali
788 3655 821 3710 et
831 3643 979 3722 bonesta;

15 3744 77 3832 nsp's
87 3765 176 3821 auum
189 3754 278 3823 molli
293 3777 389 3844 quam
402 3755 470 3822 viro
486 3753 665 3829 conveniat,
683 3752 739 3819 sed
756 3776 820 3820 non
835 3777 906 3844 quae
920 3781 982 3845 pud

15 3845 85 3921 bren
101 3865 215 3934 ommno
230 3862 397 3954 abjecerit,
413 3857 473 3931 nec
489 3861 581 3952 plane
596 3859 727 3932 mollitie
745 3861 876 3932 dillluat.
895 3866 983 3935 Con-

86 3989 123 4035 nr.
830 3991 871 4061 a7
