2738 4628
466 293 590 338 ensrss
614 293 764 339 1111111111.
855 261 873 316 ⁴
1087 279 1128 355 45

86 439 173 484 omne
186 414 281 504 quod
298 413 425 480 dieitur
437 411 540 487 Deus,
558 412 606 478 vel
626 414 712 500 quod
728 412 857 490 colitur,
873 411 937 480 hoe
954 426 1017 490 est,
1035 437 1130 504 super

85 548 172 592 omne
185 523 316 590 idolum
338 521 395 609 (hi
407 521 496 588 enim
508 532 584 588 sunt
595 523 650 610 qui
661 523 813 590 dicuntur
826 523 958 611 quidem
972 525 1013 590 ub
1029 523 1131 592 homi·

85 637 185 712 nibus,
197 659 264 702 non
279 646 363 700 sunt
378 645 491 698 nutem
510 632 600 721 Dii),
615 643 649 699 et
665 635 817 723 quoniam
832 635 899 723 ipse
913 658 949 701 se
963 636 1132 724 tyrannico

88 771 172 814 more
182 747 359 814 sonabitur
375 743 550 810 ostendere
560 744 674 810 Deum.
740 809 742 814 ,
795 793 798 802 ,

134 857 227 946 Super
251 857 329 923 baee
357 867 473 920 nutem
497 853 711 922 manifestavit
737 865 770 920 et
791 851 869 919 illud
890 855 976 942 quod
998 879 1016 921 u
1039 857 1132 923 nobis

95 990 147 1056 per
155 964 244 1032 mults
257 979 438 1032 ostensum
450 977 511 1041 est,
519 963 670 1053 qnoniam
682 964 714 1029 in
726 963 951 1052 Hierosolymis
961 964 1130 1055 Templum

94 1079 285 1166 dispositione
297 1077 372 1142 veri
384 1076 447 1142 Dei
459 1075 579 1142 fretum
593 1087 650 1142 est.
666 1075 736 1164 lpse
747 1075 833 1140 enim
845 1073 1014 1163 Apostolus
1025 1099 1065 1142 ex
1075 1099 1130 1142 sus

94 1212 212 1279 pennus
223 1187 405 1256 diffinitive
416 1185 588 1276 Templum
600 1185 676 1252 illud
688 1185 767 1252 dixit
780 1186 847 1252 Dei.
859 1185 1064 1252 Ostendimus
1079 1211 1132 1253 nu·

93 1312 150 1364 tem
165 1299 195 1363 in
217 1299 319 1363 tertio
339 1293 465 1374 libr0²,
482 1294 606 1362 nullum
625 1297 665 1362 ub
686 1294 846 1384 Apostolis
860 1319 900 1362 ex
920 1319 975 1361 suu
998 1319 1131 1385 persons

88 1407 181 1474 11111111
198 1404 379 1497 appellari,
397 1405 460 1471 nisi
476 1427 553 1470 eum
575 1404 629 1493 qui
649 1425 722 1470 vere
743 1404 784 1470 sit
803 1404 902 1482 Deus,
919 1405 1045 1472 Putrem
1065 1406 1133 1472 Do·

86 1520 158 1586 mini
176 1519 308 1615 nostri:
333 1517 434 1604 eujus
453 1517 543 1604 jussu
565 1515 641 1592 bue,
662 1515 748 1604 quod
766 1527 815 1580 est
837 1516 869 1582 iu
891 1516 1132 1606 Hierosolymis,
1208 1585 1214 1603 ‚
1293 1515 1298 1528 ’

88 1631 203 1697 sudum
213 1642 265 1696 est
274 1626 520 1717 Templum,ob
534 1651 586 1694 ess
598 1650 707 1694 causus
718 1651 788 1716 quse
804 1627 926 1694 anobis
937 1629 1030 1697 dietae
1041 1642 1133 1702 suntz

89 1741 120 1806 in
134 1763 197 1828 quo
219 1737 428 1805 sdversarius
450 1737 585 1814 sedebit,
601 1751 726 1804 tentans
741 1738 947 1826 semetipsum
971 1740 1135 1807 Christum

91 1851 271 1926 ostendere,
293 1849 379 1915 sieut
405 1859 440 1914 et
461 1847 617 1915 Dominus
635 1849 699 1914 ait:
718 1876 731 1908 1
753 1847 837 1914 (lum
859 1861 967 1914 autem
993 1843 1147 1918 videritis

96 1959 399 2026 »abominationem
413 1956 629 2034 desolationis,
644 1959 731 2057 qupd
746 1959 867 2026 dietum
882 1971 930 2026 est
944 1983 1002 2049 per
1017 1960 1137 2028 Danie-

103 2066 197 2134 »lem
211 2067 411 2155 prophetem,
425 2078 564 2133 stentem
578 2068 611 2133 in
626 2066 697 2135 loeo
713 2080 823 2136 saneto
841 2068 912 2158 (qui
932 2069 1020 2160 legit,
1040 2070 1138 2138 intel-

107 2205 121 2238 »
136 2176 252 2266 ligat):
266 2177 403 2264 tunequi
415 2175 449 2241 in
459 2175 573 2244 Judaea
588 2188 674 2253 sunt,
688 2175 809 2266 fugiunt
824 2177 856 2244 in
871 2191 1014 2254 montrss
1033 2182 1137 2270 etqui

101 2285 165 2350 sin
182 2297 270 2350 tecto
288 2297 353 2355 est.
369 2308 432 2350 non
452 2282 628 2351 descendat
648 2282 759 2350 tollere
782 2287 956 2375 quidquam
971 2287 1011 2353 de
1026 2289 1134 2356 domo.

98 2394 196 2460 »Erit
211 2392 299 2458 enim
319 2405 397 2459 tuno
416 2415 566 2482 pressura
589 2414 716 2482 magns,
736 2391 836 2481 qualis
851 2417 916 2462 non
932 2408 981 2484 est
1000 2397 1081 2464 seete
1097 2399 1140 2464 ub

98 2504 215 2569 »initio
229 2500 339 2570 saeeuli
356 2526 456 2592 usque
473 2525 574 2578 nuno,
585 2504 641 2568 sed
656 2525 761 2591 neque
776 2502 832 2570 liet
841 2501 863 2567 ².
881 2533 894 2566 s

153 2611 270 2679 Daniel
292 2625 419 2688 autem,
446 2612 607 2679 novissimi
630 2613 717 2702 regni
754 2611 852 2678 finem
881 2613 1076 2703 respiciens,
1104 2617 1139 2684 id

95 2735 156 2798 est,
175 2722 367 2789 novissimos
386 2723 499 2788 deeem
515 2745 602 2810 reges
624 2722 657 2804 in
678 2745 758 2812 quos
773 2721 924 2788 dividitur
943 2749 1078 2815 regnum
1096 2726 1137 2794 il·

96 2831 201 2932 lorupn
219 2855 321 2922 super
339 2855 419 2920 quos
433 2831 518 2896 lilius
529 2831 714 2920 perditionis
724 2832 842 2908 veniet,
855 2856 975 2902 eoruun
991 2836 1069 2903 dicit
1080 2837 1141 2903 de·

97 2966 169 3010 uem
182 2944 274 3010 nasei
289 2943 418 3015 bestire3
435 2954 467 3008 et
483 2940 618 3008 alterum
634 2965 734 3008 cornu
752 2942 903 3031 pusillum
918 2946 1004 3012 nasei
1020 2947 1053 3014 in
1069 2969 1139 3012 me-

77 3053 153 3148 ·dio
168 3055 328 3144 ipsorum,
341 3064 375 3118 et
392 3053 452 3118 triu
475 3075 593 3120 cornua
614 3052 654 3118 de
675 3053 830 3141 prioribus
853 3055 1008 3122 eradiesri
1023 3079 1042 3122 11
1059 3057 1141 3123 faeie

96 3165 178 3252 ejus.
190 3192 205 3225 ι
218 3165 261 3230 Et
276 3162 500 3249 ecoejrquit,
515 3161 599 3228 oculi
617 3163 706 3250 quusi
728 3163 811 3230 oeuli
830 3165 969 3231 bominis
988 3167 1020 3232 in
1038 3187 1139 3234 cornu
1228 3231 1234 3239 .

95 3303 109 3336 ι
125 3275 203 3350 boo,
214 3285 248 3359 et
260 3295 297 3338 os
313 3271 448 3359 loquens
464 3261 630 3362 mugnu,et
645 3286 789 3360 aspectus
801 3275 871 3362 ejus
883 3276 987 3361 major
997 3273 1134 3366 reliquis.

96 3381 300 3455 sl'idebnm,
320 3391 353 3446 st
373 3401 475 3445 eornu
497 3376 576 3444 illud
597 3379 731 3444 beiebst
750 3378 872 3446 bellum
889 3381 1036 3449 adversus
1050 3407 1141 3452 sono-

97 3502 191 3566 11111,
209 3502 244 3556 et
260 3488 387 3555 solebat
410 3488 559 3554 adsersus
574 3510 649 3552 eos:
664 3489 871 3576 quoadusque
890 3491 975 3556 venit
998 3505 1139 3559 vetustus

98 3601 267 3676 editorum,
282 3611 317 3667 et
330 3598 490 3690 judicium
506 3597 593 3663 dedit
603 3598 721 3664 sanetis
733 3596 875 3664 altissimi
886 3599 957 3677 Dei,
970 3613 1003 3666 et
1014 3615 1140 3692 tempus

98 3710 285 3800 ipervenit,
297 3721 330 3775 et
343 3731 478 3798 regnum
494 3703 703 3775 obtinuerunt
719 3707 849 3775 suneti⁸.
868 3708 1000 3775 »Postea
1010 3710 1049 3778 'in
1068 3735 1141 3778 exo-

101 3817 220 3884 lutione
238 3818 399 3885 visionum
414 3815 538 3916 dietum
552 3827 600 3881 est
624 3816 652 3881 ei
669 3839 707 3882 :s
729 3815 832 3882 Bestia
852 3831 982 3906 quarta,
1005 3844 1142 3911 regnum

137 3953 216 4021 'Gap
225 3973 249 4008 11
258 3953 429 4021 etseqq.-²
438 3955 532 4004 Marte.
541 3970 609 4013 1111,
622 3957 650 4004 15
659 3964 686 4004 et
695 3973 768 4021 seqq.
777 3955 822 3994 -2
831 3958 896 4006 Dan.
906 3956 984 4016 nus,
996 3972 1024 4005 so
1031 3967 1057 4007 et
1065 3975 1141 4024 seqq.
