2478 4594
365 229 555 278 srcouiruu
578 231 640 276 ιιι.
666 232 707 276 u.
996 213 1055 298 ¹47

19 513 1059 567 mmmsssmmmmmmwmmwmmm

321 806 500 896 unnn.
520 806 753 942 sexsus

65 1429 232 1524 Agiturin
245 1422 434 1513 hoclibro,
448 1428 586 1496 sicutet
598 1429 636 1494 in
649 1431 829 1522 sequenti,
837 1425 883 1498 de
890 1431 1055 1501 Gnostici
1118 1445 1127 1462 ·
1147 1422 1177 1512 3

18 1541 256 1631 institutione,
275 1544 332 1613 cui
349 1538 547 1640 praeludere
566 1553 710 1613 tantum
729 1540 873 1614 videtur
889 1542 1054 1642 Paedago·

18 1677 88 1750 gus.
114 1658 244 1726 Omnia
272 1668 393 1726 autem
419 1678 503 1725 cum
531 1652 659 1724 ordine
685 1653 843 1752 digesta,
861 1655 925 1728 sed
949 1663 1054 1754 quasi

18 1767 161 1843 forsitan
174 1774 383 1843 occurentia
395 1767 688 1840 rescribuntur¹:

49 1995 86 2062 ln
99 2009 192 2086 prato
207 1995 338 2085 quidem
354 1996 407 2084 qui
423 1994 507 2060 varie
524 1991 643 2059 florent
657 1992 771 2071 ssores,
787 2007 821 2061 et
838 1995 872 2061 in
885 1994 980 2062 horto
997 2019 1052 2062 ar·

18 2125 124 2170 >orum
135 2104 309 2193 plantatio,
326 2126 392 2170 non
404 2113 478 2168 sunt
488 2101 578 2188 juxte
589 2100 787 2191 singulorum
802 2105 922 2192 species
935 2129 952 2170 a
963 2087 1052 2193 plen-

18 2210 199 2279 isalterius
227 2211 368 2299 cujusvis
398 2210 521 2298 generis
546 2221 687 2297 separate
715 2211 868 2277 :etiamsi
893 2213 1048 2302 quidam,

19 2318 141 2384 ruditis
152 2319 238 2384 varie
256 2317 414 2405 decerptis
428 2308 649 2392 collectaneis,
665 2316 758 2384 Pratn
770 2329 803 2381 et
814 2316 1000 2396 Heliconas,
1016 2334 1049 2387 et

19 2425 109 2492 'avos
125 2437 158 2490 et
174 2424 302 2514 Peplos,
320 2423 583 2512 conscripserint:
601 2423 658 2489 sed
676 2425 713 2490 iis
729 2448 799 2512 quae
816 2439 911 2513 prout
924 2429 1048 2494 occasio

19 2529 170 2598 nohtulit
181 2531 259 2598 mihi
272 2543 427 2599 venerunt
439 2531 472 2597 in
482 2542 644 2607 mentem,
660 2542 693 2596 et
705 2517 808 2620 neque
820 2534 932 2600 ordine
944 2559 1048 2626 neque

19 2639 147 2726 ictione
163 2651 237 2706 sunt
254 2651 447 2729 expurgate,
472 2637 529 2705 sed
552 2637 592 2704 de
615 2638 769 2706 industrio
791 2641 930 2730 disperse
951 2656 1045 2723 sunt,

19 2747 186 2814 ormixtim
206 2747 299 2814 nobis
322 2748 422 2814 instar
439 2745 523 2836 preti
541 2746 658 2813 variata
678 2757 726 2813 est
748 2748 946 2825 Stromutum
971 2751 1046 2821 dcc·

20 2855 127 2945 riptio.
149 2857 229 2936 Quae
241 2877 315 2923 cum
331 2856 374 2921 itu
385 2879 421 2922 se
435 2854 594 2932 habeant,
610 2853 737 2922 etmihi
755 2869 850 2923 erunt
867 2858 907 2926 ad
922 2882 975 2926 me
986 2884 1044 2928 ex·

20 2963 167 3030 itendum
179 2961 405 3032 commentarii
425 2987 433 3029 :
450 2974 483 3029 et
498 2962 748 3053 eiquiestaptus
758 2965 1041 3056 adcognitionem‚

20 3070 124 3137 iiorte
145 3071 177 3135 in
198 3070 419 3146 conciderit,
438 3071 507 3158 ejus
525 3069 614 3158 quod
635 3082 683 3134 est
698 3070 824 3146 utilene
840 3074 1042 3142 conducibile

20 3201 72 3245 um
97 3179 218 3244 sudore
241 3177 297 3244 iiet
315 3178 488 3265 inquisitio.
517 3178 588 3244 Non
609 3174 715 3244 solum
736 3179 824 3244 enim
843 3182 971 3259 cibum,
985 3183 1041 3250 sed

21 3283 105 3352 tulto
119 3287 221 3376 magis
236 3287 333 3354 etiem
344 3285 560 3375 cognitionem
571 3282 829 3374 Inhorpraecedot
840 3311 966 3374 aequum
978 3303 1037 3368 est,
1140 3321 1145 3328 ·

22 3394 109 3485 equi
126 3417 184 3484 per
201 3408 357 3470 arctamet
376 3406 538 3485 angustam
549 3393 736 3460 romeiam'
754 3396 974 3474 Dominicam,
985 3399 1038 3466 'ad

21 3513 154 3570 ternam
168 3515 201 3570 et
217 3506 342 3572 beatam
361 3503 621 3570 transmittuntur
635 3499 780 3569 selutem'.
800 3503 913 3569 Nostra
927 3516 1035 3574 nutem

21 3610 160 3702 uguitio,
176 3623 209 3676 et
231 3611 343 3681 hortus
363 3609 529 3702 spiritalis,
545 3622 593 3680 est
608 3610 675 3701 ipse
691 3623 797 3678 nostor
816 3611 983 3692 Senator,
1000 3615 1033 3685 in

34 3757 43 3784 ¹
59 3761 122 3831 1125.
136 3760 187 3824 736
200 3773 225 3812 et
234 3779 284 3829 req.

33 3849 144 3902 'Mattin
157 3867 205 3916 vn,
218 3856 258 3916 14.
