2738 4628
228 235 273 339 ⁴tl,
556 279 671 332 sineri
694 279 808 326 ιιιιιιι
831 279 891 325 ιιι.
919 279 938 323 ι

216 413 261 467 -ot
279 400 382 469 tamus
402 409 457 467 ost
472 413 624 489 peccator
640 423 650 473 ς
669 423 708 467 ex
723 401 863 489 peccatis
881 399 967 469 enim
983 393 1134 490 paralysis
1154 397 1276 464 amse—

230 524 305 580 cttiu
319 524 379 580 uti.

289 622 424 692 Peccata
440 620 537 710 igitur
551 621 730 697 remittens,
747 619 912 687 hominem
926 619 1057 708 quidem
1071 618 1206 695 comsit,
1224 639 1276 683 se-

230 731 403 820 metipsum
425 739 534 798 autem
551 728 727 796 manifeste
750 729 890 796 ostendit
910 729 981 817 quis
1007 741 1101 796 esset.
1126 727 1159 794 Si
1182 729 1277 794 enirn

232 864 328 910 nemo
343 851 448 930 potest
464 841 628 906 remittere
642 853 789 930 peccata,
802 841 862 907 nisi
877 839 962 906 solus
973 839 1073 913 Deus3
1089 841 1278 906 remittebat

232 964 339 1020 eutem
362 951 432 1018 hec
454 949 623 1028 Dominus,
646 963 679 1015 et
703 953 836 1018 curabat
863 950 1009 1018 homines
1034 975 1043 1014 ε
1067 950 1278 1016 manifestum

233 1062 384 1152 quoniam
406 1061 474 1150 ipse
494 1073 564 1128 eret
581 1057 725 1128 Verbum
746 1059 818 1135 Dei,
842 1059 941 1126 Filius
962 1058 1100 1126 hominis
1121 1059 1237 1135 faetus,
1254 1081 1276 1122 a

234 1172 328 1238 Petro
344 1181 536 1259 potestatem
556 1169 748 1236 remissionis
765 1180 972 1258 peccatorum
990 1169 1169 1257 accipiens;
1190 1191 1278 1258 quo*

137 1359 140 1368 Ἰ
235 1281 322 1348 niem
333 1280 444 1354 homo,
456 1290 489 1345 et
500 1279 652 1367 quoniam
663 1277 749 1344 Deus
762 1300 770 1341 ε
791 1287 826 1341 ut
837 1276 999 1366 quomodo
1013 1276 1112 1342 homo
1132 1298 1283 1364 compos·

237 1411 290 1458 sos
305 1401 355 1458 est
369 1388 474 1466 nobis,
490 1400 644 1477 tunquam
657 1387 744 1454 Dens
755 1387 943 1454 misereatur
958 1387 1071 1462 nostri,
1083 1398 1116 1451 et
1133 1386 1280 1452 remittat

197 1519 201 1527 '
239 1499 331 1568 uobis
350 1497 464 1568 dehita
478 1508 599 1571 nostra,
611 1519 682 1585 quae
702 1494 813 1562 sectori
834 1507 943 1562 nostro
959 1495 1111 1562 debemus
1132 1495 1211 1562 Deo.
1235 1496 1281 1560 Et

237 1608 443 1712 proptsrhoc
458 1605 560 1674 David
574 1605 776 1695 praedixitse
762 1603 880 1691 «Beati
896 1625 1032 1693 quorum
1048 1605 1185 1670 remisse
1200 1617 1282 1669 sunt

238 1719 461 1809 »iniquitates,
478 1729 511 1784 ot
529 1739 667 1806 qnorum
684 1726 770 1784 tecta
789 1696 864 1785 suni
879 1728 1020 1806 peecata.
1043 1715 1160 1782 Beatus
1178 1717 1282 1781 homo

239 1829 318 1896 »cui
343 1850 408 1896 non
427 1825 595 1915 imputavit
616 1824 771 1890 Dominus
789 1823 1032 1912 peccatum¹as
1019 1845 1114 1889 eam
1132 1845 1203 1912 quae
1220 1847 1284 1913 per

239 1939 411 2006 adventum
432 1937 502 2023 ejus
524 1945 572 2000 cst
591 1933 808 2028 remissionem
824 1944 1086 2020 praemonstrons,
1106 1957 1163 2022 per
1178 1956 1282 2020 quam

249 2045 394 2116 «delevit
420 2042 669 2134 chirographum
690 2041 820 2108 »debiti
850 2042 966 2116 nostri,
988 2067 1001 2102 ι
1022 2053 1055 2106 et
1080 2041 1177 2108 affixit
1199 2040 1284 2108 iilud

243 2187 257 2220 ι
273 2154 380 2225 cruci²
396 2178 404 2220 ι
421 2155 491 2220 suti
503 2152 782 2242 'quemadmodum
794 2175 851 2241 per
868 2149 990 2243 iignum
1006 2151 1081 2218 facti
1097 2175 1207 2217 sumus
1228 2151 1287 2218 de·

243 2269 365 2334 bitores
380 2264 462 2342 Deo,
476 2285 539 2360 per·
549 2261 672 2352 iignum
686 2260 878 2350 accipiamus
890 2260 989 2328 nostri
1005 2259 1103 2327 debiti
1120 2260 1288 2328 remissio-

244 2397 330 2444 nem.

290 2485 360 2549 Hoc
376 2494 410 2548 et
427 2505 485 2572 per
502 2481 579 2548 alios
595 2478 725 2567 quidem
743 2476 873 2553 multos,
886 2479 952 2567 jum
970 2492 1079 2545 autem
1097 2491 1130 2544 st
1148 2501 1206 2568 per
1220 2479 1287 2554 Hc·

247 2593 359 2660 liseum
376 2591 564 2679 prophetam
586 2587 800 2678 significanter
821 2599 984 2655 ostensum
1001 2601 1059 2656 est.
1086 2589 1169 2656 Cum
1195 2575 1288 2656 enim

248 2703 280 2768 hi
298 2702 444 2789 quicum
459 2698 514 2766 illo
533 2710 624 2765 erant
639 2698 802 2788 prophete
819 2699 1026 2766 conciderent
1041 2698 1123 2790 ligna
1139 2701 1181 2765 ed
1193 2699 1290 2768 sabri-

249 2811 407 2878 cationem
425 2806 635 2884 tabernaculi,
651 2820 684 2874 et
700 2807 821 2874 ferrum
837 2831 1006 2876 excnsmm
1022 2809 1062 2874 de
1079 2811 1183 2876 securi
1200 2811 1289 2879 ceci-

251 2921 346 2986 disset
367 2919 401 2984 in
421 2917 608 2992 Jordanem,
627 2929 660 2982 et
684 2939 749 2983 non
768 2917 965 2984 inveniretur
984 2917 1025 2984 ab
1041 2917 1114 3007 ipsis
1121 2944 1130 2991 ι
1157 2921 1292 2987 venkns

251 3045 358 3100 autem
374 3027 516 3098 Heliseus
535 3029 568 3096 in
583 3029 688 3116 ipsum
706 3026 828 3104 locum,-
845 3051 920 3095 cum
935 3027 1097 3096 didicisset
1111 3031 1190 3118 quid
1204 3045 1292 3098 esset

107 3115 132 3220 ,Ι
252 3142 386 3216 tactum,
404 3138 527 3236 iignum
544 3137 576 3202 in
594 3158 709 3225 aquam
725 3136 831 3203 misit:
846 3136 910 3203 hoc
928 3131 1035 3204 autem
1053 3161 1129 3204 cum
1146 3138 1290 3218 fecisset,

252 3251 467 3340 supernatavit
482 3249 603 3316 serrum
619 3248 751 3324 securis,
766 3259 799 3312 et
810 3245 851 3314 de
863 3246 1030 3336 superficie
1041 3271 1130 3337 aquoe
1142 3272 1293 3339 sumpse-

254 3373 329 3428 runt
344 3360 423 3426 illud
437 3360 577 3448 quiante
593 3357 773 3425 amiserant³
787 3381 862 3448 :per
872 3358 1089 3446 operationem
1100 3361 1295 3427 ostendente

254 3465 425 3555 Propheta,
437 3464 524 3554 qnod
540 3463 672 3530 firmum
682 3464 815 3530 verbum
832 3463 903 3540 Dei,
921 3463 1008 3553 quod
1021 3488 1080 3555 per
1092 3464 1214 3556 iignum
1231 3491 1294 3536 ne-

257 3571 411 3662 gligenter
421 3570 638 3646 amiseramus,
649 3589 710 3636 nec
720 3568 1137 3660 inveniebamus,reoepturi
1148 3595 1296 3640 mestuus

257 3683 376 3748 iterum
391 3701 450 3768 per
466 3677 541 3767 tigni
564 3678 812 3768 dispositionem.
829 3679 989 3758 Quoniam
1004 3691 1112 3748 autem
1127 3683 1233 3752 securi
1249 3683 1295 3751 si-

259 3790 342 3860 milis
359 3800 407 3856 est
425 3790 559 3856 verbum
574 3788 648 3866 Dei,
661 3787 801 3856 ioannes
820 3789 960 3880 Baptista
984 3793 1027 3858 sit
1046 3790 1087 3858 de
1101 3815 1140 3858 eo
1157 3816 1166 3858 ε
1185 3821 1199 3855 ι
1219 3792 1295 3861 Jern

290 3918 375 3970 'Puri-
386 3931 454 3980 uxr,
467 3933 488 3978 ι,
501 3935 523 3966 s.
535 3945 565 3958 -
575 3918 586 3953 ²
596 3919 692 3971 Goion·
704 3939 733 3982 u,
747 3920 783 3979 td.
795 3919 869 3980 »ἳᾷ
882 3922 944 3985 neg.
955 3921 1015 3980 md
1025 3931 1049 3972 et
1059 3939 1133 3987 seqq.
