2738 4628
445 307 571 354 conans
595 307 744 352 uastas.
1069 284 1108 348 tt

65 423 207 513 spitabus
219 424 296 512 ejus
308 423 402 510 qussi
414 425 561 491 consum
572 425 605 492 in
615 436 766 500 mortem,
776 433 808 488 ct
818 421 910 512 plaga
923 421 1034 488 mortis
1045 421 1114 509 ejus

65 546 203 602 »comta
224 546 289 608 est,
306 544 344 598 et
358 533 520 600 admirata
535 545 584 600 est
598 535 744 600 universa
758 544 843 598 terra
858 543 930 620 post
948 531 1083 598 bestiam
1102 553 1111 594 ι

67 673 79 706 ι
93 655 127 710 ct
137 643 362 710 adoraverunt
373 642 565 719 draconem,
579 643 729 732 quoniam
739 641 828 708 dedit
837 651 1028 730 potestatem
1039 641 1115 705 hes-

70 753 168 827 attan
180 765 211 818 et
224 751 453 818 adoraverunt
463 753 599 818 hostiam
610 750 773 818 dicentes:
790 749 869 830 Quis
884 746 993 814 similis
1005 746 1115 814 bestiae

78 861 161 940 silli,
173 861 285 952 etquis
301 873 418 952 potest
436 884 579 950 pugnare
591 883 666 955 cum
678 858 819 949 ipsai'Et
837 858 948 923 datum
964 869 1012 922 cst
1031 855 1061 921 ei
1079 878 1115 920 oa

82 970 226 1060 »loquens
244 993 372 1060 magna
390 981 425 1034 ct
444 968 687 1059 blasphemiam,
706 977 740 1034 et
761 968 833 1033 data
856 979 904 1032 est
925 966 954 1032 ei
976 976 1117 1055 potestas

82 1080 261 1146 »mensibus
271 1077 340 1146 XL
351 1092 387 1145 ct
401 1079 539 1145 duobus.
554 1081 595 1146 Et
605 1079 728 1168 aperuit
739 1101 774 1144 os
786 1098 881 1144 suum
896 1075 1118 1165 blasphemum

82 1219 95 1252 ι
109 1190 249 1256 adversus
262 1187 392 1266 Deum,
409 1187 632 1278 blasphemare
649 1211 767 1255 nomeu
783 1189 866 1278 ejus,
879 1198 911 1253 et
927 1189 1120 1253 tabernacu-

82 1330 95 1360 ι
109 1297 170 1366 lum
179 1300 263 1388 ejus,
276 1312 313 1366 et
325 1299 455 1388 eosqui
471 1299 505 1366 in
516 1297 596 1366 celo
607 1299 763 1366 habitant.
777 1298 818 1366 Et
830 1296 902 1365 date
913 1307 962 1362 est
972 1295 1001 1362 ci
1015 1307 1120 1385 potes·

80 1420 151 1475 »tas
171 1431 271 1498 super
295 1430 439 1476 omnem
458 1408 592 1484 tribum,
615 1419 647 1474 et
666 1405 835 1498 populum,
856 1419 890 1472 ct
908 1405 1063 1496 linguam,
1086 1417 1121 1472 et

77 1530 242 1608 agentem.
266 1517 312 1583 Et
335 1518 552 1584 adoraverunt
571 1540 643 1584 eam
664 1539 774 1584 omnes
795 1517 850 1606 qui
867 1516 1012 1584 habitant
1026 1539 1123 1607 super

77 1641 235 1705 sternam,
252 1629 352 1717 cujus
371 1650 439 1694 non
453 1640 502 1694 est
516 1627 669 1716 scriptum
685 1649 803 1694 nomen
817 1627 850 1693 in
865 1625 946 1693 libro
962 1627 1032 1694 vitae
1048 1627 1123 1716 agni

81 1767 94 1801 ι
108 1737 204 1806 occisi
218 1761 238 1802 a
253 1737 490 1805 constitutione
504 1737 626 1804 mundi.
641 1736 675 1802 Si
686 1737 756 1826 quis
767 1737 866 1804 habet
880 1759 985 1814 autes,
1001 1736 1119 1802 audiat.

81 1845 145 1912 ‚si
164 1845 235 1934 quis
256 1845 292 1912 in
312 1845 534 1935 captivitatem
555 1842 745 1922 durentia
767 1845 982 1934 captivitatem
1001 1845 1070 1912 ibit.
1087 1844 1124 1912 si

87 1955 184 2043 squia
200 1953 307 2044 giadio
330 1952 501 2032 occiderit,
523 1967 648 2044 oportet
664 1978 739 2021 cum
761 1956 794 2022 in
810 1953 915 2046 gladio
931 1955 1045 2024 occidi.
1063 1955 1125 2022 Hic

96 2090 111 2127 s
126 2075 174 2128 est
191 2064 374 2130 sustinentia
396 2077 430 2130 et
448 2062 529 2131 fides
547 2063 760 2132 sanctorum¹.
780 2064 881 2132 sPoat
901 2065 1015 2132 deiude
1029 2074 1062 2131 et
1083 2065 1125 2131 de

101 2173 255 2262 armigero
265 2175 347 2261 ejus,
360 2197 455 2263 quem
470 2187 504 2240 et
518 2175 828 2264 pseudoprophetam
842 2186 935 2242 vocat
949 2197 958 2240 ι
977 2174 1126 2264 «Loque-

98 2283 231 2380 »batun
255 2283 367 2372 inquit,
387 2285 478 2377 quasi
502 2284 613 2360 draco,
636 2295 669 2350 et
690 2296 879 2374 potestatem
895 2286 1006 2374 primm
1019 2285 1128 2352 bestiae

92 2415 251 2460 ‚omnem
271 2391 408 2460 faciebat
426 2394 461 2460 in
484 2403 659 2488 conspectu
680 2393 750 2482 ejus
775 2403 835 2459 :et
854 2393 929 2461 facit
945 2403 1076 2469 terram,
1095 2405 1132 2460 et

92 2503 176 2592 aqui
195 2501 345 2570 habitant
362 2503 397 2570 iu
418 2526 471 2579 ea,
488 2513 524 2568 ut
537 2501 857 2571 adorarent'bestiam
871 2502 1021 2593 primam,
1040 2501 1131 2591 cujus

91 2623 229 2679 »curata
244 2627 295 2680 est
312 2610 405 2703 plaga
416 2613 528 2680 mortis
544 2614 622 2702 ejus.
638 2613 680 2680 Et
693 2613 788 2681 saciet
803 2614 890 2704 sigua
907 2635 1033 2703 magna,
1049 2625 1086 2678 ut
1099 2608 1145 2682 et'

91 2721 228 2811 »ignem
244 2721 342 2788 aciat
356 2722 396 2790 de
418 2721 502 2789 coelo
517 2723 759 2791 descendentia
771 2735 890 2792 terram
907 2723 940 2791 in
957 2737 1132 2814 conspectu

91 2861 104 2894 ι
120 2832 308 2908 hominum,
324 2844 358 2898 et
380 2833 513 2900 seducet
527 2834 739 2901 inhabitantes
754 2857 849 2924 super
862 2846 979 2902 terram
988 2835 1011 2902 ².
1030 2839 1135 2906 »Haec

92 2965 134 3009 ne
148 2943 316 3032 quiscum
331 2943 437 3010 divina
453 2945 568 3010 virtute
582 2955 672 3033 putet
695 2942 782 3035 signa
800 2945 917 3022 facero,
934 2945 993 3012 sed
1009 2946 1134 3036 magica

93 3055 292 3144 operafione.
311 3053 355 3118 Et
376 3077 442 3120 non
464 3066 514 3122 est
527 3055 708 3123 mirandum
722 3055 761 3133 s‘i,
778 3056 943 3123 demoniis
956 3069 990 3122 et
1009 3068 1133 3146 aposta·

94 3163 166 3230 ticis
186 3163 354 3252 spiritibus
376 3163 628 3231 ministrantibus
649 3166 701 3242 ei,
714 3189 772 3255 par
791 3190 846 3233 eos
866 3167 962 3233 saciat
981 3167 1082 3256 signa,
1102 3167 1136 3236 in

95 3273 214 3362 quibus
227 3273 363 3340 seducat
373 3272 552 3340 habitantes
564 3297 658 3364 super
670 3287 796 3342 terram.
810 3277 874 3343 «Et
886 3276 1068 3366 imaginem,
1080 3277 1136 3354 ait,

13 3417 15 3428 κ
97 3411 109 3444 ι
125 3383 255 3470 jubebit
270 3382 342 3449 fieri
357 3383 480 3459 bestiae,
502 3395 535 3448 et
553 3384 698 3473 spiritum
713 3384 802 3452 dabit
822 3386 964 3475 imagini,
980 3387 1027 3452 uti
1043 3397 1075 3454 et
1089 3386 1140 3454 Ιο-

101 3501 247 3580 spuatur
263 3491 383 3582 imago,
400 3503 433 3556 et
448 3513 502 3556 cos
517 3493 572 3579 qui
595 3515 660 3558 non
675 3493 876 3559 adoraverint
890 3516 960 3562 eam
980 3495 1074 3563 saciet
1087 3519 1141 3562 oc·

103 3601 204 3667 ‚cidi
228 3601 271 3667 Et
290 3602 514 3668 characterem
534 3613 653 3679 autam,
677 3604 733 3679 ait,
754 3604 788 3669 in
811 3603 914 3670 fronte
935 3617 968 3672 et
988 3606 1021 3672 in
1042 3630 1140 3674 manu

104 3709 241 3776 ‚tnta
253 3709 349 3777 faciet
361 3709 444 3786 dari,
458 3720 569 3776 utnon
580 3711 678 3800 possit
689 3711 801 3800 aliquis
812 3736 917 3780 emere
928 3714 977 3783 vel
991 3718 1143 3793 vendere,

108 3819 195 3886 anisi
210 3819 263 3908 qui
277 3821 379 3888 habet
393 3819 613 3888 characterem
628 3822 764 3888 nominis
778 3825 896 3905 bestiae,
911 3825 959 3896 rel
974 3848 1145 3895 numerum

145 3945 241 4009 'bnon
254 3967 309 4009 mn,
327 3958 378 4001 set
390 3963 467 4014 seqqt
480 3945 604 3998 -21stat
621 3965 645 3998 ιι
660 3957 686 3998 ct
698 3965 769 4015 seqq.

939 4043 971 4118 4.
