2570 4614
230 263 294 342 sil
537 283 710 330 onnunnrrs
734 283 955 328 snnrsnnnrnr·

228 417 262 470 et
279 401 447 480 sooordiu.
460 413 493 467 et
507 387 613 470 oultus
626 399 870 470 simulacrorum
888 400 1083 492 apertissime
1099 401 1222 490 pnes·
1235 415 1267 466 et

227 525 402 584 exuemus
424 513 619 602 impietatem
632 511 761 602 plurimi
779 512 944 580 huhemns.
962 511 1089 578 Etenim
1104 509 1197 578 hnud
1213 511 1265 578 ὼ

228 647 264 692 re
274 622 537 714 philosophorum
546 620 616 699 lilii,
628 637 837 711 quecumque
848 621 968 690 leeiunt
978 619 1080 697 stulti,
1093 619 1220 688 nelarie
1229 643 1264 690 ut

229 733 325 824 impie
345 753 402 799 eos
421 753 532 823 gerere
548 732 737 800 existiment
757 731 941 811 Quinetiam
958 730 1037 798 dum
1051 731 1264 822 ignorantium

228 855 440 916 annumerant
455 843 492 912 in
511 843 677 934 speciebus
696 843 836 918 intende,
851 841 897 909 nil
910 841 996 908 uliud
1011 865 1109 930 quum
1127 841 1263 908 inanire

229 952 341 1044 vulgus
349 950 671 1020 hominumlutentnr.
685 949 756 1018 Non
766 963 814 1018 est
825 949 1262 1040 ergoduhitundnm,inquist

230 1063 501 1138 Vertumnum
513 1063 553 1128 sit
564 1061 690 1138 melius,
698 1061 840 1130 sobrium
850 1083 931 1139 esse,
940 1059 990 1127 vel
1000 1061 1151 1128 inuenire.
1162 1060 1261 1151 Opor-

229 1187 276 1248 tet
285 1187 393 1240 eutem
404 1173 567 1242 veritatem
582 1171 743 1240 mordiens
753 1181 913 1248 tenentes,
924 1182 957 1236 et
968 1170 1107 1237 sobrium
1117 1182 1261 1264 gerentes

231 1297 384 1360 mentem,
397 1283 501 1349 Deum
518 1282 592 1348 totis
605 1282 724 1348 ritihus
740 1281 829 1370 sequi
835 1305 845 1354 r
864 1293 909 1360 et,
924 1281 1016 1348 sicuti
1028 1293 1117 1359 sunt,
1130 1304 1183 1348 res
1199 1281 1260 1346 nni

230 1416 335 1461 uersus
349 1392 529 1461 existimare
542 1393 613 1481 ejus
627 1415 707 1460 esse.
725 1390 893 1467 rreum,
907 1390 1106 1458 advertentes
1121 1414 1183 1457 nos
1197 1413 1260 1479 pos

229 1505 405 1572 sessionum
419 1501 479 1571 Dei
493 1503 640 1570 omnium
652 1525 721 1568 esse
729 1499 996 1590 pulcherrimum,
1007 1501 1258 1590 nosmetipsosin

231 1614 313 1686 illius
330 1611 461 1680 tutelam
476 1614 725 1689 ommittimus,
737 1612 902 1702 diligentes
914 1611 1088 1679 Dominum
1101 1611 1222 1690 Deum,
1231 1623 1258 1675 st

231 1727 264 1794 id
282 1725 374 1791 nohis
388 1723 506 1814 negotii
520 1745 578 1812 per
596 1735 699 1790 totum
712 1724 784 1792 vitso
798 1723 935 1812 spatium
951 1723 1139 1789 incumbere
1154 1735 1258 1811 putor

230 1849 288 1904 tus.
310 1834 408 1915 Quod
429 1833 455 1899 si
478 1835 745 1902 communissent
761 1834 936 1904 amicornm
957 1829 1099 1908 omniu¹‚
1114 1843 1150 1898 et
1167 1831 1257 1898 homo

231 1945 289 2011 Dei
306 1945 426 2015 umieus
449 1955 497 2010 est
519 1942 635 2030 (Verbi
650 1945 767 2034 quippe
782 1945 960 2012 interventu
979 1943 1079 2010 isDei
1095 1943 1201 2010 lactus
1217 1955 1257 2008 ert

230 2056 379 2140 amicus),
388 2055 484 2145 igitur
490 2055 612 2122 homini
619 2056 670 2145 jus
681 2057 714 2122 in
725 2056 830 2122 omniu
843 2056 1006 2146 competit,
1014 2053 1101 2143 quod
1110 2055 1155 2120 ud
1162 2055 1257 2120 Deum

234 2165 340 2234 omniu
356 2166 426 2253 jure
440 2163 639 2254 pertineant:
654 2175 688 2229 et
698 2174 772 2232 sunt
785 2163 892 2230 omniu
908 2165 1073 2254 utriusque
1084 2165 1194 2240 omisi,
1207 2165 1256 2232 De·

231 2285 265 2342 ot
278 2274 429 2352 hominio,
442 2274 635 2346 commuta.
647 2273 755 2340 Restat
765 2274 873 2364 igitur,
889 2285 925 2338 ut
940 2272 1043 2341 solum
1057 2275 1150 2365 pium
1164 2274 1257 2342 chris-

231 2385 354 2451 tionum
371 2382 567 2474 appellemus
583 2384 725 2461 divitem,
742 2396 775 2449 et
795 2383 950 2464 sobrium,
966 2397 1000 2450 et
1011 2395 1255 2474 generosumtet

230 2493 304 2560 ideo
318 2495 488 2610 imupinem
503 2493 574 2572 Dei,
589 2491 729 2559 effictum
743 2491 784 2558 ud
800 2492 897 2580 ipsius
910 2490 1165 2570 similitudinem,
1177 2494 1254 2560 dirs-

173 2631 179 2644 ·
231 2625 302 2670 mos
316 2605 419 2693 ipsum
438 2626 476 2671 uo
494 2602 661 2670 credemus
675 2625 687 2668 s
701 2613 737 2668 ut
748 2603 801 2690 qui
812 2602 916 2691 justus
931 2616 1125 2691 sanetusque
1140 2617 1174 2670 et
1186 2627 1254 2692 pru-

232 2712 311 2780 dens
325 2737 343 2778 u
359 2713 486 2779 Christo
501 2713 541 2778 sit
556 2712 670 2790 uuus,
686 2725 718 2778 et
733 2712 865 2801 proinde
880 2712 948 2778 Deo
963 2711 1082 2784 similis.
1098 2715 1191 2780 Hune
1205 2715 1255 2778 ite·

231 2845 293 2911 qne
307 2823 440 2912 gretiam
462 2823 511 2890 his
531 2824 634 2890 rerhis
649 2824 802 2914 expressit
820 2825 988 2914 propheto,
1007 2827 1060 2892 uhi
1079 2827 1177 2892 dieit:
1192 2825 1255 2916 ligo

231 2934 320 3010 diet,
339 2933 427 3020 quod
440 2933 491 2997 dii
505 2934 592 3010 estis,
606 2950 636 2999 et
646 2933 715 3023 filii
730 2933 911 3011 Altisoimi¹
926 2935 1067 3001 omnes&
1086 2936 1153 3003 llos
1164 2937 1254 3010 enim.

231 3065 291 3116 nos
300 3041 462 3131 edoptsrit
477 3039 578 3108 lilios:
593 3053 626 3108 et
637 3055 745 3110 noster
755 3041 954 3112 solummodo
965 3043 1174 3133 poterhuheri
1183 3043 1256 3120 rult,

230 3173 297 3220 non
312 3161 420 3216 nutem
434 3167 546 3216 eorum
562 3149 617 3240 qui
635 3151 665 3215 ei
685 3173 750 3216 non
765 3151 1000 3240 obtemperent⁴
1015 3151 1078 3218 lies
1093 3177 1169 3244 ergo
1187 3173 1255 3219 nos·

231 3274 301 3339 trae,
325 3260 379 3350 qui
404 3259 521 3327 Christi
542 3282 599 3326 nos
619 3257 752 3328 esseolss
768 3259 969 3351 profitemur,
990 3261 1033 3327 ite
1052 3285 1087 3328 se
1106 3261 1255 3353 quodum-

229 3372 326 3438 modo
340 3371 478 3438 hebent:
492 3367 631 3450 «Qualis
643 3368 784 3448 oonsilio,
799 3370 876 3438 tales
888 3393 1049 3438 sermones
1061 3373 1161 3439 nostri
1169 3383 1252 3444 sonti

234 3480 370 3569 »quoles
383 3493 492 3548 numm
511 3503 692 3557 sermones,
714 3481 792 3549 tales
816 3483 912 3550 etium
931 3483 1089 3557 notionoss
1110 3495 1144 3548 et
1156 3479 1254 3570 qnaliu

231 3620 245 3654 s
259 3613 368 3682 opero,
377 3590 446 3658 tolio
455 3593 585 3660 demum
595 3593 659 3659 vitu
668 3614 678 3657 t
688 3593 795 3660 »hono
806 3603 853 3662 est
868 3595 1012 3662 universo
1024 3593 1186 3660 hominurn
1194 3592 1253 3656 rite

231 3702 286 3792 qui
312 3701 474 3770 Christum
496 3715 723 3793 cognorerunt.
746 3703 828 3772 Setis
846 3706 924 3796 jam,
943 3706 1071 3795 opinor,
1090 3707 1254 3776 vertuno

264 3869 271 3903 ¹
282 3863 345 3916 vide
356 3867 386 3916 l).
396 3869 511 3932 Guillon,
519 3887 543 3936 p.
555 3871 614 3938 590.

259 3937 344 3992 'Ptol
358 3955 451 4002 nunti,
464 3941 487 3991 6.
