2614 4628
346 316 548 362 coaonrrrro
573 315 767 360 suvcsnrss.
807 337 820 374 ,
1015 298 1073 376 ι45
1101 315 1102 318 ’

35 434 85 499 sed
100 435 187 502 viam
204 437 395 526 ignorabat:
415 438 499 502 banc
513 435 706 523 Prosymnae
722 427 853 523 qnidam
868 435 1027 525 promittit
1041 459 1075 502 se

35 557 302 624 monstraturum,
320 571 431 614 verum
451 571 516 613 non
532 548 599 612 sine
614 547 774 612 mercede.
793 545 914 614 Merces
931 569 966 613 ea
986 548 1020 613 in
1041 572 1074 616 se

36 655 159 741 quidem
169 681 292 746 parum
304 669 373 723 erat
385 659 530 732 honesta,
543 647 683 722 attamen
698 656 830 722 honesta
843 657 918 722 salis
929 653 1070 724 Baccho.
1189 717 1192 724 ,

37 761 105 828 Erat
130 775 246 830 nutem
272 766 374 854 gratia
396 787 541 841 venerea,
558 759 654 854 quam
678 763 823 830 Bacchus
842 763 1072 853 postulabatur.

37 869 97 938 llco
108 873 207 961 igitur
224 897 294 941 non
312 875 501 964 repugnanti
518 875 630 964 petitio
648 875 757 940 statim
775 871 950 963 explicatur
963 899 972 941 r
986 875 1075 964 isque

37 983 246 1072 jurejurando
260 987 431 1074 promittit,
448 988 474 1052 si
488 987 631 1061 redierit,
647 1009 680 1052 se
696 987 783 1074 quod
795 984 888 1052 vellet
902 985 1071 1054 facturum.

39 1091 112 1160 Cum
128 1094 215 1160 dam
238 1095 416 1171 didicisset,
439 1097 529 1174 abiit,
551 1119 724 1185 rursusque
738 1096 850 1170 rediitr
866 1121 927 1164 neo
941 1096 1076 1166 offendit

38 1199 266 1291 Prosymnum
290 1217 360 1272 erat
383 1207 470 1272 enim
493 1216 648 1271 mortuus.
675 1203 760 1272 Tum
782 1227 858 1272 vero
880 1207 1012 1274 amatori
1039 1219 1075 1275 ut

40 1311 174 1380 debitum
189 1313 346 1390 solveret,
361 1316 403 1380 ad
418 1327 662 1383 monumentum
678 1315 748 1404 ejus
762 1339 797 1384 se
811 1315 947 1390 confert,
964 1328 996 1382 et
1008 1339 1075 1382 mu·

41 1422 140 1491 liebria
155 1427 305 1517 patiendi
319 1426 477 1493 desiderio
491 1425 614 1516 flagrat.
634 1428 717 1492 Cum
730 1449 806 1516 ergo
826 1423 1001 1496 ficulneum
1022 1449 1074 1494 ex-

43 1533 160 1602 cidisset
176 1559 325 1612 ramum,
340 1537 440 1602 instar
459 1535 554 1602 virilis
570 1527 706 1604 membri
724 1535 887 1610 ellbrmat3
908 1550 941 1604 et
955 1538 984 1604 ei
996 1537 1075 1606 iusi-

43 1645 132 1722 dens,
156 1647 355 1736 promissum
380 1644 531 1735 persolvit
562 1657 699 1713 mortun.
729 1647 834 1735 Atque
859 1647 924 1714 hoc
952 1647 1074 1714 lacinus

43 1756 171 1844 mystico
190 1757 257 1822 ritu
278 1760 547 1832 commemorant,
563 1756 616 1844 qui
635 1755 765 1824 Baccho
785 1755 908 1846 phallos
932 1756 998 1822 lere
1018 1779 1075 1847 per

47 1865 199 1932 universas
214 1865 348 1931 Graeciae
368 1865 464 1930 urbes
485 1865 622 1955 erigunt.
640 1893 653 1926 ι
668 1865 749 1932 Nam
763 1867 823 1930 nisi
839 1864 969 1932 Baccho
986 1887 1075 1954 pom·

50 1999 149 2065 spem
164 1977 327 2053 ducerent,
343 1989 376 2042 et
390 1976 531 2042 carmina
547 1989 698 2043 canerent
718 1977 750 2044 in
767 1975 894 2044 laudem
909 1976 1074 2066 pudendo

52 2109 152 2152 »rum
165 2085 444 2174 impudentissime,
459 2085 553 2176 plane
573 2098 681 2154 aetum
697 2098 777 2162 erat,
793 2115 807 2150 r
824 2087 867 2152 ait
881 2085 1069 2154 Heraclitus.
1142 2120 1149 2130 -

53 2195 113 2262 llic
132 2209 180 2262 est
200 2194 253 2262 illc
271 2195 370 2275 Pluto,
394 2209 429 2262 et
451 2195 611 2272 Bacchus.
628 2197 721 2284 cujus
743 2197 843 2286 gratia
863 2197 1022 2264 insaniunt
1041 2211 1075 2262 et

49 2304 333 2379 benebentanum
353 2317 432 2381 tam,
453 2316 489 2369 ut
509 2305 635 2394 opinor,
655 2325 720 2393 prae
738 2304 904 2379 ebrietate.
927 2329 1023 2394 quam
1039 2317 1076 2372 ut

46 2430 149 2506 mrpos
170 2417 464 2505 caeremoniasque
493 2417 526 2484 iu
553 2415 741 2482 memoriam
764 2413 902 2482 libidinis
928 2416 1075 2502 primitus

39 2525 166 2594 luerunt
189 2527 356 2604 institutae,
376 2527 526 2592 demere
549 2539 711 2616 peragant.
737 2524 820 2590 Sunt
841 2547 918 2614 ergo
937 2526 1011 2614 jure
1032 2527 1075 2592 dii

39 2639 128 2706 vestri
148 2637 243 2713 tales,
260 2639 315 2726 qui
337 2635 511 2704 affectuum
527 2654 659 2702 suorum
674 2618 754 2701 servi
770 2635 868 2702 suere.
889 2635 1074 2716 Quinetiam

36 2747 145 2816 servile
157 2750 285 2838 jugum,
298 2746 429 2836 perinde
441 2769 478 2814 ac
489 2744 611 2812 Helotae
619 2737 947 2823 Lacedaemoniorum,
961 2747 1070 2822 subiit,

35 2858 149 2952 Apollo
172 2858 306 2949 quidem
327 2855 438 2923 Pheris
460 2855 546 2945 apud
572 2855 763 2931 Admetum,
786 2855 940 2923 Hercules
962 2870 1072 2924 autem

34 2970 141 3036 Sardis
157 2965 248 3058 apud
265 2963 467 3055 Omphalen:
482 2963 690 3064 Laomedonti
707 2964 824 3055 Phrygi
843 2967 970 3032 servivit
992 2968 1074 3056 Nep·

34 3094 148 3153 tunust
163 3080 307 3165 itemque
319 3074 446 3165 Apollo,
462 3074 582 3141 inutilis
597 3074 718 3142 scilicet
732 3099 853 3151 servus,
870 3077 924 3164 qui
941 3099 959 3140 a
974 3077 1072 3166 priori

33 3191 165 3260 domino
187 3185 370 3252 libertatem
391 3186 542 3272 consequi
558 3209 622 3250 non
646 3186 766 3273 potuit3
789 3209 853 3274 quo
874 3189 1072 3274 temporeob
1208 3260 1212 3268 Ι

34 3299 93 3368 illie
111 3301 290 3365 instaurata
306 3295 436 3382 suerunt
454 3293 503 3360 llii
520 3294 647 3360 moenia.
665 3295 824 3362 Homerus
841 3308 951 3361 eutem
968 3296 1073 3364 dicere

36 3435 98 3478 non
122 3419 173 3476 est
199 3407 319 3474 veritus
330 3453 340 3482 ,
353 3405 542 3472 ”Minervam
569 3403 671 3494 Ulyssi
687 3403 917 3494 «praeluxisse,
941 3429 1073 3475 aureum

38 3519 221 3610 »lychnum
236 3518 269 3582 in
286 3510 434 3584 menibus
451 3527 623 3590 tenentem.
640 3513 821 3587 »Venerem
835 3537 910 3581 vero
925 3513 1071 3606 legimus,

37 3629 119 3698 velut
139 3627 341 3718 impudicam
363 3623 500 3714 aliquam
522 3623 685 3702 ancillam,
701 3607 953 3738 scllalp‘llelenae
972 3649 1072 3718 appo·

37 3745 133 3808 ruisse
144 3741 358 3807 exadversum
370 3735 527 3813 adultero,
540 3759 604 3824 quo
616 3759 690 3800 eum
702 3733 743 3800 ad
760 3731 881 3806 coitum
896 3735 1069 3825 pelliceret.

38 3851 184 3940 Panyasis
199 3849 355 3937 denique,
372 3859 487 3935 praeter
498 3845 570 3921 bos,
586 3843 664 3910 alios
675 3867 802 3932 quoque
815 3844 921 3938 plures
933 3847 1010 3913 deos
1027 3870 1074 3914 re-

36 3961 96 4026 lert
106 3960 292 4028 bominibus
305 3957 460 4030 serviisse,
473 3955 519 4021 sic
530 3955 691 4022 scribens:
998 3951 1000 3956 ’

169 4093 219 4134 ιιι.
680 4143 683 4148 ,
884 4090 921 4130 10
