2614 4628
330 299 530 346 tononnnnro
555 299 596 343 nn
619 300 749 345 oannes.
863 311 866 318 v
994 279 1048 344 rbi

31 421 82 483 tes,
94 407 185 476 alvos
198 411 233 494 in
245 409 314 498 ipsa
324 407 494 476 simulacra
503 419 691 484 exonerant,
708 405 795 474 nullo
805 408 929 474 rationo
947 405 1056 475 habita

30 529 78 584 tut
89 516 237 609 Olympii
253 519 356 596 Joris,
378 530 433 584 aut
447 518 611 608 Epidaurii
631 515 815 607 AEsoulapii,
836 530 890 584 aut
909 517 1057 584 blinervae

31 625 170 706 Polindis,
189 641 250 696 aut
265 628 427 718 Sarapidis
447 627 586 718 AEgyptii
603 651 611 693 ε
628 653 645 694 a
663 628 779 717 quibus
794 628 892 694 etiam
908 628 983 717 ipsis
1002 651 1057 695 ros

33 739 159 804 necdum
174 738 349 815 didicistis,
364 736 532 807 simulacra
552 761 622 804 esse
637 761 731 806 sensu
751 739 877 828 penitus
891 737 1058 804 tautum

33 849 263 939 Nonnunquam
274 852 373 918 etiam
384 875 403 916 a
414 849 602 941 praedonum
616 849 666 917 rel
682 850 823 918 hostium
841 875 938 918 manu
952 851 1058 940 irrep-

34 959 107 1026 tione
128 960 238 1037 beta,
259 962 391 1028 incensa
411 958 544 1050 templa,
566 959 697 1026 donaria
718 961 853 1051 direpta,
873 962 940 1050 ipsa
962 961 1059 1027 etiem

24 1067 189 1138 simulacra
210 1072 316 1160 turpis
336 1069 416 1136 lucri
436 1071 534 1160 gratia
553 1069 671 1158 liquato
694 1085 779 1138 sunt.
803 1070 940 1151 Quodsi
962 1071 1058 1140 Cam-

35 1180 117 1265 byses
132 1178 263 1268 aliquis,
283 1178 333 1245 vel
351 1180 477 1256 Darius,
496 1177 614 1246 aliusve
632 1181 787 1269 quispiam
804 1181 930 1248 insanus
946 1179 1059 1268 hujus*

37 1289 114 1354 modi
127 1289 253 1356 lacinus
265 1287 396 1378 aliquod
411 1289 590 1363 tentaverit,
604 1301 660 1354 aut
675 1288 861 1380 AEgyptium
875 1289 958 1379 Apin
972 1290 1060 1356 oooi-

39 1397 130 1464 derit:
144 1400 234 1488 quod
252 1400 384 1488 quidem
403 1400 546 1488 ipsorum
562 1399 660 1465 deum
678 1400 843 1474 occiderit,
865 1399 963 1466 risum
981 1397 1059 1466 mihi

40 1522 223 1584 eommovet;
240 1511 290 1576 sin
310 1533 386 1576 vero
398 1510 496 1599 turpis
512 1507 594 1576 lueri
610 1531 704 1584 causa
723 1509 757 1576 id
772 1507 1059 1599 patraverit,·dole'o

41 1619 229 1709 atindignor.
247 1621 325 1686 flaee
341 1621 447 1709 itaque
463 1617 593 1696 seelera,
610 1643 679 1706 quae
694 1641 759 1684 non
774 1620 878 1685 minus
892 1619 1060 1686 bominum

43 1729 209 1804 stantiam,
232 1751 328 1817 qnam
349 1729 482 1796 deorum
503 1719 750 1795 imbecillitatem
771 1730 955 1805 ostendunt,
974 1727 1062 1795 baud

43 1835 151 1903 inritus
169 1835 327 1904 oblivione
343 1849 458 1926 tegam.
479 1837 661 1917 Quinetiam
684 1840 764 1928 ignis
778 1852 947 1928 motusque
967 1851 1060 1906 terrm
1180 1829 1189 1852 i

48 1969 84 2012 aa
94 1959 164 2012 sunt
173 1949 281 2013 astutia
296 1947 431 2037 praediti,
446 1960 479 2012 ut
491 1948 649 2014 daemones
660 1959 692 2014 et
703 1947 870 2035 simqlaora
884 1959 949 2014 non
960 1949 1060 2038 magio

51 2079 145 2145 quam
158 2056 286 2124 oaleulos
304 2059 357 2145 qui
377 2056 535 2124 littoribus
549 2059 645 2125 moris
659 2083 683 2147 a
698 2057 848 2126 fluetibus
866 2057 1059 2126 accumulari

52 2163 163 2240 solent,
183 2166 393 2254 pertimescant
413 2180 467 2232 aut
482 2180 696 2234 revereantur.
716 2167 797 2234 Satis
817 2169 895 2234 mibi
910 2191 1060 2258 perspoe-
1142 2247 1143 2250 Ἴ

50 2285 116 2342 tum
130 2287 186 2352 est,
202 2276 301 2365 ignem
313 2300 368 2343 eos
382 2299 527 2365 urguere,
542 2289 576 2342 et
591 2274 803 2365 superstitioni
819 2259 995 2342 remedium
1013 2275 1061 2340 ol*

46 2385 123 2453 leno
135 2411 233 2477 possa.
250 2389 333 2478 lgnis
353 2391 386 2454 in
406 2387 512 2455 lucem
532 2400 564 2454 te
582 2389 732 2464 deducet,
749 2388 773 2454 si
791 2388 834 2454 ris
850 2387 911 2454 bno
926 2387 1062 2454 amentia

43 2496 173 2566 liberari.
191 2501 250 2566 llio
264 2501 352 2566 enim
372 2499 528 2589 templum
540 2499 626 2588 quod
641 2499 733 2589 Argis
748 2511 829 2575 erat,
845 2521 907 2565 una
923 2521 997 2566 eum
1018 2519 1062 2564 sa·

41 2608 163 2674 cerdote
175 2609 537 2698 Chryside,'oombussit.
551 2610 612 2676 llio
622 2608 766 2698 Ephesiae
776 2608 883 2676 Dione
891 2605 1060 2698 templum,

40 2717 119 2804 quod
136 2729 209 2806 post
228 2717 428 2784 Amazonum
450 2723 592 2805 tempora
608 2716 784 2782 seeundum
801 2727 883 2790 erat3
900 2713 1062 2783 Romano-

38 2853 166 2919 rumque
188 2831 278 2898 bnud
300 2829 608 3006 sequfflpitobum
631 2829 838 2920 depopulatus
860 2842 917 2896 est.
939 2829 1062 2896 ldema

38 2939 190 3030 Sarapidis
205 2941 280 3007 sano
295 2938 353 3007 Ale
455 2941 575 3010 'aesnon
598 2940 762 3014 abstinuit3
781 2938 945 3010 etBaoobi
965 2936 1063 3004 Eleu-

39 3051 133 3118 tberei
151 3051 326 3118 delubrum
341 3047 473 3117 Athenis
497 3049 608 3116 diruit.v
622 3049 774 3139 Apollinis
792 3063 899 3115 autern
917 3046 1062 3136 Delphici

38 3161 145 3238 dem,
160 3163 268 3252 primo
283 3157 413 3251 quidem
432 3159 570 3250 procella
592 3160 733 3250 disjecit,
757 3161 829 3226 dein
849 3183 924 3227 vero
939 3157 1062 3252 sapiens

38 3272 110 3361 ignis
131 3271 277 3338 funditus
300 3270 425 3337 delevit.
451 3270 554 3360 Atque
576 3270 646 3337 heo
666 3271 724 3337 tibi
746 3269 843 3342 relata
868 3281 954 3343 sunt,
977 3264 1064 3333 velut

8 3463 9 3466 Ἴ
39 3405 144 3452 eorum
158 3382 304 3474 praelntio
326 3405 395 3472 quae
417 3380 585 3472 pollicetur
605 3381 695 3472 ignis.
715 3381 782 3446 Gur
801 3381 897 3446 etiam
922 3379 980 3468 ipsi
998 3371 1065 3444 stass

41 3505 162 3562 tunnmr
176 3493 316 3561 artilioes
334 3517 399 3561 non
416 3493 572 3560 inducunt
588 3493 678 3560 vobis
693 3493 726 3557 in
742 3491 896 3570 animum,
909 3487 1064 3577 quotquot

41 3602 129 3691 paulo
153 3603 352 3672 cordatiores
373 3603 459 3680 estis,
484 3604 618 3669 inertem
645 3595 812 3666 materiam
833 3579 1063 3666 oonteninerel

42 3712 160 3780 Pbidim
179 3713 314 3802 quidem
335 3710 548 3788 Atheniensis,
564 3711 617 3801 qui
634 3709 775 3798 Olympii
793 3709 880 3775 toris
900 3709 997 3798 digito
1011 3710 1063 3774 in-

42 3823 160 3911 scripsit
196 3846 205 3887 ι
234 3844 336 3888 ouans
365 3843 478 3887 turnus
511 3843 667 3892 nunonem
700 3818 829 3884 minime*
842 3820 984 3908 'quidem
1005 3819 1065 3884 Jo-

43 3953 121 4008 tem,
139 3933 197 3998 aed
210 3931 365 4000 amasium
378 3955 471 3998 suum
487 3953 555 3998 esse
569 3928 739 4020 pulchrum
756 3929 944 4020 significans.
962 3929 1067 3996 Praxi.

125 4063 174 4106 ιιι.
853 4062 886 4104 ιι
