2738 4628
824 217 825 220 η
909 197 912 228 t

248 267 288 314 Μ
569 269 682 314 sanum
708 269 821 313 tanum
845 269 905 312 ΗΒ.
932 270 950 312 V

247 386 323 452 risui
345 385 505 453 habentur
523 411 531 453 :
552 388 599 454 sio
618 401 725 454 autem
748 400 781 452 et
801 387 942 454 heretici
956 436 965 464 ,
978 413 991 447 ι
1006 386 1089 452 Caro
1106 396 1138 452 et
1154 385 1288 474 sanguis

245 516 410 585 »regnum
423 498 479 562 Dei
494 496 655 586 possidere
671 521 735 564 non
747 495 913 586 possuut⁴,
930 497 1034 562 »duas
1050 495 1202 562 dictiones
1222 493 1286 559 tol-

245 603 347 672 lentes
358 629 375 672 n
387 606 498 685 Paulo,
512 631 615 695 neque
627 631 754 674 sensum
767 607 908 698 Apostoli
923 619 1163 697 perspexerunt,
1176 627 1289 694 neque

244 717 397 782 virtutem
410 718 585 785 dictionum
597 719 729 785 scrutati
748 731 839 792 sunt;
854 719 941 784 nude
955 729 1061 784 autem
1076 718 1158 806 ipsas
1170 715 1290 782 dictio-

246 847 303 892 nes
315 838 471 903 tenentes,
485 827 569 894 circa
580 850 634 893 eas
647 829 839 903 moriuntur,
852 827 1031 894 universam
1044 825 1289 917 dispositionem

245 934 318 1012 Dei,
334 939 537 1025 quantumin
553 937 627 1026 ipsis
643 949 703 1012 est,
720 949 907 1002 evertentes.

302 1044 358 1113 Sic
376 1047 463 1113 enim
478 1046 605 1136 proprie
622 1045 664 1112 ds
685 1067 780 1112 carne
799 1044 862 1112 boc
878 1045 999 1111 dictum
1020 1044 1140 1119 dicent,
1159 1053 1191 1110 et
1215 1065 1288 1110 non

246 1155 287 1222 do
301 1155 481 1222 carnalibus
497 1155 749 1244 operationibus,
761 1152 1033 1242 quemadmodum
1051 1153 1289 1219 demonstravi-

232 1281 330 1340 ·mus,
344 1266 448 1354 ipsum
459 1265 519 1331 sibi
530 1265 689 1330 contraria
696 1262 884 1352 Apostolum
893 1262 1052 1329 dicentem
1065 1262 1285 1328 ostendentes.

246 1375 300 1442 Ait
311 1375 397 1440 enim
412 1375 520 1442 statim
536 1375 570 1440 in
584 1375 696 1440 eadem
713 1371 846 1462 epistola
863 1373 1109 1439 demonstrative
1128 1373 1166 1438 de
1187 1395 1288 1438 carne

248 1485 294 1550 sic
305 1483 414 1550 dicens
431 1506 439 1550 s
458 1483 623 1573 «Oportet
638 1485 724 1549 enim
739 1453 946 1572 corruptibile
962 1482 1024 1548 hoc
1036 1483 1168 1548 induere
1180 1483 1288 1550 incer

246 1592 446 1683 »ruptelam,
461 1607 495 1659 et
509 1593 642 1660 mortale
659 1593 722 1659 hoc
739 1593 871 1659 induero
895 1590 1175 1658 immortalitatem.
1198 1591 1289 1656 Cum

246 1715 382 1770 »autem
406 1701 541 1770 mortale
562 1703 626 1769 boc
651 1701 791 1768 induerit
812 1700 1097 1778 immortalitatem,
1127 1713 1205 1769 tunc
1226 1701 1290 1768 fiet

246 1842 260 1880 s
276 1837 381 1882 sermo
393 1814 448 1903 qui
459 1815 595 1902 scriptus
605 1827 675 1879 est:
693 1814 850 1902 Absorptn
862 1823 910 1880 est
922 1835 1008 1878 mors
1019 1813 1053 1880 in
1063 1813 1205 1879 victoria.
1221 1811 1289 1878 Ubi

186 1921 195 1938 ⁸
247 1951 261 1989 s
276 1936 325 1990 est
340 1923 567 2002 morsaculeus
585 1924 684 1990 tuus?
699 1925 753 1990 ubi
768 1934 815 1990 est
832 1946 918 1991 mors
934 1925 1064 1991 victoria
1078 1922 1292 1990 tua²l2Haec

246 2045 353 2100 autem
364 2035 449 2122 juste
463 2035 611 2100 dicentur
621 2046 711 2109 tunc,
726 2023 854 2122 quando
866 2033 1007 2100 mortalis
1019 2034 1089 2101 baec
1100 2046 1133 2100 et
1145 2055 1290 2124 corrup-

246 2142 344 2209 tibilis
358 2165 446 2220 caro,
459 2143 544 2210 circa
556 2167 653 2234 quam
667 2154 701 2208 et
715 2166 802 2208 mors
819 2156 880 2220 est,
894 2166 965 2232 quae
980 2154 1012 2210 et
1029 2144 1169 2232 quodam
1181 2143 1292 2210 domi·

246 2253 302 2318 nio
314 2254 425 2320 mortis
435 2277 542 2342 pressa
553 2265 615 2329 est,
627 2253 661 2318 iu
671 2253 769 2319 sitam
780 2253 1016 2330 conscendens,
1031 2253 1169 2318 induerit
1181 2254 1290 2318 incor-

247 2361 405 2453 ruptelam
431 2375 464 2430 et
491 2363 772 2430 immortalitatem.
792 2362 884 2430 Tunc
906 2364 992 2429 enim
1016 2386 1088 2430 sere
1117 2366 1178 2430 erit
1199 2365 1288 2431 ricta

247 2495 346 2549 mors,
364 2473 491 2563 quando
507 2497 544 2540 ea
559 2496 629 2561 quae
644 2473 827 2539 continetur
837 2475 877 2538 ab
893 2495 930 2538 ea
947 2496 1034 2550 earo,
1052 2473 1162 2539 exierit
1177 2472 1217 2538 de
1229 2471 1290 2539 do-

170 2657 174 2666 ,
248 2581 348 2647 minio
363 2582 443 2670 ejus.
459 2582 499 2645 Et
519 2604 627 2645 rursus
640 2580 681 2646 ad
698 2579 914 2670 Philippenses
932 2581 975 2645 nit
991 2602 999 2644 ε
1018 2581 1159 2648 «Nostra
1175 2590 1286 2648 autem

248 2721 261 2753 ι
278 2692 474 2758 conversatio
488 2692 519 2756 in
531 2689 618 2758 coelis
633 2703 697 2765 est:
714 2691 798 2756 unde
815 2705 847 2756 et
862 2689 1059 2756 Salvatorem
1078 2704 1285 2782 expectamus

247 2800 451 2869 »Dominum
473 2800 597 2895 lesum,
619 2801 674 2888 qui
696 2799 933 2890 transfigurabit
955 2821 1071 2890 corpus
1094 2799 1284 2866 humilitatis

247 2941 261 2974 s
278 2917 393 2978 nost'rae
408 2911 571 2978 conforme
589 2913 715 3001 corpori
733 2909 840 3002 gloriae
852 2935 930 2987 suae,
946 2912 990 2977 ita
1006 2924 1040 2977 ut
1056 2913 1154 3003 possit
1171 2933 1284 2980 secun-

248 3051 261 3083 ι
279 3021 355 3087 dum
370 3022 588 3110 operationem
603 3022 727 3088 virtutis
742 3021 837 3088 suae⁸.
859 3020 984 3100 »Quod
1002 3022 1098 3111 igitur
1112 3035 1160 3088 est
1174 3023 1282 3091 humi·

248 3130 344 3198 litatis
362 3153 489 3219 corpus,
507 3131 595 3219 quod
616 3131 853 3221 transfigurabit
875 3131 1030 3197 Dominus
1047 3131 1283 3199 conformatum

249 3239 376 3327 corpori
391 3238 497 3328 gloriae
511 3240 599 3306 suael
614 3239 816 3306 Manifestum
834 3251 883 3305 εει
902 3240 1052 3328 quoniam
1063 3263 1180 3329 corpus
1195 3243 1282 3329 quod

248 3359 297 3414 est
311 3369 399 3424 caro,
419 3349 506 3438 quod
521 3360 553 3415 et
568 3348 755 3416 humiliatur
767 3349 884 3416 cadens
900 3349 933 3415 in
949 3361 1078 3416 terram.
1096 3348 1283 3441 Transfigu-

247 3455 329 3521 ratio
344 3468 451 3522 autem
463 3458 547 3545 ejus,
559 3460 710 3546 quoniam
720 3480 795 3523 eum
807 3457 847 3524 sit
857 3456 998 3525 mortalis
1009 3471 1042 3526 et
1052 3460 1282 3549 corruptibilis,

146 3577 154 3602 ¹
248 3560 435 3628 immortalis
453 3562 490 3628 iit
508 3575 541 3630 et
559 3563 829 3653 incorruptibilis:
845 3587 909 3630 nou
928 3553 1105 3634 secundum
1119 3568 1284 3658 propriam

248 3671 470 3747 substantiam,
479 3673 535 3738 sed
546 3673 722 3740 secundum
733 3674 861 3740 Domini
873 3676 1102 3763 operationem,
1112 3677 1165 3765 qui
1177 3688 1284 3766 potest

249 3777 375 3847 mortali
390 3779 673 3858 immortalitatem,
692 3794 725 3848 et
741 3781 939 3872 corruptibili
955 3785 1155 3853 circumdare
1171 3787 1282 3856 incor-

227 3895 228 3900 ’
281 3922 434 3986 nonan,
445 3925 485 3974 ⁵0.
496 3921 620 3975 -21su.
636 3923 888 3994 ⁵5.-.⁸rnurp.=n‚
903 3939 942 3986 ιο,
954 3941 993 3975 ιι.
