2574 4628
238 259 300 334 rod
499 235 510 260 ⁶
552 275 724 322 conuensis
751 279 960 324 ιιιιιιιιιιιιιιιιι

235 393 343 461 salutis
365 389 582 462 austeritatem
598 396 679 464 ferre
695 419 760 462 non
779 396 939 464 sustinetis
962 419 970 461 ι
989 397 1045 462 sed
1060 401 1236 486 quemodrno’¹

180 529 194 562 s
237 505 314 572 dum
331 505 526 573 dulcioribus
543 507 672 596 quidem
688 508 768 574 cibis
782 506 989 584 delectamur,
1004 531 1118 595 eosque
1134 504 1234 602 proptcl

239 613 339 682 iusitae
351 612 519 703 voluptatis
531 614 695 704 illecebras
706 615 806 706 pluris
817 613 968 690 summust
985 629 1097 702 curant
1107 641 1172 684 vero
1183 615 1234 700 nos,=

237 733 270 792 et
292 721 325 788 in
349 725 468 790 bonnm
491 717 705 792 valetudinem
728 725 900 792 restituunt
921 724 1034 802 umeri,
1062 728 1115 814 qui
1138 751 1237 794 sensio

239 836 398 926 stringunt
413 849 446 902 et
461 849 659 926 exasperent,
677 837 853 926 quinetiam
868 835 1029 904 imbecillo
1049 839 1194 904 stomacho
1203 837 1234 904 lr-

238 946 389 1014 borentos
401 948 586 1013 corroborat
601 959 697 1035 etque
707 947 877 1014 confirmet
888 946 1180 1013 medicamentorum
1188 971 1234 1014 rus

240 1057 349 1122 teritus
364 1080 372 1122 ι
390 1057 435 1124 sic
451 1055 588 1124 deiectat
607 1081 645 1126 uc
661 1059 764 1125 titillet
779 1058 988 1125 consuetudo.
1009 1059 1104 1146 Atqui
1119 1081 1151 1124 ea
1163 1061 1188 1124 in
1200 1061 1235 1126 lu·

196 1225 200 1238 ,
241 1166 387 1232 rothrum
400 1167 577 1256 praecipites
592 1168 669 1258 egit,
682 1169 796 1234 veritus
811 1181 917 1234 eutem
933 1169 966 1233 in
981 1166 1100 1234 uoelum
1113 1167 1234 1236 sustollit:

243 1298 314 1362 quse
328 1277 432 1365 primo
446 1277 577 1366 quidem
592 1279 744 1368 asperior,
761 1293 794 1344 rt
812 1290 899 1346 certe
915 1278 1040 1368 optime
1053 1283 1235 1368 jovonomot

242 1388 365 1454 nutrio:
381 1413 392 1452 :
409 1388 479 1455 hcc
500 1411 594 1479 greve
617 1411 655 1456 ao
676 1389 846 1458 honestum
860 1401 908 1456 est
924 1409 1123 1479 gyneceum,
1136 1390 1235 1479 prudens

245 1523 320 1566 vero
335 1511 473 1566 senatus.
494 1501 561 1568 Nec
575 1523 650 1567 vero
666 1497 803 1567 difficilis
817 1513 865 1566 est
880 1523 1023 1576 accessu,
1041 1511 1096 1565 out
1108 1501 1234 1589 ejusmodi,
1250 1497 1253 1560 l

246 1623 281 1676 ut
296 1632 367 1677 enm
379 1609 524 1677 homines
537 1611 660 1698 assequi
671 1610 759 1676 hund
774 1610 893 1700 possint
909 1634 917 1677 :
935 1609 991 1675 sed
1004 1609 1153 1699 proximo
1163 1609 1235 1685 estin

246 1719 394 1788 domibus
406 1721 534 1798 uostris,
550 1732 595 1797 et,
607 1721 879 1810 quemadmodum
891 1721 995 1786 innuit
1006 1719 1121 1796 Moses,
1129 1719 1171 1784 vir
1181 1715 1235 1782 onni

235 1830 402 1919 ‚supientia
418 1841 562 1905 ornatus,
582 1829 686 1894 tribus
700 1827 815 1894 nostris
830 1827 946 1893 residet
962 1827 1126 1902 memhris,
1146 1851 1157 1884 ι
1172 1821 1234 1889 ιιιιιιί·

249 1941 353 2036 ’¹’¹.¹⁸·
372 1950 405 2004 et
434 1959 502 2014 ore,
524 1949 558 2004 et
583 1938 691 2004 corde.
714 1936 842 2018 »Quod
863 1960 1051 2026 germanum
1070 1947 1117 2002 est
1139 1933 1235 2000 scritti

250 2046 444 2137 symbolum,
465 2048 505 2114 ed
522 2071 618 2138 quem
640 2041 862 2138 complendum
888 2047 1033 2114 universe
1054 2047 1121 2113 lraeo
1134 2046 1238 2111 trissnrt

250 2158 413 2246 requisita,
430 2159 612 2236 consilium,
631 2172 665 2226 et
682 2159 779 2237 ectio,
795 2172 828 2225 et
844 2159 956 2226 oratio.
974 2159 1044 2226 Nec
1065 2181 1136 2224 vcro
1156 2167 1238 2221 motus

251 2291 291 2335 ne
304 2251 334 2335 te
346 2267 661 2359 voluptatumturbn,
675 2293 745 2357 quae
756 2268 862 2334 animo
875 2281 930 2334 tuo
939 2269 1076 2335 subinde
1084 2291 1146 2334 sese
1152 2263 1238 2355 ingerit,

250 2378 435 2468 oramentis
452 2378 591 2445 abducet
609 2401 616 2444 ι
634 2378 721 2444 hnud
736 2379 822 2444 enirn
841 2367 958 2444 inlitus
974 2376 1195 2444 consuetudinis
1206 2395 1239 2438 nr

251 2515 305 2584 gns
317 2491 509 2581 praeteribiss
530 2491 614 2556 sicut
629 2491 732 2578 pueri,
749 2512 825 2558 oum
844 2489 885 2555 ed
900 2488 1022 2556 virilem
1038 2501 1156 2556 aetatem
1170 2507 1240 2575 pene

252 2602 370 2672 neriut.
384 2597 505 2664 ludicro
522 2598 688 2686 abjiciunt.
709 2591 871 2665 Caeterum
879 2599 1020 2688 potentia
1035 2599 1095 2665 Dei
1110 2589 1241 2663 incredilli

256 2707 432 2784 celeritate,
448 2719 481 2772 et
495 2708 727 2785 benevolentia,
744 2710 784 2775 ed
799 2733 895 2800 quum
912 2711 1062 2778 omnibus
1080 2709 1169 2777 facilis
1185 2717 1240 2796 pate·

254 2822 308 2886 bat
323 2819 441 2894 editus,
459 2818 529 2884 orbi
543 2829 703 2884 terrerum
717 2817 863 2896 illucens,
881 2817 1008 2886 salutari
1024 2819 1142 2886 semine
1156 2817 1243 2882 unirer

254 2953 326 2998 sum
343 2928 523 3019 complevit.
542 2929 609 2996 Nec
620 2919 706 2996 enim
718 2941 784 2994 tam
802 2930 917 3019 exigno
931 2931 1084 3020 temporis
1099 2929 1187 3020 spatio
1198 2937 1244 2989 tan-

256 3058 323 3109 tum
339 3064 418 3131 opus
436 3043 555 3129 ubsque
571 3041 677 3107 divina
693 3039 891 3110 Providentia
907 3041 1042 3130 perfecit
1054 3030 1245 3121 Dominus,qti

256 3154 360 3243 specio
375 3164 469 3218 tenus
484 3151 666 3240 despectus,
682 3151 784 3238 reipsa
800 3149 949 3216 odoratus
964 3161 1029 3223 est:
1050 3151 1190 3241 expiator,
1203 3163 1247 3209 sor

259 3277 360 3337 votor,
379 3273 577 3336 mensuetus,
590 3260 733 3332 divinum
745 3257 904 3332 Verbum
923 3283 1016 3326 verus
1029 3261 1096 3326 sinc
1110 3269 1248 3325 controver-

257 3373 301 3439 sie
312 3375 410 3449 Deus,
423 3393 498 3440 cum
512 3371 650 3437 Domino
666 3370 762 3435 totius
778 3369 988 3436 universitatis
1002 3371 1184 3459 edaequutus,
1195 3383 1249 3452 qut·

259 3483 345 3549 niem
360 3484 430 3572 ejus
444 3481 527 3548 filius
545 3495 626 3557 eret,
642 3492 675 3547 et
692 3479 722 3542 V
723 3481 839 3546 erbum
853 3497 925 3546 erat
941 3482 978 3545 in
994 3481 1082 3557 Deo,·
1098 3499 1187 3566 nequo
1199 3489 1250 3538 suu

259 3593 399 3683 primum
419 3592 609 3682 predicatus
628 3589 748 3659 nullum
766 3590 948 3682 impetravit
965 3591 1074 3668 iidem,
1094 3609 1185 3677 nequo
1200 3599 1250 3649 cru

259 3703 395 3768 hominis
410 3725 578 3792 personum
593 3703 755 3780 inductus,
765 3715 796 3767 et
808 3725 827 3768 e
839 3723 934 3769 carne
946 3702 1109 3776 formatus,
1123 3695 1251 3765 saturano

181 3801 188 3816 ⁸
260 3813 324 3904 egit
339 3812 544 3884 humanitatis
552 3827 680 3892 uotum,
697 3813 880 3904 ignoratus:
897 3813 922 3878 is
936 3813 1022 3880 enirn
1035 3805 1251 3902 legitimcdeut·

263 3923 349 4001 tavit,
365 3935 398 3991 et
413 3947 501 3992 suam
514 3938 692 3992 creaturum
704 3925 736 3992 in
752 3923 924 3996 certamine
940 3925 1043 3994 socius
1059 3919 1179 4010 adjuvit.
1195 3912 1252 3979 tun
