2532 4608
356 337 546 386 arnourrun
568 338 630 384 ma.
660 337 714 384 vn.
991 315 1051 384 551

34 465 138 543 iones,
155 477 188 532 et
207 477 243 532 ut
259 463 356 534 semel
372 466 475 534 dicam
487 516 497 544 ,
509 467 605 533 animi
619 451 824 555 impulsiones
835 487 912 554 ,pro
923 464 961 530 iis
975 464 1058 532 'liunt

34 573 115 640 itiam
126 573 334 663 precationes.
348 575 565 656 Quamobrem
576 597 672 640 nemo
686 585 799 662 potum
814 563 1059 648 desideret,'sed

34 681 245 771 >increpatum
260 707 268 748 ε
282 683 339 748 sed
354 705 415 749 noc
427 682 644 748 hereditatem
654 731 663 758 ,
673 703 783 748 verum
795 703 863 746 esse
875 680 1035 747 haeredem
1049 705 1057 746 a
1096 659 1107 678 ”

34 800 65 856 ta
84 813 184 879 neque
198 791 431 880 cognitionem,
457 789 513 856 scd
527 811 643 854 nosse:
660 811 765 878 neque
784 800 907 855 rectam
931 781 1062 877 rempu-

34 895 159 975 olicam,
174 897 230 964 aed
245 896 477 988 rempublicam
494 897 615 986 gerere.
629 897 691 963 Pro
706 896 746 962 iis
755 918 830 987 ergo
846 896 941 962 rebus
950 917 1062 985 preces

34 1004 123 1082 lunt,
136 1027 207 1094 quae
226 1011 397 1096 p'etuntur3
408 1015 448 1070 ¹et
462 1028 500 1071 ca
514 1015 686 1092 petuntur,
702 1025 773 1093 quae
788 1003 970 1092 cupiuntur.
985 1005 1063 1070 Prew

34 1114 87 1181 :eri
117 1125 225 1182 autem
250 1125 284 1179 et
310 1125 458 1203 appetere
484 1112 567 1178 liunt
591 1112 675 1178 inter
695 1135 729 1177 se
753 1105 905 1188 invicem,
934 1113 974 1178 ad
1004 1111 1063 1180 ha·
1173 1129 1180 1154 ¹

34 1221 166 1288 lendum
190 1222 276 1287 hona
295 1233 328 1286 et
348 1244 416 1298 ea,
434 1243 505 1308 quas
533 1221 683 1309 adjuncta
706 1231 800 1296 sunt,
824 1219 1003 1286 commoda.
1033 1221 1063 1285 ls

34 1333 134 1419 'taque
146 1330 202 1419 qui
214 1330 392 1419 cognitione
407 1335 558 1417 tanquam
568 1328 765 1418 possessione
777 1327 912 1420 quadam
928 1339 976 1392 cst
986 1331 1064 1417 prm'-

34 1437 125 1514 ditus,
146 1449 180 1504 et
194 1437 275 1526 petit
291 1447 324 1504 at
339 1449 488 1526 precatur
505 1460 543 1504 ea
558 1457 628 1524 quae
645 1447 721 1502 sunt
738 1458 811 1500 vere
828 1437 932 1512 bona,
945 1457 1063 1525 nempe

34 1565 105 1613 tona
121 1546 251 1624 animae,
268 1545 334 1635 ipse
350 1568 477 1635 quoque
492 1561 666 1634 cooperans
684 1557 720 1610 ut
737 1545 902 1634 perveniat
913 1544 955 1610 ad
969 1544 1065 1611 habi-

35 1678 89 1720 um
109 1655 260 1721 bonitatis
271 1665 338 1730 ,ut'
354 1676 420 1720 non
441 1650 576 1742 amplius
594 1653 712 1719 habeat
729 1655 814 1720 bona
832 1665 985 1740 tanquam
1006 1647 1064 1719 ali-

34 1787 97 1852 [uas
112 1756 280 1851 adjunctas
294 1761 494 1850 disciplinas,
509 1762 576 1849 ipse
588 1773 696 1826 autem
712 1761 753 1824 sit
767 1761 882 1825 bonus.
904 1761 1062 1840 Quocirca
1183 1825 1187 1830 .

34 1893 76 1935 ms
93 1864 234 1934 maaiin'e·
247 1869 339 1934 decet
355 1867 479 1955 precari
493 1868 547 1955 qui
561 1868 666 1933 Deum
684 1879 805 1932 norunt
820 1879 857 1931 ut
872 1879 998 1955 oportet
1008 1885 1023 1943 ,·
1033 1881 1066 1934 et

34 1978 52 2042 ti
68 1988 243 2067 congruam
257 1975 378 2041 habent
393 1976 559 2052 iirtutem,
577 1976 630 2064 qui
643 1976 748 2042 sciunt
759 1997 906 2064 quaenam
917 1977 981 2041 sint
992 1996 1066 2043 vere

34 2087 107 2152 oona
120 2095 138 2162 ,'
151 2096 185 2150 et
200 2105 270 2173 quae
285 2084 349 2150 sint
362 2083 519 2173 petenda,
540 2093 573 2148 et
594 2083 742 2171 quando,
764 2095 798 2148 ct
816 2079 978 2173 quomodo
999 2076 1067 2151 sin·

34 2191 105 2284 gule.
130 2193 189 2259 Eat
208 2203 315 2259 autem
338 2202 479 2258 extrema
498 2191 642 2268 inscitia,
660 2193 702 2257 ab
723 2191 760 2257 iis
775 2192 829 2281 qui
850 2214 917 2258 non
934 2205 1008 2259 sunt
1023 2192 1067 2259 dii

34 2325 175 2390 anquam
190 2327 207 2368 a
223 2300 282 2367 diis
293 2313 419 2390 petere3
434 2311 490 2367 aut
504 2323 575 2388 quae
589 2322 654 2365 non
667 2312 742 2366 sunt
754 2298 842 2366 utilia
853 2315 981 2389 petere,
995 2325 1067 2391 quae

34 2409 83 2476 ihi
94 2407 267 2476 mela'sunt
278 2409 337 2474 sub
353 2409 458 2498 specie
470 2408 545 2474 boni
557 2407 744 2497 flagitantes.
761 2408 852 2474 Unde
866 2410 981 2475 merito
994 2406 1068 2477 cum

34 2517 64 2583 it
79 2541 162 2583 nnus
181 2519 284 2584 bonus
304 2517 408 2594 Deus,
426 2519 466 2584 ali
490 2517 614 2605 ipsoex
634 2517 725 2582 bonis
747 2515 806 2583 alia
829 2516 959 2607 quidem
978 2518 1069 2583 nobis

34 2624 111 2702 lari,
125 2624 185 2692 alia
193 2648 270 2692 vero
283 2646 470 2715 permanere
480 2674 489 2701 ,
501 2647 673 2714 precamur
683 2621 741 2691 nos
752 2635 785 2690 et
796 2624 908 2714 Angeli
918 2674 928 2702 ,
937 2625 994 2691 sed
1004 2647 1070 2692 non

34 2731 177 2804 imiliter.
196 2733 266 2800 Non
281 2745 330 2799 cst
340 2734 428 2799 enim
443 2732 529 2799 idem
539 2781 549 2809 ,
561 2744 671 2822 petere
683 2744 718 2797 ut
729 2733 850 2799 donum
863 2744 1068 2823 permaneat,

34 2851 120 2928 itque
143 2843 183 2907 ab
205 2842 295 2907 initio
317 2854 354 2907 ut
379 2840 413 2907 id
438 2841 632 2930 accipiamus
652 2842 857 2908 contendere.
883 2842 1069 2923 Quinetiam

34 2946 149 3014 iversio
163 2959 196 3012 et
215 2947 356 3035 depulsio
371 2947 549 3025 malorum,
565 2960 615 3015 est
637 2950 757 3038 species
779 2937 991 3039 precationis,
1013 2949 1070 3015 sed

34 3078 62 3122 aa
75 3055 258 3144 precatione
269 3077 431 3143 nunquam
441 3069 490 3122 est
501 3056 657 3122 utendum
668 3057 709 3123 ad
720 3057 874 3123 damnum
885 3055 996 3123 homin
1001 3079 1066 3132 um,
1079 3071 1082 3078 “

34 3163 87 3230 nisi
102 3148 233 3251 justitia}
248 3184 358 3228 euram
373 3185 486 3250 gerens
502 3163 692 3241 Gnosticus,
710 3164 871 3252 dispenset
886 3164 974 3231 hanc
989 3166 1082 3255 peti-'

34 3270 148 3338 ionem
163 3270 200 3335 iis
212 3270 266 3359 qui
279 3267 355 3336 mali
366 3292 495 3336 sensum
509 3282 676 3340 exuerunt.
691 3272 746 3337 Est
758 3295 835 3361 erge
847 3323 856 3348 ,
869 3285 906 3337 ut
918 3273 1070 3340 audacius

34 3377 332 3467 tempsanum,
356 3399 430 3443 cum
453 3379 522 3444 Deo
542 3379 772 3445 conversatio¹.
798 3381 906 3460 Quare
927 3378 1001 3447 licet
1016 3359 1089 3447 su-0

34 3498 207 3570 mrrpntes,
219 3498 251 3552 et
266 3507 327 3552 nco
341 3483 429 3551 labra
441 3485 572 3575 quidem
586 3489 762 3577 aperientes
777 3489 873 3555 tacite
887 3487 1069 3578 loquamur,
1107 3565 1111 3573 Ι

34 3607 112 3662 ntus
128 3593 343 3660 clamavimus.
356 3591 542 3673 Quamlibet
552 3592 638 3662 enim
647 3596 812 3662 internam
824 3594 1070 3684 callocutionem

34 3703 115 3770 dens
129 3703 257 3768 exaudit
271 3713 435 3792 perpetuo.
459 3701 542 3769 llinc
558 3713 591 3768 et
606 3715 751 3792 caputet
772 3727 884 3774 manus
902 3703 935 3772 in
952 3706 1070 3773 coelum

34 3810 255 3887 extendimus,
277 3823 311 3876 et
332 3809 428 3899 pedes
452 3811 627 3879 excitamus
651 3812 683 3878 in
710 3809 820 3880 ultima
842 3812 1069 3883 acclamatione
1190 3821 1192 3826 ’

66 3938 78 4006 ξ
94 3940 160 3990 Vide
171 3939 365 4006 D.Gnillon,p.
382 3944 441 4004 619.
