2448 4610
197 187 261 268 456
509 195 683 254 cnsusttrrs
708 205 923 253 rnuxrttctttttr

198 321 321 387 rationo
336 321 527 388 esurientem
544 321 619 399 alet,
636 323 753 390 sitienti
771 334 883 410 potum
897 320 966 395 det,
982 317 1096 386 nudum
1111 327 1203 384 ωηεν

198 441 264 520 got,
276 430 479 520 peregrinum
489 429 628 521 colliget,
641 455 712 520 quae
723 432 782 498 nisi
794 433 865 520 quis
877 430 973 498 iaciat
983 428 1085 518 ignem
1091 425 1208 492 comni-.

198 550 292 604 netur
305 551 338 603 et
353 540 498 606 tenebras
519 539 721 617 exteriores¹,
741 540 767 608 si
782 541 917 628 quimus
932 538 1001 626 ipse
1018 535 1099 624 prior
1111 534 1207 611 hm.

199 646 342 712 omnium
352 670 470 736 egenus
485 647 646 714 estiterit?
663 649 750 728 Quin
766 660 800 716 et
814 649 880 736 ipse
894 645 999 734 excipi
1014 667 1047 710 se
1059 642 1176 730 bospitio
1203 644 1213 700 .’

146 743 158 768 ⁸
198 753 352 822 Zeoohaeo
364 756 456 844 jubet
466 768 498 822 et
508 755 670 833 Metthaeo,
682 758 738 846 qui
751 757 862 822 divites
873 765 980 821 essent
991 763 1025 818 et
1038 747 1186 840 publicanti.

200 867 248 932 Ac
263 864 392 954 quidem
408 865 567 933 dimittere
581 891 637 933 eos
652 867 803 956 pecunias
825 889 889 932 non
911 865 1022 954 jutets
1040 860 1094 928 sod
1203 948 1208 957 Ι

201 976 285 1061 justo
306 975 426 1063 judicio
450 973 621 1064 ablatoque
638 977 772 1066 injusto,
794 974 985 1065 subjungit:
1003 969 1126 1038 «Hodie
1147 1000 1157 1025 ι
1168 1000 1194 1031 ι

202 1083 306 1153 »huic
321 1084 429 1150 domui
442 1083 524 1152 suctu
540 1097 601 1162 est,
616 1108 656 1151 eo
671 1084 759 1173 quod
773 1095 806 1150 et
822 1084 889 1172 ipse
904 1080 990 1148 iilius
1006 1076 1140 1148 strate
1151 1103 1176 1138 ιι

202 1217 278 1261 vero
293 1193 402 1260 laudet
416 1195 624 1283 pecuniarum
636 1218 742 1271 usum,
755 1206 792 1260 ut
803 1216 878 1262 cum
889 1192 951 1260 huc
963 1189 1134 1279 adjectione
1165 1224 1168 1241 ι

204 1305 451 1371 munientionem
466 1305 639 1393 praecipiet,
656 1315 769 1393 potum
783 1303 860 1369 dere
875 1302 1006 1378 sitienti,
1022 1298 1157 1366 esurienti

205 1435 279 1479 nem
292 1413 446 1502 praeisore,
456 1413 670 1502 peregrinum
681 1413 853 1500 suscipere,
867 1411 990 1478 nudum
1006 1409 1124 1476 vestire.
1138 1407 1172 1486 Qr

205 1523 231 1588 si
245 1522 314 1590 haec
328 1543 423 1588 nemo
437 1522 545 1588 munis
559 1523 684 1609 absque
699 1521 843 1609 pecuniis
855 1518 986 1610 explere
1003 1529 1116 1608 potest,
1131 1519 1140 1604 j

206 1655 268 1722 que
283 1643 319 1697 ut
334 1630 468 1698 divortio
483 1631 568 1698 secto
583 1629 652 1698 illes
665 1629 899 1720 relinquemust
915 1629 996 1719 quid
1009 1627 1108 1703 eliud,
1121 1651 1171 1714 qr-

207 1740 281 1808 fecit
302 1739 469 1817 Dominus,
492 1761 589 1828 quem
610 1751 647 1805 ut
669 1739 781 1808 eedem
803 1738 879 1805 dere
893 1749 927 1804 et
947 1761 1017 1804 non
1032 1737 1105 1802 dere
1122 1757 1172 1824 ιιι
1193 1814 1197 1823 Ι

208 1845 293 1914 olere
311 1859 344 1914 et
364 1871 430 1914 non
452 1845 549 1925 alere,
566 1849 726 1937 suscipere
741 1861 775 1916 et
791 1871 854 1915 non
874 1847 1054 1936 suscipere,
1096 1876 1102 1904 ι
1117 1876 1168 1901 ι

99 1980 100 1984 ’
208 1955 927 2036 esreetnoncommunicereiQuotiomuium
937 1954 1179 2022 insulsissimum

251 2064 338 2132 xlv.
356 2064 427 2132 Nou
439 2089 515 2154 ergo
527 2067 715 2155 abjiciendae
730 2076 804 2132 sunt
821 2089 911 2156 opes,
924 2089 997 2154 quer
1012 2075 1047 2132 et
1064 2065 1095 2130 in
1121 2098 1124 2119 ι

210 2173 326 2244 cedunt
342 2173 511 2240 utilitatem
529 2199 537 2240 r
556 2175 675 2244 etenim
694 2176 906 2264 possessiones
923 2175 1090 2250 dicuntur,
1103 2171 1162 2260 quir

209 2307 283 2350 rum
300 2306 337 2352 ee
353 2280 474 2350 indoles
488 2294 537 2349 est
552 2294 588 2350 ut
602 2283 840 2372 possideanturr
855 2283 987 2370 insuper
998 2305 1076 2372 opes
1090 2303 1138 2369 apr
1150 2282 1167 2334 ei

118 2383 123 2390 ⁸
209 2406 263 2462 tur
274 2393 347 2481 quie
358 2391 583 2481 opemserunt,
595 2404 628 2460 et
639 2393 785 2462 humenis
797 2393 905 2460 suibus
917 2405 994 2458 sunt
1009 2416 1028 2458 s
1041 2392 1134 2458 Deos

209 2503 354 2569 modste.
379 2501 478 2568 Porro
501 2501 616 2568 divitiae
638 2525 677 2576 uc
697 2525 775 2592 opes
793 2513 908 2591 praesto
930 2515 1007 2568 suut
1022 2502 1175 2587 subjacent

210 2606 295 2678 velut
316 2610 448 2676 materie
463 2611 610 2697 quedem
630 2624 662 2678 et
682 2612 944 2688 instrumentum,
973 2611 1053 2678 boni
1074 2631 1140 2676 usus
1163 2638 1181 2659 ιι

209 2717 313 2786 standi
332 2740 438 2795 euuse,
455 2718 504 2784 his
516 2719 570 2807 qui
585 2720 650 2786 rim
665 2720 867 2790 instrumenti
883 2722 997 2788 soient.
1013 2719 1050 2786 si
1065 2742 1102 2785 ex
1115 2715 1187 2782 ertit·

211 2831 350 2898 tionibus
366 2829 477 2906 uteris,
494 2829 658 2896 artificiale
672 2842 738 2905 ests
753 2832 779 2898 si
795 2843 863 2898 erte
873 2853 998 2907 cereas,
1015 2827 1162 2918 imperitis
1176 2854 1185 2875 ¹-

211 2941 314 3008 iubem
336 2937 508 3013 contrahit,
529 2961 604 3004 oum
625 2939 665 3004 sit
683 2939 790 3026 ipsum
808 2941 850 3006 nb
871 2940 959 3004 omni
977 2939 1117 3004 immune
1142 2966 1152 2989 ι
1173 2960 1175 2973 ⁸
1201 2994 1204 2999 ,

210 3049 303 3118 Telos
319 3048 435 3114 divitie
450 3071 577 3137 quoque
592 3061 685 3122 sunt;
710 3049 959 3118 instrumentum
976 3063 1061 3116 sunt.
1079 3047 1163 3114 Potes
1177 3056 1195 3077 ·’

213 3160 259 3226 uti
273 3157 393 3248 justitie
404 3157 548 3224 comite?
559 3158 600 3222 ed
616 3157 775 3246 justitiam
786 3159 938 3226 ministrae
956 3171 1043 3224 sunt.
1062 3157 1152 3224 Utitur
1169 3184 1178 3195 ι

213 3267 273 3335 iltis
287 3291 325 3334 ee
336 3290 401 3333 non
414 3267 553 3333 oomitei
563 3267 714 3336 ministrae
728 3291 836 3336 rursus
848 3268 931 3334 fiunt
944 3267 1111 3355 injustitie.
1124 3263 1154 3332 lti
1170 3253 1199 3273 '

213 3377 301 3446 enim
316 3399 355 3443 ex
370 3374 477 3442 indole
491 3388 540 3444 est
555 3387 590 3440 ut
604 3375 790 3453 inserviunt,
807 3399 871 3444 non
887 3390 923 3442 ut
938 3377 1069 3466 praesint
1082 3384 1131 3442 sut
1159 3402 1176 3425 ι

211 3498 294 3552 rent.
314 3485 397 3552 Cum
421 3485 518 3574 igitur
536 3506 612 3573 opes
632 3507 672 3555 ex
691 3509 724 3553 se
745 3507 849 3574 neque
867 3488 991 3552 bonum
1009 3477 1181 3574 nequeunti

169 3665 171 3669 ,
212 3595 362 3672 habeant,
386 3609 481 3684 etque
502 3595 589 3662 omni
612 3607 726 3662 vacent
749 3595 897 3672 crimine,
924 3595 1014 3662 hnud
1035 3592 1147 3685 ipsaevi
1179 3622 1181 3631 ι
1211 3600 1212 3627 ³

213 3702 319 3772 rande
334 3717 425 3779 sunit
440 3705 497 3771 sed
512 3703 599 3792 quod
614 3727 672 3771 suo
694 3705 864 3781 arbitratu,
881 3716 913 3772 ot
934 3729 953 3772 a
970 3729 1006 3772 se
1025 3704 1082 3774 iltis
1094 3704 1161 3771 betto
1173 3698 1208 3760 fl

222 3809 223 3812 Ἴ
245 3831 360 3883 tttsttt.
374 3847 432 3892 xxv,
444 3832 483 3883 55.
496 3831 620 3885 -2tuc.
632 3849 657 3898 v,
669 3849 776 3900 293111,
788 3836 812 3883 5.
