2382 4592
331 231 523 290 sraouirnu
545 236 605 287 arn.
633 243 661 284 rr

19 407 195 424 ......
219 373 230 424 ;
256 409 263 423 .
292 409 299 422 .
328 409 336 424 .
362 409 369 423 .
396 413 404 428 .
426 363 534 427 Nullus
545 375 576 426 et
589 368 690 446 ipsum

8 463 148 524 ¹Mortalis
162 465 281 539 oernit,
298 481 407 526 rerum
421 482 527 524 omnes
541 465 646 545 ospioit
659 463 735 543 ipse,

8 577 121 672 persius
139 591 251 645 autem
272 578 466 669 subjungite

18 707 84 766 Non
98 705 188 766 video
203 706 313 782 huno,
330 707 442 768 solidus
456 708 572 788 positus
584 724 653 765 nam
669 705 792 766 nimbus
804 708 834 766 i'n
847 706 953 768 orbem
966 713 1022 770 esi.

16 807 150 884 Namque
167 806 297 888 pupilles
316 808 412 868 oeulis
427 806 585 868 hominum
599 806 776 868 mortalibus
790 808 894 869 insunt

17 909 118 966 Parvae
129 917 162 967 et
175 907 325 968 mortales
341 927 350 968 ι
363 909 400 969 iis
413 910 517 968 insunt
528 925 599 965 nam
614 926 684 968 earo
699 919 731 968 et
743 925 821 967 ossa.

8 1047 108 1113 squas
130 1024 218 1091 diota
243 1035 322 1091 sunt
347 1025 428 1090 feret
452 1023 670 1091 testimonium
695 1023 865 1115 Apostolus
891 1024 1024 1094 dicensi

13 1133 87 1200 Nori
101 1132 273 1198 hominem
296 1134 333 1198 in
350 1132 477 1199 Christo
492 1143 619 1222 raptum
635 1156 736 1222 nsque
753 1133 795 1200 ad
813 1135 943 1200 tertium
959 1153 1027 1201 ooes

8 1239 83 1316 um,
98 1252 131 1305 et
145 1238 235 1306 illine
247 1241 283 1306 in
296 1240 504 1318 Paradisum,
517 1241 571 1329 qui
583 1241 704 1306 audivit
715 1243 812 1308 verba
828 1266 942 1309 aroana
956 1255 1026 1331 qum

8 1371 64 1414 non
73 1347 283 1416 lieethomini
296 1346 402 1438 loqui¹
419 1357 428 1415 't
442 1349 511 1415 »sio
525 1348 718 1437 significans,
729 1349 833 1416 Deum
847 1352 949 1416 verbis
959 1375 1027 1419 non

8 1479 70 1522 osse
81 1455 226 1545 explicari
242 1482 251 1523 r
265 1481 336 1522 non
348 1469 478 1546 propter
492 1454 594 1546 legem
605 1469 639 1522 et
651 1468 778 1523 metum
794 1457 929 1548 alicujus
941 1477 1028 1548 prae'-

8 1564 62 1653 epti
70 1615 79 1641 ,
88 1563 183 1642 illud,
197 1589 261 1631 oon
275 1565 367 1643 licet,
380 1565 550 1653 adjiciens,
563 1565 621 1632 sed
633 1577 744 1632 sancta
757 1577 914 1656 potestate
920 1568 1025 1636 Deum

8 1672 78 1738 erbis
92 1673 254 1740 enuntiari
270 1696 339 1739 nou
360 1696 451 1762 posse
476 1671 620 1738 indicans
645 1697 654 1737 τ
673 1673 829 1760 siquidem
846 1698 942 1764 super
961 1688 1028 1742 ter·-

8 1801 57 1844 um
78 1781 196 1846 eaelum
218 1781 364 1850 enarrari
388 1780 519 1868 incipit,
539 1791 576 1844 ut
601 1780 647 1846 ias
670 1792 719 1845 est
741 1781 779 1845 iis
799 1782 853 1869 qui
877 1781 941 1849 illio
955 1791 1030 1850 sun't

8 1883 90 1954 ecus
112 1891 238 1956 animas
262 1889 389 1956 initiare
410 1887 548 1954 sacris...
566 1887 614 1954 De
630 1885 721 1954 Deo¹
738 1888 825 1955 enim
841 1888 917 1956 dicit
934 1895 1028 1980 poe'te

8 1997 225 2086 grigentinusd

20 2141 109 2202 Ilium
124 2163 190 2204 non
203 2144 301 2205 oeulis
313 2145 423 2206 nostris
439 2121 627 2224 apprendere
639 2142 681 2201 ias
693 2144 754 2218 est,

20 2243 76 2304 aot
90 2245 255 2318 manibus,
269 2247 317 2305 ria
332 2263 399 2321 quse
411 2261 516 2302 revera
528 2252 575 2302 est
589 2245 736 2318 maxims,
749 2247 866 2304 mentes

20 2331 57 2402 Ui
68 2345 199 2404 credant
213 2343 395 2419 hominum,
414 2361 482 2421 quae
497 2361 568 2402 mox
583 2342 732 2402 deducere
745 2345 849 2423 possiti

9 2475 173 2543 tJoannes
195 2475 391 2566 Apostoluss
414 2476 543 2543 «Deum
558 2496 654 2540 nemo
676 2473 754 2542 vidit
768 2499 932 2565 unquam:
955 2482 1026 2548 uni·

10 2585 124 2672 genitu
139 2585 242 2660 Deus,
256 2584 309 2673 qui
325 2595 373 2649 est
388 2583 421 2649 in
436 2583 507 2648 sinu
521 2583 619 2672 patris
630 2632 639 2659 ,
652 2579 705 2648 ilie
720 2584 898 2673 exposuit⁸.
912 2614 925 2649 a
941 2587 1024 2656 Cum

10 2695 84 2757 niem
103 2692 138 2758 id
158 2692 248 2782 quod
268 2689 493 2781 inaspectabile
516 2702 549 2755 et
568 2685 727 2756 ineffabile
748 2703 812 2768 est,
836 2673 901 2760 Do·
922 2695 1022 2763 sinum

11 2801 193 2878 ominasset,
211 2799 291 2866 hino
312 2797 441 2888 quidam
457 2822 533 2865 eum
545 2797 738 2890 profundum
760 2815 971 2882 vocaverunt,
988 2797 1025 2871 ui

11 2907 37 2972 oi
55 2910 158 2976 omnia
176 2908 475 2999 comprehenderit,
498 2917 531 2972 et
551 2905 648 2972 veluti
672 2907 744 2972 sinu
759 2908 945 2998 complexus
961 2914 1020 2990 sit,

12 3037 43 3081 eo
59 3019 156 3105 possit
179 3019 252 3108 quis
270 3040 346 3083 eum
368 3016 512 3104 assequi,
535 3027 568 3080 et
589 3015 630 3079 sit
648 3014 802 3080 infinitus.
820 3017 877 3082 Est
892 3019 1022 3105 quidem

12 3133 67 3187 erte
76 3125 144 3192 haeo
156 3126 198 3191 de
208 3126 277 3192 Deo
291 3124 463 3213 disputatio
475 3133 615 3189 tractatu
627 3119 824 3188 difficillima.
842 3124 924 3190 Cum
936 3128 1022 3194 euim

12 3229 116 3317 ujusvis
129 3234 175 3298 rei
188 3233 383 3323 principium
396 3231 527 3298 inventu
544 3225 638 3320 longo
655 3229 696 3295 sit
708 3227 930 3297 difficillimum
945 3256 953 3298 :
972 3245 1022 3300 est

13 3348 67 3402 erte
87 3343 217 3407 omnino
239 3342 380 3430 primum
403 3351 435 3405 et
452 3338 706 3427 antiquissimum
728 3337 920 3427 principium
935 3339 1016 3407 diffi-

13 3440 43 3509 de
56 3446 93 3512 ad
108 3448 415 3526 demonstrandum,
433 3445 520 3536 quod
536 3446 666 3535 quidem
681 3457 729 3510 est
748 3445 844 3511 etiam
860 3445 926 3512 aliis
946 3471 1018 3514 om-

14 3549 72 3618 ibus
92 3579 183 3624 causa
209 3571 246 3624 ut
266 3557 344 3626 liant
362 3570 394 3624 et
416 3556 499 3624 facta
524 3555 596 3622 sint.
624 3553 903 3634 Quemadmodum
931 3558 1016 3625 enini

24 3676 239 3750 ¹aCor.xrr,a,
255 3693 278 3749 4.

24 3763 95 3834 'hg-
105 3773 156 3838 694
170 3786 195 3824 et
207 3790 257 3838 seq.

26 3848 106 3910 'Joan
122 3879 144 3919 1,
160 3865 197 3912 re.
