2546 4614
234 295 298 373 4⁵⁰
642 315 667 356 e.
695 312 862 358 nrrronrrr

232 435 333 511 sonte,
350 449 406 502 aut
420 423 545 503 radium
562 462 579 503 a
598 435 685 501 sole:
701 459 763 501 una
782 435 871 500 enim
885 437 972 502 virtus
983 459 1016 502 nx
1028 451 1154 508 totnztotu

232 567 310 610 vero
321 544 428 621 Pater,
440 569 552 632 exque
563 545 663 610 virtus
675 542 822 610 Verbum
835 565 844 607 ε
858 545 917 610 hoo
925 569 989 610 vero
998 551 1158 623 menesium

234 681 300 734 eus,
320 657 374 744 qui
389 657 535 745 prodiens
553 657 585 721 in
604 656 777 731 mundum,
795 667 935 720 ostensus
948 669 988 720 est
999 656 1161 725 Puerbei.0n

234 767 287 835 nia
303 768 398 855 igitur
411 790 467 855 per
481 789 555 831 eum
571 765 655 831 faeta
672 778 760 842 sunt,
774 767 843 854 ipse
862 765 1162 856 solmerPatregenitu¹.

236 877 317 956 Quis
327 899 402 965 ergo
413 875 533 963 profert
543 873 785 941 multitudinem
797 875 1010 962 deorumque
1023 899 1067 962 per
1074 877 1165 941 curriui

234 1000 412 1075 temporum
425 982 556 1073 appulsa
568 983 651 1049 iuitij
662 983 786 1048 Omnes
798 986 889 1048 enim
899 1006 935 1047 eo
949 984 1045 1048 redacti
1057 985 1165 1056 suntinrb',

235 1109 272 1162 ut
284 1096 388 1162 dicant
405 1095 514 1172 omnia
531 1093 572 1159 ad
589 1117 690 1158 unum
705 1117 891 1169 recurrere,
910 1095 995 1158 etiarn
1010 1093 1167 1158 seeundmi'n

233 1203 403 1282 lentinum,
415 1215 448 1270 et
464 1201 670 1277 Marcionem,
683 1213 716 1267 et
729 1201 939 1276 Corinthum,
951 1212 981 1266 et
992 1224 1084 1266 omnen
1097 1199 1164 1264 iiiam

234 1313 468 1401 nugacitatem
482 1324 515 1377 et
528 1311 594 1377 hue
605 1309 750 1376 nolentes
762 1311 963 1385 reciderunt,
974 1323 1004 1373 ut
1014 1311 1163 1374 manonninn

234 1445 364 1491 oausam
380 1421 604 1488 confiteantur.
623 1420 724 1508 igitur
742 1420 874 1486 veritati
897 1417 1026 1487 nolentes
1041 1419 1160 1488 nouerim

234 1557 302 1599 esee
318 1531 440 1599 seilicet
452 1553 553 1596 unum
572 1529 689 1606 Deum,
702 1531 757 1619 qui
775 1530 857 1596 secit
872 1530 978 1596 omnia
995 1529 1052 1593 sieut
1062 1525 1158 1589 roiritffae

98 1610 104 1622 Ι
127 1727 133 1741 Ι
235 1654 343 1708 autem
358 1642 445 1708 dedit
460 1641 578 1730 Legem
592 1652 626 1706 ot
639 1637 835 1728 Prophetas;
856 1652 892 1705 et
906 1639 1007 1704 dando
1019 1637 1073 1723 aipit
1083 1635 1151 1718 repr

237 1752 391 1842 Spiritum
403 1763 549 1817 sanctum
565 1749 664 1838 loqui,
678 1762 714 1815 ut
729 1751 931 1839 accipientes
943 1749 1047 1816 virtutis
1054 1740 1153 1834 paenu-

239 1861 458 1950 apirationem‚
475 1857 642 1926 eonsilium
656 1873 690 1923 et
704 1857 909 1926 voluntatem
923 1861 1015 1926 Patris
1028 1857 1140 1922 nuntiarat
1214 1820 1216 1886 i

280 1972 357 2038 Xli.
377 1971 478 2039 inhio
494 1970 588 2060 igitur
606 1969 749 2036 Verbum
768 1973 970 2047 versabatur,
985 1969 1081 2057 loquens
1093 1961 1163 2048 bito
1212 1886 1216 2019 i

237 2082 309 2148 Jam
328 2081 414 2146 enim
438 2081 504 2168 ipse
529 2103 604 2146 auus
626 2101 731 2167 praeoo
752 2092 822 2144 erat
828 2106 839 2154 ;
861 2080 1079 2164 ostendebatque
1093 2072 1170 2134 summ
1214 2059 1216 2130 Ι

235 2213 316 2265 esse,
334 2201 370 2255 ut
384 2189 530 2256 Verbum
553 2190 585 2254 in
600 2189 783 2256 hominibus
805 2201 984 2279 appareret
1000 2181 1127 2254 ideiraosio
1137 2173 1171 2240 a

236 2301 345 2366 mabat
375 2324 413 2364 :r
434 2298 551 2367 Factus
566 2321 637 2364 sum
660 2298 848 2366 manifestus
872 2301 911 2366 iis
934 2299 985 2387 qui
1004 2318 1056 2362 non
1068 2287 1173 2379 qoaeoeitti

238 2433 335 2484 »mm
357 2410 503 2475 inventus
525 2432 597 2474 sum
619 2409 659 2484 ab
680 2408 717 2473 iia
739 2409 880 2496 quinon
899 2392 1169 2495 interrogabantnob·

239 2521 318 2600 Quis
331 2541 405 2584 vero
417 2518 530 2606 estqui
542 2519 644 2584 suetus
654 2529 703 2583 ost
715 2511 919 2598 manifestus,
932 2519 989 2585 nisi
998 2499 1175 2583 vertunno?

238 2628 323 2716 quod
336 2651 412 2694 eum
431 2628 524 2694 Pater
542 2629 639 2704 misit,
657 2640 848 2716 potestatem
871 2654 962 2697 suam
979 2611 1173 2694 ostendamini

237 2739 306 2804 bus.
322 2736 376 2802 Sin
399 2736 495 2824 igitur
514 2737 700 2804 factumest
723 2738 930 2806 manifestum
949 2738 1079 2806 Verbum,
1092 2728 1137 2792 §50⁰¹
1148 2717 1172 2782 Vi

237 2848 349 2913 boatus
360 2846 521 2912 Joannes:
546 2846 662 2933 repetit
679 2847 765 2912 euim
783 2849 1043 2934 summatimque
1059 2824 1176 2919 airopiffl

239 2956 322 3022 dieta
335 2967 422 3030 sunt,
437 2955 657 3022 demonstrans
669 2954 732 3020 boe
743 2977 813 3022 ease
823 2955 980 3030 Verbum,
991 2976 1042 3042 per
1052 2944 1111 3037 qnod
1120 2933 1175 3004 ouri

240 3064 323 3130 foeta
336 3075 427 3130 sunt:
440 3063 486 3130 sio
497 3063 583 3128 enim
595 3063 639 3128 ait
652 3087 661 3126 :
672 3065 730 3129 «in
741 3065 902 3154 principio
912 3076 979 3132 eret
988 3043 1177 3128 verbunetitt

238 3178 345 3243 abum
364 3189 432 3242 erat
448 3174 534 3264 apud
545 3175 662 3248 Deum.
675 3188 710 3240 et
726 3175 811 3242 Deus
825 3189 897 3242 erat
913 3176 1051 3243 Verbum·
1063 3162 1176 3242 ΟΜΝ
1214 3194 1216 3242 ἵ

240 3286 371 3374 »ipsum
385 3283 565 3358 factasunt,
578 3285 691 3350 etsine
706 3284 774 3373 ipeo
791 3284 914 3351 factum
923 3297 970 3352 est
980 3278 1072 3348 nibil'.
1087 3259 1177 3337 »Etinb

240 3397 303 3462 ait:
324 3421 337 3454 a
355 3393 491 3460 Mundus
506 3415 563 3482 per
582 3395 686 3481 ipsum
703 3392 805 3460 faetus
823 3407 885 3471 est,
904 3407 937 3460 et
954 3391 1070 3460 mundus
1082 3399 1131 3448 eum
1144 3388 1176 3436 Μ

240 3533 253 3566 ι
270 3505 426 3594 cognovit.
442 3505 480 3569 ln
497 3503 624 3592 propria
638 3504 736 3580 venit,
749 3516 781 3570 et
792 3505 839 3571 sui
850 3528 925 3574 eum
938 3529 997 3572 non
1007 3481 1174 3584 reoepettfli'·'

240 3611 274 3678 si
285 3614 438 3688 mundus,
450 3613 564 3701 inquit,
578 3638 637 3702 per
648 3616 751 3703 ipsum
761 3615 863 3682 faetus
875 3631 934 3694 est,
946 3616 1019 3682 sieut
1027 3595 1174 3686 nitPropbeffl

248 3717 384 3785 «Verbo
401 3721 531 3788 Domini
547 3720 618 3789 ooeli
636 3720 752 3790 firmati
770 3733 843 3788 sunt
853 3721 883 3798 ⁵3
905 3723 1018 3812 »igitur
1031 3715 1081 3780 boo
1090 3717 1122 3770 ast
1134 3695 1174 3763 Ver

241 3829 332 3904 bum,
345 3833 432 3917 quod
447 3831 627 3898 factumest
639 3833 848 3900 manifestum.
866 3835 946 3924 Ergo
961 3830 1078 3898 Verbum
1088 3819 1172 3881 inuu-

273 3961 366 4012 *Joam
382 3979 399 4021 ¹,
412 3962 552 4013 5.-²1sai.
566 3981 621 4026 exv,
635 3981 655 4013 1.
668 3991 699 4004 --
709 3965 720 3998 ³
730 3965 802 4016 Joau.
817 3984 835 4026 r,
848 3983 902 4013 r.—
913 3964 924 3998 ⁶
934 3965 971 4014 lb.
985 3929 1166 4010 ,warranti
