<?xml version="1.0" encoding="UTF-8"?>
<!DOCTYPE html PUBLIC "-//W3C//DTD XHTML 1.0 Transitional//EN"
    "http://www.w3.org/TR/xhtml1/DTD/xhtml1-transitional.dtd">
<html xmlns="http://www.w3.org/1999/xhtml" xml:lang="en" lang="en">
 <head>
  <title>
</title>
<meta http-equiv="Content-Type" content="text/html;charset=utf-8" />
  <meta name='ocr-system' content='tesseract 3.04.00' />
  <meta name='ocr-capabilities' content='ocr_page ocr_carea ocr_par ocr_line ocrx_word'/>
</head>
<body>
  <div class='ocr_page' id='page_1' title='image "./collectioselect00guilgoog_0147.png"; bbox 0 0 2614 4628; ppageno 0'>
   <div class='ocr_carea' id='block_1_1' title="bbox 350 287 1069 362">
    <p class='ocr_par' dir='ltr' id='par_1_1' title="bbox 350 287 1069 362">
     <span class='ocr_line' id='line_1_1' title="bbox 350 287 1069 362; baseline -0.004 -12"><span class='ocrx_word' id='word_1_1' title='bbox 350 305 552 352; x_wconf 75' lang='lat' dir='ltr'><strong>concurrere</strong></span> <span class='ocrx_word' id='word_1_2' title='bbox 577 306 768 350; x_wconf 73' lang='lat' dir='ltr'><strong>nucerensi</strong></span> <span class='ocrx_word' id='word_1_3' title='bbox 1014 287 1069 362; x_wconf 70' lang='lat'><strong>¹4¹</strong></span> 
     </span>
    </p>
   </div>
   <div class='ocr_carea' id='block_1_2' title="bbox 40 411 1074 738">
    <p class='ocr_par' dir='ltr' id='par_1_2' title="bbox 40 411 1074 738">
     <span class='ocr_line' id='line_1_2' title="bbox 40 411 1074 492; baseline -0.013 -3"><span class='ocrx_word' id='word_1_4' title='bbox 40 425 153 490; x_wconf 77' lang='lat' dir='ltr'><strong>limine</strong></span> <span class='ocrx_word' id='word_1_5' title='bbox 167 420 302 492; x_wconf 75' lang='lat' dir='ltr'><strong>divino,</strong></span> <span class='ocrx_word' id='word_1_6' title='bbox 320 437 396 482; x_wconf 91' lang='lat' dir='ltr'><strong>cum</strong></span> <span class='ocrx_word' id='word_1_7' title='bbox 412 415 450 478; x_wconf 81' lang='lat' dir='ltr'><strong>in</strong></span> <span class='ocrx_word' id='word_1_8' title='bbox 466 414 629 482; x_wconf 75' lang='lat' dir='ltr'><strong>lemnum</strong></span> <span class='ocrx_word' id='word_1_9' title='bbox 643 413 818 487; x_wconf 63' lang='lat' dir='ltr'><strong>cecidisse,</strong></span> <span class='ocrx_word' id='word_1_10' title='bbox 833 411 977 488; x_wconf 74' lang='lat' dir='ltr'><strong>erarium</strong></span> <span class='ocrx_word' id='word_1_11' title='bbox 987 433 1074 478; x_wconf 69' lang='lat' dir='ltr'><strong>exer</strong></span> 
     </span>
     <span class='ocr_line' id='line_1_3' title="bbox 41 527 466 616; baseline -0.024 -15"><span class='ocrx_word' id='word_1_12' title='bbox 41 534 115 610; x_wconf 87' lang='lat' dir='ltr'><strong>cuit,</strong></span> <span class='ocrx_word' id='word_1_13' title='bbox 131 528 304 598; x_wconf 79' lang='lat' dir='ltr'><strong>mutilatus</strong></span> <span class='ocrx_word' id='word_1_14' title='bbox 318 527 466 616; x_wconf 84' lang='lat' dir='ltr'><strong>pedibus,</strong></span> 
     </span>
     <span class='ocr_line' id='line_1_4' title="bbox 116 651 747 738; baseline -0.014 -20"><span class='ocrx_word' id='word_1_15' title='bbox 116 704 124 718; x_wconf 91' lang='lat'>.</span> <span class='ocrx_word' id='word_1_16' title='bbox 146 705 154 718; x_wconf 88' lang='lat'><strong>.</strong></span> <span class='ocrx_word' id='word_1_17' title='bbox 178 705 188 718; x_wconf 89' lang='lat'><strong>.</strong></span> <span class='ocrx_word' id='word_1_18' title='bbox 209 655 334 738; x_wconf 78' lang='lat' dir='ltr'><strong>graciles</strong></span> <span class='ocrx_word' id='word_1_19' title='bbox 347 665 444 713; x_wconf 81' lang='lat' dir='ltr'><strong>eutem</strong></span> <span class='ocrx_word' id='word_1_20' title='bbox 457 653 501 711; x_wconf 92' lang='lat' dir='ltr'><strong>illi</strong></span> <span class='ocrx_word' id='word_1_21' title='bbox 516 651 594 712; x_wconf 81' lang='lat' dir='ltr'><strong>tihiae</strong></span> <span class='ocrx_word' id='word_1_22' title='bbox 608 651 747 712; x_wconf 79' lang='lat' dir='ltr'><strong>fluebant.</strong></span> 
     </span>
    </p>
   </div>
   <div class='ocr_carea' id='block_1_3' title="bbox 44 782 1076 1096">
    <p class='ocr_par' dir='ltr' id='par_1_3' title="bbox 44 782 1076 1096">
     <span class='ocr_line' id='line_1_5' title="bbox 44 782 1076 860; baseline -0.009 -3"><span class='ocrx_word' id='word_1_23' title='bbox 44 791 103 857; x_wconf 87' lang='lat' dir='ltr'><strong>llec</strong></span> <span class='ocrx_word' id='word_1_24' title='bbox 128 786 237 856; x_wconf 87' lang='lat' dir='ltr'><strong>solum</strong></span> <span class='ocrx_word' id='word_1_25' title='bbox 259 787 329 852; x_wconf 83' lang='lat' dir='ltr'><strong>aeris</strong></span> <span class='ocrx_word' id='word_1_26' title='bbox 347 785 486 860; x_wconf 83' lang='lat' dir='ltr'>fabrum,</span> <span class='ocrx_word' id='word_1_27' title='bbox 508 782 676 849; x_wconf 78' lang='lat' dir='ltr'><strong>sedetiam</strong></span> <span class='ocrx_word' id='word_1_28' title='bbox 691 783 851 852; x_wconf 88' lang='lat' dir='ltr'><strong>medicum</strong></span> <span class='ocrx_word' id='word_1_29' title='bbox 872 783 970 850; x_wconf 83' lang='lat' dir='ltr'><strong>hebes</strong></span> <span class='ocrx_word' id='word_1_30' title='bbox 992 783 1076 849; x_wconf 86' lang='lat' dir='ltr'><strong>inter</strong></span> 
     </span>
     <span class='ocr_line' id='line_1_6' title="bbox 45 893 1070 983; baseline -0.006 -17"><span class='ocrx_word' id='word_1_31' title='bbox 45 901 124 966; x_wconf 83' lang='lat' dir='ltr'><strong>deos.</strong></span> <span class='ocrx_word' id='word_1_32' title='bbox 154 901 186 965; x_wconf 91' lang='lat' dir='ltr'><strong>ls</strong></span> <span class='ocrx_word' id='word_1_33' title='bbox 213 921 292 965; x_wconf 86' lang='lat' dir='ltr'><strong>vero</strong></span> <span class='ocrx_word' id='word_1_34' title='bbox 318 918 430 962; x_wconf 85' lang='lat' dir='ltr'><strong>everus</strong></span> <span class='ocrx_word' id='word_1_35' title='bbox 456 909 536 970; x_wconf 84' lang='lat' dir='ltr'><strong>emt,</strong></span> <span class='ocrx_word' id='word_1_36' title='bbox 558 907 591 962; x_wconf 88' lang='lat' dir='ltr'><strong>ct</strong></span> <span class='ocrx_word' id='word_1_37' title='bbox 611 919 729 963; x_wconf 91' lang='lat' dir='ltr'><strong>nomen</strong></span> <span class='ocrx_word' id='word_1_38' title='bbox 756 895 867 961; x_wconf 84' lang='lat' dir='ltr'><strong>hahuit</strong></span> <span class='ocrx_word' id='word_1_39' title='bbox 887 893 1070 983; x_wconf 82' lang='lat' dir='ltr'><strong>AEsculcpii.</strong></span> 
     </span>
     <span class='ocr_line' id='line_1_7' title="bbox 45 1004 758 1096; baseline -0.004 -22"><span class='ocrx_word' id='word_1_40' title='bbox 45 1009 140 1077; x_wconf 83' lang='lat' dir='ltr'><strong>Testis</strong></span> <span class='ocrx_word' id='word_1_41' title='bbox 154 1011 196 1075; x_wconf 85' lang='lat' dir='ltr'><strong>sit</strong></span> <span class='ocrx_word' id='word_1_42' title='bbox 210 1022 290 1074; x_wconf 89' lang='lat' dir='ltr'><strong>tuus</strong></span> <span class='ocrx_word' id='word_1_43' title='bbox 305 1013 413 1096; x_wconf 71' lang='lat' dir='ltr'><strong>poeto,</strong></span> <span class='ocrx_word' id='word_1_44' title='bbox 428 1004 569 1072; x_wconf 84' lang='lat' dir='ltr'><strong>Boeotius</strong></span> <span class='ocrx_word' id='word_1_45' title='bbox 584 1005 758 1074; x_wconf 82' lang='lat' dir='ltr'><strong>Pindarus:</strong></span> 
     </span>
    </p>
   </div>
   <div class='ocr_carea' id='block_1_4' title="bbox 119 1135 764 2020">
    <p class='ocr_par' dir='ltr' id='par_1_4' title="bbox 119 1135 743 1401">
     <span class='ocr_line' id='line_1_8' title="bbox 119 1135 705 1214; baseline -0.015 -14"><span class='ocrx_word' id='word_1_46' title='bbox 119 1139 270 1200; x_wconf 80' lang='lat' dir='ltr'><strong>Pervertit</strong></span> <span class='ocrx_word' id='word_1_47' title='bbox 284 1137 361 1195; x_wconf 89' lang='lat' dir='ltr'><strong>enim</strong></span> <span class='ocrx_word' id='word_1_48' title='bbox 374 1149 402 1194; x_wconf 88' lang='lat' dir='ltr'><strong>et</strong></span> <span class='ocrx_word' id='word_1_49' title='bbox 413 1135 494 1194; x_wconf 90' lang='lat' dir='ltr'><strong>illum</strong></span> <span class='ocrx_word' id='word_1_50' title='bbox 506 1136 614 1214; x_wconf 80' lang='lat' dir='ltr'><strong>ingenti</strong></span> <span class='ocrx_word' id='word_1_51' title='bbox 625 1156 705 1195; x_wconf 89' lang='lat' dir='ltr'><strong>mer-</strong></span> 
     </span>
     <span class='ocr_line' id='line_1_9' title="bbox 120 1235 743 1316; baseline -0.006 -16"><span class='ocrx_word' id='word_1_52' title='bbox 120 1241 192 1300; x_wconf 85' lang='lat' dir='ltr'><strong>cede</strong></span> <span class='ocrx_word' id='word_1_53' title='bbox 203 1258 313 1298; x_wconf 86' lang='lat' dir='ltr'><strong>aurum</strong></span> <span class='ocrx_word' id='word_1_54' title='bbox 324 1238 355 1295; x_wconf 90' lang='lat' dir='ltr'><strong>in</strong></span> <span class='ocrx_word' id='word_1_55' title='bbox 370 1235 502 1294; x_wconf 80' lang='lat' dir='ltr'><strong>manibus</strong></span> <span class='ocrx_word' id='word_1_56' title='bbox 519 1255 676 1316; x_wconf 78' lang='lat' dir='ltr'><strong>apparens,</strong></span> <span class='ocrx_word' id='word_1_57' title='bbox 741 1291 743 1296; x_wconf 92' lang='lat'><em>.</em></span> 
     </span>
     <span class='ocr_line' id='line_1_10' title="bbox 121 1336 572 1401; baseline -0.009 -3"><span class='ocrx_word' id='word_1_58' title='bbox 121 1341 227 1401; x_wconf 82' lang='lat' dir='ltr'><strong>Virum</strong></span> <span class='ocrx_word' id='word_1_59' title='bbox 242 1360 259 1398; x_wconf 88' lang='lat' dir='ltr'><strong>e</strong></span> <span class='ocrx_word' id='word_1_60' title='bbox 271 1350 366 1397; x_wconf 88' lang='lat' dir='ltr'><strong>morte</strong></span> <span class='ocrx_word' id='word_1_61' title='bbox 376 1347 410 1394; x_wconf 92' lang='lat' dir='ltr'><strong>ut</strong></span> <span class='ocrx_word' id='word_1_62' title='bbox 420 1336 572 1394; x_wconf 81' lang='lat' dir='ltr'><strong>reduceret</strong></span> 
     </span>
    </p>

    <p class='ocr_par' dir='ltr' id='par_1_5' title="bbox 125 1437 572 1520">
     <span class='ocr_line' id='line_1_11' title="bbox 125 1437 572 1520; baseline -0.013 -20"><span class='ocrx_word' id='word_1_63' title='bbox 125 1447 189 1500; x_wconf 79' lang='lat' dir='ltr'><strong>lum</strong></span> <span class='ocrx_word' id='word_1_64' title='bbox 199 1453 334 1520; x_wconf 81' lang='lat' dir='ltr'><strong>captum.</strong></span> <span class='ocrx_word' id='word_1_65' title='bbox 350 1437 447 1496; x_wconf 81' lang='lat' dir='ltr'><strong>Meni·</strong></span> <span class='ocrx_word' id='word_1_66' title='bbox 569 1444 572 1452; x_wconf 85' lang='lat'><em>&#39;</em></span> 
     </span>
    </p>

    <p class='ocr_par' dir='ltr' id='par_1_6' title="bbox 126 1538 567 1620">
     <span class='ocr_line' id='line_1_12' title="bbox 126 1538 567 1620; baseline -0.014 -17"><span class='ocrx_word' id='word_1_67' title='bbox 126 1544 180 1603; x_wconf 83' lang='lat' dir='ltr'><strong>bns</strong></span> <span class='ocrx_word' id='word_1_68' title='bbox 188 1543 284 1620; x_wconf 85' lang='lat' dir='ltr'><strong>igitur</strong></span> <span class='ocrx_word' id='word_1_69' title='bbox 293 1538 446 1600; x_wconf 86' lang='lat' dir='ltr'><strong>Saturnius</strong></span> <span class='ocrx_word' id='word_1_70' title='bbox 457 1538 567 1597; x_wconf 84' lang='lat' dir='ltr'><strong>lulrnen</strong></span> 
     </span>
    </p>

    <p class='ocr_par' dir='ltr' id='par_1_7' title="bbox 129 1639 764 1806">
     <span class='ocr_line' id='line_1_13' title="bbox 129 1639 764 1721; baseline -0.009 -16"><span class='ocrx_word' id='word_1_71' title='bbox 129 1645 278 1704; x_wconf 70' lang='lat' dir='ltr'><strong>iaculatus</strong></span> <span class='ocrx_word' id='word_1_72' title='bbox 293 1662 348 1721; x_wconf 92' lang='lat' dir='ltr'><strong>per</strong></span> <span class='ocrx_word' id='word_1_73' title='bbox 359 1653 525 1719; x_wconf 87' lang='lat' dir='ltr'><strong>utrumque,</strong></span> <span class='ocrx_word' id='word_1_74' title='bbox 536 1639 764 1717; x_wconf 70' lang='lat' dir='ltr'><strong>respirationem</strong></span> 
     </span>
     <span class='ocr_line' id='line_1_14' title="bbox 130 1740 420 1806; baseline -0.031 0"><span class='ocrx_word' id='word_1_75' title='bbox 130 1751 285 1806; x_wconf 77' lang='lat' dir='ltr'><strong>Pectorum</strong></span> <span class='ocrx_word' id='word_1_76' title='bbox 299 1740 420 1800; x_wconf 79' lang='lat' dir='ltr'><strong>abstulit</strong></span> 
     </span>
    </p>

    <p class='ocr_par' dir='ltr' id='par_1_8' title="bbox 136 1843 527 1921">
     <span class='ocr_line' id='line_1_15' title="bbox 136 1843 527 1921; baseline -0.02 -14"><span class='ocrx_word' id='word_1_77' title='bbox 136 1847 283 1918; x_wconf 77' lang='lat' dir='ltr'><strong>Celeriter,</strong></span> <span class='ocrx_word' id='word_1_78' title='bbox 293 1843 458 1921; x_wconf 85' lang='lat' dir='ltr'><strong>ardensque</strong></span> <span class='ocrx_word' id='word_1_79' title='bbox 470 1843 527 1900; x_wconf 85' lang='lat' dir='ltr'><strong>lul-</strong></span> 
     </span>
    </p>

    <p class='ocr_par' dir='ltr' id='par_1_9' title="bbox 141 1945 463 2020">
     <span class='ocr_line' id='line_1_16' title="bbox 141 1945 463 2020; baseline -0.019 -14"><span class='ocrx_word' id='word_1_80' title='bbox 141 1967 204 2006; x_wconf 86' lang='lat' dir='ltr'><strong>men</strong></span> <span class='ocrx_word' id='word_1_81' title='bbox 215 1945 317 2004; x_wconf 79' lang='lat' dir='ltr'><strong>indixit</strong></span> <span class='ocrx_word' id='word_1_82' title='bbox 330 1955 463 2020; x_wconf 82' lang='lat' dir='ltr'><strong>mortem.</strong></span> 
     </span>
    </p>
   </div>
   <div class='ocr_carea' id='block_1_5' title="bbox 76 2057 852 2364">
    <p class='ocr_par' dir='ltr' id='par_1_10' title="bbox 76 2057 852 2364">
     <span class='ocr_line' id='line_1_17' title="bbox 76 2057 289 2145; baseline 0 -23"><span class='ocrx_word' id='word_1_83' title='bbox 76 2058 114 2122; x_wconf 67' lang='grc' dir='ltr'><strong>Ἑλ</strong></span> <span class='ocrx_word' id='word_1_84' title='bbox 124 2057 289 2145; x_wconf 78' lang='lat' dir='ltr'><strong>Euripides,</strong></span> 
     </span>
     <span class='ocr_line' id='line_1_18' title="bbox 151 2187 852 2266; baseline 0.001 -20"><span class='ocrx_word' id='word_1_85' title='bbox 151 2187 258 2266; x_wconf 76' lang='lat' dir='ltr'><strong>Jupiter</strong></span> <span class='ocrx_word' id='word_1_86' title='bbox 269 2188 339 2246; x_wconf 84' lang='lat' dir='ltr'><strong>enim</strong></span> <span class='ocrx_word' id='word_1_87' title='bbox 354 2187 508 2246; x_wconf 81' lang='lat' dir='ltr'><strong>interfecto</strong></span> <span class='ocrx_word' id='word_1_88' title='bbox 521 2189 581 2246; x_wconf 88' lang='lat' dir='ltr'><strong>lilio</strong></span> <span class='ocrx_word' id='word_1_89' title='bbox 597 2207 662 2246; x_wconf 88' lang='lat' dir='ltr'><strong>meo</strong></span> <span class='ocrx_word' id='word_1_90' title='bbox 673 2201 774 2248; x_wconf 79' lang='lat' dir='ltr'><strong>ructor</strong></span> <span class='ocrx_word' id='word_1_91' title='bbox 787 2191 852 2260; x_wconf 86' lang='lat' dir='ltr'><strong>luit,</strong></span> 
     </span>
     <span class='ocr_line' id='line_1_19' title="bbox 149 2283 773 2364; baseline -0.003 -20"><span class='ocrx_word' id='word_1_92' title='bbox 149 2285 311 2364; x_wconf 82' lang='lat' dir='ltr'><strong>AEsculrpio,</strong></span> <span class='ocrx_word' id='word_1_93' title='bbox 324 2283 494 2364; x_wconf 84' lang='lat' dir='ltr'><strong>pectoribus</strong></span> <span class='ocrx_word' id='word_1_94' title='bbox 504 2284 633 2346; x_wconf 89' lang='lat' dir='ltr'><strong>immisso</strong></span> <span class='ocrx_word' id='word_1_95' title='bbox 645 2285 773 2344; x_wconf 86' lang='lat' dir='ltr'><strong>fulmine.</strong></span> 
     </span>
    </p>
   </div>
   <div class='ocr_carea' id='block_1_6' title="bbox 66 2394 1092 3064">
    <p class='ocr_par' dir='ltr' id='par_1_11' title="bbox 72 2394 1090 2485">
     <span class='ocr_line' id='line_1_20' title="bbox 72 2394 1090 2485; baseline 0.003 -23"><span class='ocrx_word' id='word_1_96' title='bbox 72 2394 226 2485; x_wconf 81' lang='lat' dir='ltr'><strong>Hicigitur</strong></span> <span class='ocrx_word' id='word_1_97' title='bbox 234 2396 315 2463; x_wconf 83' lang='lat' dir='ltr'><strong>ictus</strong></span> <span class='ocrx_word' id='word_1_98' title='bbox 332 2394 465 2462; x_wconf 78' lang='lat' dir='ltr'><strong>fulmine</strong></span> <span class='ocrx_word' id='word_1_99' title='bbox 475 2396 563 2484; x_wconf 80' lang='lat' dir='ltr'><strong>jacet</strong></span> <span class='ocrx_word' id='word_1_100' title='bbox 575 2397 608 2462; x_wconf 91' lang='lat' dir='ltr'><strong>in</strong></span> <span class='ocrx_word' id='word_1_101' title='bbox 624 2395 742 2462; x_wconf 85' lang='lat' dir='ltr'><strong>finibus</strong></span> <span class='ocrx_word' id='word_1_102' title='bbox 754 2395 970 2484; x_wconf 67' lang='lat' dir='ltr'><strong>Cynosuridis.</strong></span> <span class='ocrx_word' id='word_1_103' title='bbox 985 2395 1090 2465; x_wconf 89' lang='lat' dir='ltr'><strong>Philo·</strong></span> 
     </span>
    </p>

    <p class='ocr_par' dir='ltr' id='par_1_12' title="bbox 66 2505 1092 3064">
     <span class='ocr_line' id='line_1_21' title="bbox 70 2505 1091 2596; baseline 0.002 -22"><span class='ocrx_word' id='word_1_104' title='bbox 70 2505 177 2574; x_wconf 78' lang='lat' dir='ltr'><strong>chorus</strong></span> <span class='ocrx_word' id='word_1_105' title='bbox 191 2507 287 2574; x_wconf 84' lang='lat' dir='ltr'><strong>etiem</strong></span> <span class='ocrx_word' id='word_1_106' title='bbox 308 2507 406 2573; x_wconf 75' lang='lat' dir='ltr'><strong>trudit</strong></span> <span class='ocrx_word' id='word_1_107' title='bbox 421 2507 604 2596; x_wconf 84' lang='lat' dir='ltr'><strong>Neptunum</strong></span> <span class='ocrx_word' id='word_1_108' title='bbox 620 2507 783 2574; x_wconf 88' lang='lat' dir='ltr'><strong>medicum</strong></span> <span class='ocrx_word' id='word_1_109' title='bbox 805 2507 838 2572; x_wconf 91' lang='lat' dir='ltr'><strong>in</strong></span> <span class='ocrx_word' id='word_1_110' title='bbox 853 2506 940 2574; x_wconf 90' lang='lat' dir='ltr'><strong>Teno</strong></span> <span class='ocrx_word' id='word_1_111' title='bbox 959 2508 1038 2583; x_wconf 86' lang='lat' dir='ltr'><strong>coli;</strong></span> <span class='ocrx_word' id='word_1_112' title='bbox 1058 2523 1091 2576; x_wconf 82' lang='lat' dir='ltr'><strong>et</strong></span> 
     </span>
     <span class='ocr_line' id='line_1_22' title="bbox 67 2616 1087 2710; baseline 0.003 -26"><span class='ocrx_word' id='word_1_113' title='bbox 67 2616 232 2684; x_wconf 70' lang='lat' dir='ltr'><strong>Saturnum</strong></span> <span class='ocrx_word' id='word_1_114' title='bbox 245 2620 345 2684; x_wconf 88' lang='lat' dir='ltr'><strong>situm</strong></span> <span class='ocrx_word' id='word_1_115' title='bbox 355 2642 424 2685; x_wconf 85' lang='lat' dir='ltr'><strong>esse</strong></span> <span class='ocrx_word' id='word_1_116' title='bbox 439 2619 472 2686; x_wconf 90' lang='lat' dir='ltr'><strong>in</strong></span> <span class='ocrx_word' id='word_1_117' title='bbox 484 2618 603 2695; x_wconf 81' lang='lat' dir='ltr'><strong>Sicilie,</strong></span> <span class='ocrx_word' id='word_1_118' title='bbox 615 2629 712 2709; x_wconf 83' lang='lat' dir='ltr'><strong>utque</strong></span> <span class='ocrx_word' id='word_1_119' title='bbox 728 2617 792 2686; x_wconf 91' lang='lat' dir='ltr'><strong>illic</strong></span> <span class='ocrx_word' id='word_1_120' title='bbox 806 2619 901 2686; x_wconf 82' lang='lat' dir='ltr'><strong>fuisse</strong></span> <span class='ocrx_word' id='word_1_121' title='bbox 917 2619 1087 2710; x_wconf 87' lang='lat' dir='ltr'><strong>sepultum.</strong></span> 
     </span>
     <span class='ocr_line' id='line_1_23' title="bbox 66 2725 1091 2820; baseline 0.005 -29"><span class='ocrx_word' id='word_1_122' title='bbox 66 2725 216 2794; x_wconf 77' lang='lat' dir='ltr'><strong>Patrocles</strong></span> <span class='ocrx_word' id='word_1_123' title='bbox 237 2725 398 2802; x_wconf 85' lang='lat' dir='ltr'><strong>Thurius,</strong></span> <span class='ocrx_word' id='word_1_124' title='bbox 419 2740 453 2793; x_wconf 86' lang='lat' dir='ltr'><strong>et</strong></span> <span class='ocrx_word' id='word_1_125' title='bbox 478 2728 585 2816; x_wconf 76' lang='lat' dir='ltr'><strong>junior</strong></span> <span class='ocrx_word' id='word_1_126' title='bbox 612 2726 785 2816; x_wconf 84' lang='lat' dir='ltr'><strong>Sophocles</strong></span> <span class='ocrx_word' id='word_1_127' title='bbox 808 2729 910 2795; x_wconf 84' lang='lat' dir='ltr'><strong>trihus</strong></span> <span class='ocrx_word' id='word_1_128' title='bbox 930 2730 1091 2820; x_wconf 81' lang='lat' dir='ltr'><strong>tregoediis</strong></span> 
     </span>
     <span class='ocr_line' id='line_1_24' title="bbox 66 2837 1092 2906; baseline 0.002 -4"><span class='ocrx_word' id='word_1_129' title='bbox 66 2839 221 2904; x_wconf 81' lang='lat' dir='ltr'><strong>contexuit</strong></span> <span class='ocrx_word' id='word_1_130' title='bbox 235 2837 400 2904; x_wconf 77' lang='lat' dir='ltr'><strong>historiam</strong></span> <span class='ocrx_word' id='word_1_131' title='bbox 419 2837 459 2904; x_wconf 89' lang='lat' dir='ltr'><strong>de</strong></span> <span class='ocrx_word' id='word_1_132' title='bbox 473 2837 645 2905; x_wconf 84' lang='lat' dir='ltr'><strong>Dioscuris.</strong></span> <span class='ocrx_word' id='word_1_133' title='bbox 665 2838 706 2906; x_wconf 87' lang='lat' dir='ltr'><strong>lli</strong></span> <span class='ocrx_word' id='word_1_134' title='bbox 722 2849 828 2904; x_wconf 83' lang='lat' dir='ltr'><strong>autem</strong></span> <span class='ocrx_word' id='word_1_135' title='bbox 842 2839 988 2905; x_wconf 83' lang='lat' dir='ltr'><strong>Dioscuri</strong></span> <span class='ocrx_word' id='word_1_136' title='bbox 1003 2839 1092 2906; x_wconf 84' lang='lat' dir='ltr'><strong>fuere</strong></span> 
     </span>
     <span class='ocr_line' id='line_1_25' title="bbox 66 2945 1088 3064; baseline -0.002 -52"><span class='ocrx_word' id='word_1_137' title='bbox 66 2945 207 3014; x_wconf 70' lang='lat' dir='ltr'><strong>mortales</strong></span> <span class='ocrx_word' id='word_1_138' title='bbox 217 2947 413 3022; x_wconf 87' lang='lat' dir='ltr'><strong>homines,si</strong></span> <span class='ocrx_word' id='word_1_139' title='bbox 421 2945 578 3014; x_wconf 87' lang='lat' dir='ltr'><strong>Homerus</strong></span> <span class='ocrx_word' id='word_1_140' title='bbox 589 2946 701 3036; x_wconf 82' lang='lat' dir='ltr'><strong>dignus</strong></span> <span class='ocrx_word' id='word_1_141' title='bbox 709 2946 749 3012; x_wconf 88' lang='lat' dir='ltr'><strong>sit</strong></span> <span class='ocrx_word' id='word_1_142' title='bbox 764 2946 907 3064; x_wconf 54' lang='lat' dir='ltr'><strong>cuilides</strong></span> <span class='ocrx_word' id='word_1_143' title='bbox 918 2947 1088 3014; x_wconf 74' lang='lat' dir='ltr'><strong>hahentur:</strong></span> 
     </span>
    </p>
   </div>
   <div class='ocr_carea' id='block_1_7' title="bbox 139 3075 1007 3257">
    <p class='ocr_par' dir='ltr' id='par_1_13' title="bbox 139 3075 1007 3257">
     <span class='ocr_line' id='line_1_26' title="bbox 140 3075 1007 3154; baseline 0.001 -18"><span class='ocrx_word' id='word_1_144' title='bbox 140 3123 147 3136; x_wconf 92' lang='lat'><em>.</em></span> <span class='ocrx_word' id='word_1_145' title='bbox 170 3123 177 3138; x_wconf 94' lang='lat'><em>.</em></span> <span class='ocrx_word' id='word_1_146' title='bbox 199 3123 207 3137; x_wconf 95' lang='lat'>.</span> <span class='ocrx_word' id='word_1_147' title='bbox 230 3081 293 3136; x_wconf 83' lang='lat' dir='ltr'><strong>Hos</strong></span> <span class='ocrx_word' id='word_1_148' title='bbox 308 3089 405 3136; x_wconf 82' lang='lat' dir='ltr'><strong>antem</strong></span> <span class='ocrx_word' id='word_1_149' title='bbox 415 3075 476 3154; x_wconf 81' lang='lat' dir='ltr'><strong>jem</strong></span> <span class='ocrx_word' id='word_1_150' title='bbox 490 3077 605 3137; x_wconf 85' lang='lat' dir='ltr'><strong>tenebat</strong></span> <span class='ocrx_word' id='word_1_151' title='bbox 616 3091 693 3136; x_wconf 85' lang='lat' dir='ltr'><strong>terra</strong></span> <span class='ocrx_word' id='word_1_152' title='bbox 707 3087 800 3138; x_wconf 83' lang='lat' dir='ltr'><strong>meter</strong></span> <span class='ocrx_word' id='word_1_153' title='bbox 810 3079 1007 3150; x_wconf 78' lang='lat' dir='ltr'><strong>animantium,</strong></span> 
     </span>
     <span class='ocr_line' id='line_1_27' title="bbox 139 3177 815 3257; baseline 0 -21"><span class='ocrx_word' id='word_1_154' title='bbox 139 3182 173 3236; x_wconf 90' lang='lat' dir='ltr'><strong>In</strong></span> <span class='ocrx_word' id='word_1_155' title='bbox 184 3177 404 3250; x_wconf 73' lang='lat' dir='ltr'><strong>Lacedaemone,</strong></span> <span class='ocrx_word' id='word_1_156' title='bbox 417 3198 482 3256; x_wconf 87' lang='lat' dir='ltr'><strong>quae</strong></span> <span class='ocrx_word' id='word_1_157' title='bbox 492 3197 559 3236; x_wconf 77' lang='lat' dir='ltr'><strong>cara</strong></span> <span class='ocrx_word' id='word_1_158' title='bbox 566 3179 636 3257; x_wconf 87' lang='lat' dir='ltr'><strong>ipsis</strong></span> <span class='ocrx_word' id='word_1_159' title='bbox 648 3179 743 3257; x_wconf 80' lang='lat' dir='ltr'><strong>petria</strong></span> <span class='ocrx_word' id='word_1_160' title='bbox 752 3178 815 3238; x_wconf 86' lang='lat' dir='ltr'><strong>fuit.</strong></span> 
     </span>
    </p>
   </div>
   <div class='ocr_carea' id='block_1_8' title="bbox 69 3299 890 3390">
    <p class='ocr_par' dir='ltr' id='par_1_14' title="bbox 69 3299 890 3390">
     <span class='ocr_line' id='line_1_28' title="bbox 69 3299 890 3390; baseline 0.001 -25"><span class='ocrx_word' id='word_1_161' title='bbox 69 3299 203 3368; x_wconf 74' lang='lat' dir='ltr'><strong>Accedat</strong></span> <span class='ocrx_word' id='word_1_162' title='bbox 217 3301 329 3377; x_wconf 80' lang='lat' dir='ltr'><strong>etiem,</strong></span> <span class='ocrx_word' id='word_1_163' title='bbox 345 3300 399 3389; x_wconf 91' lang='lat' dir='ltr'><strong>qui</strong></span> <span class='ocrx_word' id='word_1_164' title='bbox 417 3299 571 3389; x_wconf 78' lang='lat' dir='ltr'><strong>Cypriam</strong></span> <span class='ocrx_word' id='word_1_165' title='bbox 586 3305 731 3390; x_wconf 66' lang='lat' dir='ltr'><strong>poemata</strong></span> <span class='ocrx_word' id='word_1_166' title='bbox 747 3301 890 3389; x_wconf 80' lang='lat' dir='ltr'><strong>scripsit:</strong></span> 
     </span>
    </p>
   </div>
   <div class='ocr_carea' id='block_1_9' title="bbox 141 3429 996 3609">
    <p class='ocr_par' dir='ltr' id='par_1_15' title="bbox 141 3429 996 3609">
     <span class='ocr_line' id='line_1_29' title="bbox 142 3429 996 3509; baseline -0.004 -20"><span class='ocrx_word' id='word_1_167' title='bbox 142 3435 247 3490; x_wconf 79' lang='lat' dir='ltr'><strong>Castor</strong></span> <span class='ocrx_word' id='word_1_168' title='bbox 260 3430 380 3509; x_wconf 89' lang='lat' dir='ltr'><strong>quidem</strong></span> <span class='ocrx_word' id='word_1_169' title='bbox 392 3429 532 3501; x_wconf 82' lang='lat' dir='ltr'><strong>mortalis,</strong></span> <span class='ocrx_word' id='word_1_170' title='bbox 540 3441 568 3488; x_wconf 85' lang='lat' dir='ltr'><strong>et</strong></span> <span class='ocrx_word' id='word_1_171' title='bbox 579 3449 656 3488; x_wconf 88' lang='lat' dir='ltr'><strong>mors</strong></span> <span class='ocrx_word' id='word_1_172' title='bbox 668 3431 725 3508; x_wconf 90' lang='lat' dir='ltr'><strong>ipsi</strong></span> <span class='ocrx_word' id='word_1_173' title='bbox 737 3431 797 3488; x_wconf 83' lang='lat' dir='ltr'><strong>leto</strong></span> <span class='ocrx_word' id='word_1_174' title='bbox 810 3429 926 3488; x_wconf 81' lang='lat' dir='ltr'><strong>decreta</strong></span> <span class='ocrx_word' id='word_1_175' title='bbox 935 3439 977 3488; x_wconf 90' lang='lat' dir='ltr'><strong>est</strong></span> <span class='ocrx_word' id='word_1_176' title='bbox 990 3453 996 3486; x_wconf 96' lang='lat'><strong>:</strong></span> 
     </span>
     <span class='ocr_line' id='line_1_30' title="bbox 141 3529 843 3609; baseline -0.003 -21"><span class='ocrx_word' id='word_1_177' title='bbox 141 3529 322 3588; x_wconf 84' lang='lat' dir='ltr'><strong>Immortalis</strong></span> <span class='ocrx_word' id='word_1_178' title='bbox 333 3541 429 3588; x_wconf 83' lang='lat' dir='ltr'><strong>autem</strong></span> <span class='ocrx_word' id='word_1_179' title='bbox 440 3529 553 3600; x_wconf 87' lang='lat' dir='ltr'><strong>Pollux,</strong></span> <span class='ocrx_word' id='word_1_180' title='bbox 564 3530 718 3609; x_wconf 82' lang='lat' dir='ltr'><strong>progenies</strong></span> <span class='ocrx_word' id='word_1_181' title='bbox 731 3530 843 3587; x_wconf 83' lang='lat' dir='ltr'><strong>Martis.</strong></span> 
     </span>
    </p>
   </div>
   <div class='ocr_carea' id='block_1_10' title="bbox 73 3641 1100 3956">
    <p class='ocr_par' dir='ltr' id='par_1_16' title="bbox 73 3641 1100 3956">
     <span class='ocr_line' id='line_1_31' title="bbox 73 3641 1098 3740; baseline 0.008 -28"><span class='ocrx_word' id='word_1_182' title='bbox 73 3645 161 3726; x_wconf 82' lang='lat' dir='ltr'><strong>Quod</strong></span> <span class='ocrx_word' id='word_1_183' title='bbox 177 3646 231 3714; x_wconf 89' lang='lat' dir='ltr'><strong>ille</strong></span> <span class='ocrx_word' id='word_1_184' title='bbox 242 3647 374 3737; x_wconf 86' lang='lat' dir='ltr'><strong>quidem</strong></span> <span class='ocrx_word' id='word_1_185' title='bbox 384 3649 510 3740; x_wconf 72' lang='lat' dir='ltr'><strong>poetico</strong></span> <span class='ocrx_word' id='word_1_186' title='bbox 522 3641 610 3716; x_wconf 88' lang='lat' dir='ltr'><strong>more</strong></span> <span class='ocrx_word' id='word_1_187' title='bbox 624 3648 779 3716; x_wconf 77' lang='lat' dir='ltr'><strong>fabulatus</strong></span> <span class='ocrx_word' id='word_1_188' title='bbox 791 3662 838 3716; x_wconf 87' lang='lat' dir='ltr'><strong>est</strong></span> <span class='ocrx_word' id='word_1_189' title='bbox 851 3675 859 3716; x_wconf 78' lang='grc' dir='ltr'><strong><em>ε</em></strong></span> <span class='ocrx_word' id='word_1_190' title='bbox 874 3653 930 3717; x_wconf 87' lang='lat' dir='ltr'><strong>sed</strong></span> <span class='ocrx_word' id='word_1_191' title='bbox 939 3653 1098 3721; x_wconf 85' lang='lat' dir='ltr'><strong>Homerus</strong></span> 
     </span>
     <span class='ocr_line' id='line_1_32' title="bbox 73 3754 1100 3854; baseline 0.011 -33"><span class='ocrx_word' id='word_1_192' title='bbox 73 3754 130 3823; x_wconf 84' lang='lat' dir='ltr'><strong>lide</strong></span> <span class='ocrx_word' id='word_1_193' title='bbox 152 3757 279 3847; x_wconf 79' lang='lat' dir='ltr'><strong>dignior</strong></span> <span class='ocrx_word' id='word_1_194' title='bbox 299 3770 362 3835; x_wconf 80' lang='lat' dir='ltr'><strong>cst,</strong></span> <span class='ocrx_word' id='word_1_195' title='bbox 378 3759 433 3846; x_wconf 90' lang='lat' dir='ltr'><strong>qui</strong></span> <span class='ocrx_word' id='word_1_196' title='bbox 449 3759 488 3824; x_wconf 88' lang='lat' dir='ltr'><strong>do</strong></span> <span class='ocrx_word' id='word_1_197' title='bbox 504 3771 639 3847; x_wconf 86' lang='lat' dir='ltr'><strong>utroque</strong></span> <span class='ocrx_word' id='word_1_198' title='bbox 658 3759 813 3826; x_wconf 87' lang='lat' dir='ltr'><strong>Dioscuro</strong></span> <span class='ocrx_word' id='word_1_199' title='bbox 833 3759 984 3850; x_wconf 82' lang='lat' dir='ltr'><strong>loquitur,</strong></span> <span class='ocrx_word' id='word_1_200' title='bbox 1002 3777 1034 3832; x_wconf 89' lang='lat' dir='ltr'><strong>ct</strong></span> <span class='ocrx_word' id='word_1_201' title='bbox 1049 3765 1100 3854; x_wconf 78' lang='lat' dir='ltr'><strong>ip-</strong></span> 
     </span>
     <span class='ocr_line' id='line_1_33' title="bbox 78 3865 895 3956; baseline 0.007 -26"><span class='ocrx_word' id='word_1_202' title='bbox 78 3887 140 3931; x_wconf 82' lang='lat' dir='ltr'><strong>sum</strong></span> <span class='ocrx_word' id='word_1_203' title='bbox 156 3877 307 3956; x_wconf 72' lang='lat' dir='ltr'><strong>preterea</strong></span> <span class='ocrx_word' id='word_1_204' title='bbox 327 3865 499 3935; x_wconf 88' lang='lat' dir='ltr'><strong>Herculem</strong></span> <span class='ocrx_word' id='word_1_205' title='bbox 515 3866 636 3933; x_wconf 90' lang='lat' dir='ltr'><strong>idolum</strong></span> <span class='ocrx_word' id='word_1_206' title='bbox 650 3890 719 3933; x_wconf 86' lang='lat' dir='ltr'><strong>esse</strong></span> <span class='ocrx_word' id='word_1_207' title='bbox 735 3873 895 3938; x_wconf 88' lang='lat' dir='ltr'><strong>ostendit:</strong></span> 
     </span>
    </p>
   </div>
   <div class='ocr_carea' id='block_1_11' title="bbox 151 3997 902 4079">
    <p class='ocr_par' dir='ltr' id='par_1_17' title="bbox 151 3997 902 4079">
     <span class='ocr_line' id='line_1_34' title="bbox 151 3997 902 4079; baseline 0.007 -23"><span class='ocrx_word' id='word_1_208' title='bbox 151 3999 253 4056; x_wconf 85' lang='lat' dir='ltr'><strong>Virum</strong></span> <span class='ocrx_word' id='word_1_209' title='bbox 269 3997 432 4072; x_wconf 87' lang='lat' dir='ltr'><strong>Herculem,</strong></span> <span class='ocrx_word' id='word_1_210' title='bbox 446 4017 616 4076; x_wconf 82' lang='lat' dir='ltr'><strong>magnorum</strong></span> <span class='ocrx_word' id='word_1_211' title='bbox 627 3997 761 4057; x_wconf 85' lang='lat' dir='ltr'><strong>scientem</strong></span> <span class='ocrx_word' id='word_1_212' title='bbox 772 4021 902 4079; x_wconf 86' lang='lat' dir='ltr'><strong>operum.</strong></span> 
     </span>
    </p>
   </div>
   <div class='ocr_carea' id='block_1_12' title="bbox 0 0 1317 4628">
    <p class='ocr_par' dir='ltr' id='par_1_18' title="bbox 0 0 1317 4628">
     <span class='ocr_line' id='line_1_35' title="bbox 0 0 1317 4628; baseline 0 0"><span class='ocrx_word' id='word_1_213' title='bbox 0 0 1317 4628; x_wconf 95' lang='lat' dir='ltr'><strong> </strong></span> 
     </span>
    </p>
   </div>
  </div>
 </body>
</html>
