2522 4608
392 291 588 346 nantuacus,
612 293 673 336 tra.
700 293 734 336 11.
838 279 843 289 “
905 355 911 364 .
1008 269 1071 334 515

39 411 130 478 bomo
149 409 259 479 iactus
273 409 348 477 esti
362 411 483 478 adeone
500 412 714 502 impudenter,
730 423 766 476 ut
783 407 865 476 nesi¹
879 429 920 476 an
935 431 1002 476 non
1014 409 1074 474 ho-

38 535 120 588 neste
137 543 179 589 ac
200 521 404 610 temperate?
418 505 459 587 an
476 537 541 588 non
557 520 777 588 considerate?
794 519 890 584 Certo
906 518 993 586 onim
1010 519 1074 584 sci-

36 645 107 709 tote,
127 633 200 721 ipse
225 653 357 721 quoque
376 631 448 698 vino
468 642 609 698 ususest
626 653 726 698 :nam
744 631 810 719 ipse
829 651 957 718 quoque
976 627 1073 694 bomo

35 753 87 806 est.
102 743 143 808 lit
159 743 280 808 vinum
298 741 472 819 benedixit,
490 765 565 808 cum
581 740 660 808 dixit
676 763 685 806 z
705 739 865 828 «Accipe,
880 738 993 813 bibite,
1008 733 1079 804 hoc.

36 879 48 913 ι
62 863 105 917 est
117 851 258 942 sanguis
275 875 367 918 meus
382 850 409 928 ¹,
428 851 582 941 »sanguis
599 851 669 918 vitis
685 873 693 915 ε
713 849 856 918 Verbum
871 847 970 925 enim,
986 845 1072 936 quod

34 983 90 1050 pro
101 962 226 1028 multis
243 957 434 1052 effunditur·
448 967 486 1028 in
499 963 726 1028 remissionem
741 975 963 1052 peccaterum,
980 979 1073 1025 sanc-

37 1081 98 1136 tum
116 1069 244 1139 laetitiae
270 1070 429 1137 fluentum
447 1069 615 1162 allegorica
637 1083 739 1138 vocat.
759 1072 803 1138 Et
818 1069 906 1157 quod
930 1068 1094 1135 sobrium¹

35 1203 97 1246 case
106 1191 245 1270 oportet
259 1203 337 1248 enm
348 1181 510 1270 quibibit,
527 1205 566 1248 ex
580 1205 619 1248 eo
634 1182 720 1271 quod
735 1181 769 1247 in
783 1178 934 1248 conviviis
950 1176 1071 1253 docuit,

36 1303 134 1381 aperte
151 1292 302 1358 ostendit
322 1315 331 1356 ε
348 1315 451 1380 neque
472 1293 559 1360 enim
580 1294 687 1360 ebrius
708 1290 827 1358 docuit.
850 1288 947 1369 Quod
965 1298 1072 1354 antem

37 1401 137 1467 vinum
161 1413 251 1467 esset
267 1399 356 1488 quod
372 1401 575 1470 benedictum
591 1412 652 1478 est,
668 1399 807 1466 ostendit
823 1421 946 1474 rursus,
962 1397 1070 1491 dicens

37 1507 220 1599 discipulis:
241 1535 254 1570 a
271 1508 343 1576 Non
354 1510 463 1576 bibam
473 1533 513 1576 ex
523 1509 631 1576 fructu
641 1509 713 1576 vitis
723 1509 832 1598 hujus,
845 1507 948 1573 donec
959 1506 1071 1572 bibero

36 1619 164 1707 »ipsum
179 1620 350 1687 vobiscum
367 1621 400 1686 in
418 1641 517 1718 regno
534 1619 635 1687 Patris
651 1619 714 1685 mai
734 1616 758 1683 ².
777 1645 791 1681 ι
811 1617 969 1684 Gaeterum
984 1613 1071 1704 quod

34 1728 143 1794 vinum
157 1729 294 1817 quidem
304 1741 386 1796 esset
402 1730 489 1818 quod
504 1731 675 1796 bibebatur
689 1728 868 1804 aDomino,
881 1749 990 1793 rursus
1005 1727 1074 1815 ipse

36 1831 80 1904 de'
93 1841 199 1928 seipso
224 1839 315 1916 dicit,
337 1839 524 1906 Judaeorum
543 1840 648 1907 cordis
671 1840 822 1906 duritiem
848 1838 1072 1928 exprobrans:

46 1947 164 2014 ‹Venit
173 1949 272 2026 enim,
282 1951 406 2036 inquit,
417 1949 517 2016 Filius
529 1951 719 2027 bominis,et
729 1949 840 2028 dicunt
854 1970 864 2013 r
876 1947 1071 2015 Eccehomo

40 2080 177 2134 arom,
192 2071 225 2124 at
237 2070 332 2148 potor
346 2061 423 2138 vini,
439 2059 683 2150 publicanorum
697 2060 818 2126 amicus
838 2057 862 2124 ⁸.
880 2059 983 2125 »llaec
1000 2058 1073 2146 qui·

41 2167 119 2234 dem
134 2169 222 2236 nobis
235 2169 328 2236 firma
340 2181 372 2238 et
387 2169 448 2238 fixa
464 2172 527 2237 sint
538 2171 688 2237 adversus
703 2191 757 2236 cos
774 2169 829 2258 qui
848 2168 997 2235 dicuntur
1011 2165 1073 2234 En-

40 2278 172 2345 cratitae.
186 2278 285 2347 Porro
295 2292 405 2348 autem
416 2280 576 2359 mulieres,
589 2279 714 2348 honesti
730 2301 769 2346 ae
781 2277 888 2346 decori
900 2299 1070 2353 memores.

40 2409 83 2454 no
101 2387 188 2455 labra
202 2387 274 2457 latis
293 2389 446 2459 calicibus
463 2391 692 2467 diffundentes,
715 2387 845 2455 dilatato
863 2409 918 2453 ore
933 2387 1071 2453 disrum-

34 2511 165 2586 pantur,
185 2499 363 2568 admodum
380 2502 519 2592 angustis
536 2503 569 2568 in
591 2524 647 2568 ore
668 2497 832 2568 alabastris
850 2496 1002 2564 indecore
1018 2497 1070 2562 bi-

34 2609 160 2686 bentes,
173 2611 279 2700 capita
290 2611 473 2689 reflectunt,
489 2609 570 2680 oolla
585 2622 691 2678 autem
706 2633 784 2686 non,
798 2619 832 2675 ut
847 2607 926 2674 mihi
939 2607 1069 2696 quidam

35 2719 176 2796 videtur,
191 2720 327 2788 honeste
342 2723 518 2798 denudant,
530 2736 563 2790 et
575 2720 722 2813 jugulum
736 2719 942 2786 extendentes
956 2721 1069 2807 potum

35 2829 251 2920 ingurgitant,
270 2833 359 2921 quasi
372 2831 513 2900 ¹convivis
533 2854 571 2899 aa
587 2855 657 2920 quae
676 2841 809 2920 possunt
828 2829 991 2898 denudare
1005 2841 1069 2894 stu-

37 2937 152 3005 deant:
166 2938 337 3030 virilesque
348 2941 573 3018 eructationes,
585 2939 635 3007 vel
649 2941 753 3030 potius
768 2937 895 3006 serviles
911 2939 1070 3006 attrahen-

37 3047 144 3124 tes‚in
166 3047 246 3115 luxu
265 3063 297 3116 et
314 3051 347 3118 in
364 3049 485 3118 deliciis
504 3061 629 3141 tempus
648 3063 850 3119 consumunt.
878 3047 962 3118 Nihil
983 3049 1069 3114 enim

35 3158 124 3246 qnod
135 3160 293 3249 probrum
316 3159 409 3227 affert
434 3173 467 3227 et
490 3160 769 3250 vituperationem,
785 3160 853 3226 viro
872 3158 926 3248 qui
946 3159 1071 3225 ratione

32 3279 87 3334 est
104 3263 255 3357 preditus
280 3269 446 3347 convenit,
468 3267 571 3337 multo
590 3281 699 3337 autem
723 3268 830 3336 minus
854 3266 999 3344 mulieri.
1017 3268 1071 3336 oui

34 3375 91 3442 vel
100 3377 201 3467 ipsum
212 3379 354 3469 cogitare
368 3403 514 3470 quaenam
525 3381 577 3458 sit,
592 3380 622 3448 ei
636 3379 729 3448 affert
739 3379 906 3470 pudorem.
926 3403 939 3438 ι
954 3377 1005 3444 Ira
1016 3400 1071 3443 au·

37 3513 54 3550 ι
69 3499 140 3566 tem,
157 3491 285 3578 inquit,
304 3513 432 3581 magna,
452 3503 501 3558 cst
519 3489 634 3558 mulier
648 3490 737 3556 ebria
758 3487 768 3522 ⁸
791 3512 800 3553 t
824 3499 1005 3576 »tanquam
1012 3486 1069 3587 ,ira

36 3597 200 3675 norbet,
214 3597 331 3668 mulier
341 3598 525 3668 temulenta.
543 3598 783 3681 Quamobrem?
794 3597 1069 3686 quoniamesnam

35 3731 55 3768 ι
71 3729 129 3775 non
151 3706 236 3776 celat
253 3709 502 3808 turpitudinem.
522 3707 659 3778 »Facile
681 3709 766 3776 enim
782 3705 896 3775 mulier
920 3710 961 3776 ad
974 3707 1068 3780 inho-

86 3857 276 3926 ¹uaru1.nn,
289 3883 328 3932 27,
342 3865 527 3920 28.-²1bid.
539 3885 577 3934 ²9·
591 3865 731 3930 blancam,
743 3867 781 3917 2⁵.
795 3865 844 3905 -l
856 3866 916 3916 Luc.
928 3883 973 3928 ru,
983 3863 1024 3924 36.
1038 3891 1069 3903 -
1164 3879 1174 3902 ⁹

38 3928 136 3988 ⁸lateii.
147 3948 217 3997 mr,
228 3938 253 3989 8.
