2570 4614
145 340 148 345 Δ
224 251 288 315 218
533 271 704 318 curunrms
728 273 936 318 ιιιιιιιιιιιιιιιι

221 391 357 458 lactibus
369 391 482 458 nostris
497 385 677 466 medentum
697 392 812 458 deinde
824 412 898 458 vero
908 392 1052 469 doctore,
1064 394 1121 480 qui
1139 413 1258 480 puram

221 501 360 569 <leducat
374 503 512 568 animam
531 501 572 568 ad
587 501 775 592 cognitionis
794 501 1018 591 aptitudinem,
1033 514 1070 567 ιιι
1085 500 1189 590 possit
1205 525 1258 566 re-

223 610 410 683 velationem
424 613 577 680 sermonis
591 613 765 703 percipere.
782 612 881 679 Porro
900 624 1008 678 autem
1020 611 1107 677 ¹dum
1124 610 1256 676 salutari

221 721 334 810 gradu,
349 721 471 790 efficaci
486 720 657 811 disciplinas
672 723 885 803 convenienti,
901 745 958 790 nos
973 721 1081 788 studet
1095 721 1256 810 perlaetus

222 843 255 898 et
269 843 503 901 eonsummatos
518 833 663 910 reddere,
678 831 811 923 pulebra
824 833 924 900 utitur
934 833 1116 900 oeeonomia
1130 853 1257 919 semper

83 941 87 1040 Ἰ
221 941 1052 1033 benignumethominumamansllarbum,primum
1063 940 1253 1016 roboream,

221 1051 338 1129 deinde
353 1050 486 1142 fungens
496 1053 678 1144 Perlegogi
691 1052 809 1130 officio,
822 1053 952 1120 tandem
962 1053 1090 1119 domna.

585 1301 590 1310 '
625 1303 775 1372 CAPUT
798 1305 841 1372 ll.
950 1325 957 1337 ·

313 1486 398 1567 Quod
404 1501 514 1565 propter
520 1503 631 1565 pereum
640 1503 733 1550 uerba
743 1511 793 1548 nas
805 1487 957 1550 moderetur
968 1486 1163 1568 Padugogus.

267 1702 458 1792 Poedagogua
479 1719 585 1772 autem
606 1705 744 1781 noster¹‚
765 1728 787 1771 o
806 1729 861 1773 roa
881 1705 984 1796 pueri.
1006 1704 1076 1771 Deo
1094 1703 1185 1770 Pam
1198 1726 1250 1769 ruo

223 1813 409 1892 estsimilis,
425 1817 518 1905 eujus
532 1828 580 1883 est
593 1815 690 1892 lilius,
707 1817 739 1884 in
762 1839 858 1906 quem
879 1813 1005 1882 nullum
1022 1813 1159 1882 omnino
1172 1813 1251 1884 eadit

85 1925 89 1936 '
222 1934 403 2014 peccalum,
418 1936 529 2014 estque
545 1923 623 1992 nulli
637 1925 874 2014 reprehensioni
888 1923 1005 2003 affinia.
1020 1936 1054 1992 at
1070 1925 1183 1992 maimo
1196 1923 1250 1990 irn-

128 2039 133 2047 '
221 2032 359 2124 patibilis
377 2057 386 2100 ι
404 2034 489 2101 Deus
504 2017 538 2101 in
555 2035 655 2126 ligura
672 2035 808 2103 bominis
828 2033 1026 2126 impollutus,
1041 2046 1188 2124 paternae
1201 2057 1251 2101 ιο·

128 2217 131 2222 ,
222 2142 337 2210 lunam
353 2145 504 2222 serviens,
515 2142 659 2213 Verbum
673 2144 773 2221 Deus,
791 2145 846 2233 qui
860 2157 909 2210 ast
926 2144 959 2212 ‘m
974 2143 1081 2222 Patre,
1097 2144 1158 2232 qui
1175 2153 1250 2210 esla

220 2253 339 2322 dextris
349 2253 463 2350 Patris,
474 2267 507 2322 et
518 2278 594 2322 eum
605 2255 705 2346 ligura
720 2256 805 2323 Dens
816 2267 873 2322 ast.
887 2255 948 2322 llic
963 2255 1055 2322 nobis
1069 2265 1123 2322 eat
1137 2255 1249 2342 imago.

222 2364 255 2429 in
277 2386 341 2452 qua
362 2361 449 2430 nulla
472 2375 520 2430 est
540 2363 675 2431 macula.
702 2363 740 2430 Ei
761 2365 910 2432 omnibus
926 2363 1044 2432 viribus
1064 2362 1250 2430 tentandum

219 2483 269 2538 est
291 2471 429 2570 animam
451 2472 586 2540 similem
605 2473 741 2540 effieare.
764 2476 806 2541 Ει
824 2473 877 2542 ille
896 2473 1026 2562 pridem
1044 2474 1086 2540 ab
1105 2471 1251 2540 omnibns

220 2580 368 2648 humanis
383 2583 480 2650 animi
500 2584 790 2672 perturbationibus
805 2597 853 2652 eal
873 2582 964 2652 liber.
981 2583 1158 2672 Propterea
1173 2583 1250 2650 enim

220 2691 270 2758 vel
286 2691 371 2758 solus
389 2705 437 2759 est
456 2692 565 2780 judex,
580 2693 669 2783 quad
681 2693 765 2776 solus
785 2695 826 2760 sit
839 2695 874 2762 in
888 2715 984 2783 quem
998 2703 1173 2783 pennatum
1195 2714 1249 2759 nou

221 2789 315 2868 eadit.
334 2799 405 2866 Nos
422 2812 541 2891 autem,
557 2801 662 2889 quoad
680 2801 750 2871 lieri
764 2805 893 2892 poterit,
910 2814 946 2870 ιιι
968 2825 1064 2892 quam
1085 2802 1251 2869 minimum

220 2931 404 2999 peucemus,
417 2910 589 2979 videamus.
604 2911 689 2981 Nihil
699 2913 786 2980 anim
797 2913 910 3002 majori
922 2935 1007 2980 eure
1018 2935 1057 2980 ao
1067 2912 1179 2979 studio
1190 2934 1250 2978 sae

220 3021 433 3110 debet,quam
444 3035 480 3088 ut
490 3023 704 3095 aballeelibus
715 3025 896 3114 morbisque
906 3024 1049 3114 primum
1060 3021 1249 3095 liberemurr

157 3211 160 3218 Ι
221 3133 336 3200 deinde
354 3157 442 3212 vero,
459 3147 496 3200 ιιι
515 3135 739 3224 prohibeamus
754 3159 795 3202 na
809 3136 843 3204 in
857 3146 1063 3225 peeealorum
1081 3145 1252 3202 eonsuetu-

220 3243 330 3310 dinem
343 3243 435 3310 saeile
448 3243 661 3334 prolabamur.
678 3247 782 3336 lltqua
793 3245 949 3336 optimum
960 3244 1091 3334 quidem
1102 3256 1155 3311 eet
1167 3242 1251 3310 nullo

219 3353 316 3420 modo
330 3375 464 3443 peceare
479 3355 621 3443 penitasr
641 3355 729 3444 quod
742 3354 800 3421 Dei
815 3375 883 3421 essa
899 3353 1055 3421 dicimus:
1073 3353 1251 3420 seeundum

220 3474 340 3539 autem,
353 3461 477 3530 nullum
490 3487 530 3530 ex
543 3462 725 3532 voluntariis
738 3463 892 3554 attingere
907 3461 1086 3538 maleficiis
1102 3462 1194 3551 quod
1209 3473 1251 3530 aul

220 3573 385 3662 proprium
404 3575 562 3665 sapientis.
584 3574 728 3642 Tertium
747 3587 807 3652 eal,
831 3573 865 3640 in
886 3570 1176 3642 involuntarium
1190 3591 1250 3638 nou

221 3682 301 3750 adeo
315 3683 414 3754 multa
429 3687 567 3756 incidere
576 3711 586 3762 ι
605 3687 691 3775 quod
711 3699 759 3754 est
772 3686 938 3777 proprium
952 3707 1064 3752 eorum
1081 3683 1171 3773 quia
1187 3680 1251 3748 Pe-

223 3791 344 3884 olagogo
362 3794 512 3885 preclare
533 3796 666 3864 instituti
686 3795 785 3866 luere.
813 3796 956 3868 Peucolis
976 3805 1091 3864 autem
1110 3816 1179 3864 non
1202 3790 1249 3858 <liu

252 3927 262 3968 ¹
276 3926 341 3978 vide
354 3927 385 3977 Ι).
397 3928 507 3994 uuilon,
520 3945 545 3996 p.
558 3928 615 3988 lar.
