2522 4608
156 295 217 360 512
468 319 641 384 cnnussrrs
666 319 877 362 nnsxnnnrnm

154 435 253 502 Amos
269 431 413 500 elocutus
433 458 464 499 :r
479 434 543 514 Qui
563 435 678 502 hibunt
694 434 802 500 vinum
817 429 1029 522 percolatum,
1044 441 1076 494 et
1092 452 1189 519 super

155 573 169 608 s
184 543 317 621 lectum,
333 545 456 631 inquit,
475 545 587 610 sedent
601 547 780 612 eburneum
797 543 830 608 ¹:
846 554 905 610 »et
919 563 1130 630 quaecumquc
1140 540 1189 606 his

156 651 268 718 similia
282 655 391 741 probri
403 651 476 720 loco
491 654 665 742 subjunxit.
683 653 816 729 Decoris
828 663 936 718 autem
947 675 1025 718 cura
1035 663 1084 716 cst
1095 651 1190 716 maxi·

155 785 207 829 me
230 763 367 851 gerenda
388 764 504 851 (cujus
518 738 619 830 etiam¹
634 763 827 841 Minervam,
843 783 1054 851 quaecumque
1068 783 1105 827 ea
1121 760 1190 826 l'ue-

155 873 210 950 rit,
224 894 335 938 curam
346 883 508 962 gerentem
525 874 602 940 dicit
617 870 736 950 sabula,
749 872 901 939 tibiarum
912 869 1068 960 abjecisse
1082 868 1192 936 deloc-

79 1021 87 1038 ·
154 983 327 1057 tationem,
350 995 517 1072 propterea
537 984 623 1072 quod
645 984 678 1050 id
699 995 783 1050 esset
806 991 936 1071 aspectu
956 981 1189 1066 indecorum);

155 1103 192 1158 ut
207 1094 358 1159 nimirum
373 1092 462 1160 vultu
479 1092 583 1160 stabili
599 1113 637 1160 ac
651 1093 782 1160 minime
798 1093 934 1158 distorto
948 1091 1110 1164 bibamus,
1129 1112 1193 1156 non

154 1203 249 1270 nimis
266 1204 359 1271 avide
374 1204 581 1280 attrahentes,
598 1227 677 1282 nec,
693 1215 864 1293 antequam
879 1202 1070 1277 biberimus,
1081 1198 1194 1267 oculos

153 1312 304 1380 indecore
319 1336 353 1378 se
373 1336 483 1402 gerere
501 1323 663 1402 cogentes,
686 1335 751 1402 prae
773 1312 1019 1402 intemperantia
1039 1311 1194 1378 inconse-
1260 1388 1261 1391 Ἴ

14 1473 17 1480 .
129 1421 279 1488 'nienter
304 1419 505 1493 haurientesc
531 1428 567 1483 ut
593 1430 740 1486 mentum
763 1442 829 1485 non
851 1441 1118 1508 conspergamus,
1134 1439 1195 1484 neo

154 1541 275 1596 vestem
290 1529 548 1605 madefaciamus,
566 1529 644 1595 dum
663 1539 758 1618 potus
773 1526 867 1594 simul
886 1539 973 1595 totus
996 1527 1191 1600 infunditur,
1260 1546 1261 1549 ’

154 1640 269 1706 faciem
280 1650 421 1706 nostram
431 1637 545 1727 phialis
554 1638 750 1728 proluentes,
763 1650 857 1728 atque
866 1640 946 1706 adeo
955 1638 1192 1729 propemodum
1259 1681 1260 1728 1

156 1750 339 1815 obruentes.
354 1746 482 1812 Etenim
497 1771 657 1824 susurrus,
671 1747 748 1813 dum
759 1759 854 1836 potus
866 1771 984 1837 magno
998 1747 1193 1836 impetufer-

153 1871 220 1934 tur,
234 1870 266 1924 et
280 1857 419 1947 plurimo
433 1857 545 1946 spirit-u
557 1855 738 1932 attrahitur,
751 1857 883 1947 perinde
894 1879 933 1923 ac
943 1856 968 1922 si
983 1856 1016 1922 in
1028 1879 1082 1922 vas
1093 1853 1189 1922 iictiie

154 1967 354 2044 infundatur,
370 1967 488 2042 editus,
505 1975 632 2056 gutture
650 1975 819 2032 resonante
838 1989 896 2054 per
915 1964 1063 2055 rapidam
1083 1963 1190 2053 ingur-

154 2079 354 2168 gitationem,
377 2089 471 2168 turpe
490 2088 539 2144 est
559 2089 592 2142 et
613 2077 801 2144 indecorum
824 2075 1080 2166 intemperantiae
1103 2097 1194 2164 spec·

154 2186 310 2254 taculum.
329 2189 462 2255 Accedit
477 2187 541 2263 his,
559 2187 647 2275 quod
668 2188 698 2253 ei
716 2210 844 2276 quoque
863 2198 912 2252 est
931 2185 1130 2253 damnosum
1143 2183 1194 2274 qui
1260 2194 1261 2199 ’

156 2298 212 2366 illo
236 2301 349 2376 utitur,
366 2310 461 2388 potus
483 2298 634 2366 studium.
661 2298 707 2365 Ne
730 2298 825 2364 adid
852 2295 939 2386 quod
957 2297 1018 2364 tihi
1042 2296 1196 2362 damnum

155 2409 261 2486 affert,
283 2433 303 2474 o
318 2410 436 2486 amice„
450 2410 655 2482 festinaveris.
677 2409 748 2476 Non
768 2407 903 2498 eripitur
923 2407 984 2475 tibi
1004 2417 1121 2496 potus,
1141 2405 1196 2470 tihi
1259 2415 1260 2466 J

154 2523 247 2590 datus
262 2533 323 2597 est,
336 2534 368 2587 et
383 2533 415 2587 te
430 2533 576 2610 expectat
594 2545 602 2587 :
620 2545 661 2587 ne
677 2520 831 2610 disrumpi
846 2517 1064 2594 festinaveris,
1074 2516 1197 2606 ingenti

152 2631 245 2697 hiatu
267 2629 439 2696 attrahens.
466 2629 621 2718 Impletur
644 2640 700 2696 tua
725 2628 804 2706 sitis,
831 2629 889 2694 etsi
912 2626 1037 2694 tardius
1060 2626 1197 2699 bitteris,

154 2740 289 2806 honeste
315 2761 353 2804 ac
376 2738 492 2805 decore
514 2751 546 2804 te
570 2762 696 2828 gerens,
718 2738 796 2803 dum
817 2749 931 2828 potus,
947 2747 984 2800 ut
1006 2737 1121 2810 decet,
1142 2758 1200 2823 per

154 2860 260 2939 partes
275 2849 436 2915 dividitur.
456 2847 526 2914 Non
541 2851 627 2916 enim
643 2859 788 2936 tempore
805 2847 959 2923 aufertur,
978 2845 1068 2934 quod
1084 2843 1201 2934 prati-

154 2964 243 3052 pitur
258 2965 299 3029 ah
318 2961 571 3050 intemperantia.
591 2960 653 3026 «ln
664 2959 752 3036 vino,
769 2959 891 3046 inquit,
907 2980 948 3024 ne
963 2967 996 3022 te
1010 2955 1124 3021 virum
1137 2954 1205 3022 sor-
1259 3001 1260 3032 ÷

153 3102 167 3137 r
184 3084 250 3138 tem
265 3073 407 3162 praebeas
425 3094 433 3136 :
453 3068 571 3136 multos
585 3068 672 3134 enim
693 3068 802 3134 vinnm
824 3065 960 3133 reddidit
981 3063 1118 3131 inutiles
1138 3063 1163 3128 ².
1180 3095 1196 3127 ι

154 3183 317 3250 Ebrietate
333 3193 439 3247 autem
455 3179 592 3246 maxime
609 3188 743 3246 utuntur
758 3177 898 3266 Scytha,
916 3173 1029 3252 Celtae,
1046 3174 1149 3250 lheri,
1167 3157 1207 3239 et

154 3291 308 3368 Thraces,
332 3279 402 3380 quae
417 3289 570 3356 universae
588 3298 663 3358 sunt
677 3285 835 3356 belticosae
849 3296 960 3375 gentes
980 3308 994 3354 :¹
1006 3283 1209 3375 pulchrum·

154 3425 216 3491 que
227 3425 265 3470 ac
276 3404 407 3470 beatum
417 3401 489 3466 vitae
500 3397 642 3468 studium
654 3421 687 3462 se
698 3405 984 3484 exercereputant,
992 3395 1057 3462 Nos
1069 3407 1209 3470 antem,
1259 3379 1260 3382 Ἴ

154 3511 210 3600 qui
227 3533 336 3577 sumus
354 3531 453 3599 genus
474 3505 663 3598 pacificum,¹
674 3505 716 3572 ad
731 3527 837 3581 usum,
853 3527 918 3571 non
930 3503 972 3572 ad
980 3502 1212 3594 petulantiam

92 3675 97 3686 .
155 3607 370 3694 convivantes,
398 3616 510 3684 sohriia
529 3615 695 3682 haustibus
718 3613 863 3686 amicitie
884 3635 960 3704 ergo
981 3613 1141 3690 hihimns,
1169 3627 1214 3681 ut

99 3802 105 3815 ,
153 3751 265 3798 revera
285 3729 510 3794 convenienter
530 3726 651 3793 nomini
674 3725 882 3794 ostendantur
898 3723 1071 3790 amicitie.
1099 3723 1213 3804 Quo-

155 3836 251 3910 modo
272 3836 446 3903 Dominum
467 3836 585 3902 hihisse
607 3835 803 3913 existimatis,
827 3836 955 3924 quando
977 3845 1113 3925 propter
1141 3859 1214 3902 nos

187 3963 268 4018 ihm.
281 3980 315 4026 rr,
327 3965 352 4028 6,
364 3967 388 4025 4.
403 3963 543 4020 attacti.
554 3983 624 4028 mr,
635 3967 672 4015 25.
752 3961 753 3964 ’
