<?xml version="1.0" encoding="UTF-8"?>
<!DOCTYPE html PUBLIC "-//W3C//DTD XHTML 1.0 Transitional//EN"
    "http://www.w3.org/TR/xhtml1/DTD/xhtml1-transitional.dtd">
<html xmlns="http://www.w3.org/1999/xhtml" xml:lang="en" lang="en">
 <head>
  <title>
</title>
<meta http-equiv="Content-Type" content="text/html;charset=utf-8" />
  <meta name='ocr-system' content='tesseract 3.04.00' />
  <meta name='ocr-capabilities' content='ocr_page ocr_carea ocr_par ocr_line ocrx_word'/>
</head>
<body>
  <div class='ocr_page' id='page_1' title='image "./collectioselect00guilgoog_0242.png"; bbox 0 0 2570 4614; ppageno 0'>
   <div class='ocr_carea' id='block_1_1' title="bbox 225 255 941 342">
    <p class='ocr_par' dir='ltr' id='par_1_1' title="bbox 225 255 941 342">
     <span class='ocr_line' id='line_1_1' title="bbox 225 255 941 342; baseline -0.008 0"><span class='ocrx_word' id='word_1_1' title='bbox 225 273 288 342; x_wconf 71' lang='lat' dir='ltr'><strong>stt</strong></span> <span class='ocrx_word' id='word_1_2' title='bbox 536 255 709 341; x_wconf 61' lang='lat' dir='ltr'><strong>cna&#39;uaarrs</strong></span> <span class='ocrx_word' id='word_1_3' title='bbox 733 291 941 338; x_wconf 70' lang='lat' dir='ltr'><strong>munerentur</strong></span> 
     </span>
    </p>
   </div>
   <div class='ocr_carea' id='block_1_2' title="bbox 117 407 1277 2141">
    <p class='ocr_par' dir='ltr' id='par_1_2' title="bbox 117 397 1277 2141">
     <span class='ocr_line' id='line_1_2' title="bbox 220 407 1244 503; baseline -0.005 -24"><span class='ocrx_word' id='word_1_4' title='bbox 220 435 317 503; x_wconf 85' lang='lat' dir='ltr'><strong>quam</strong></span> <span class='ocrx_word' id='word_1_5' title='bbox 329 411 362 478; x_wconf 92' lang='lat' dir='ltr'><strong>id</strong></span> <span class='ocrx_word' id='word_1_6' title='bbox 375 411 461 502; x_wconf 88' lang='lat' dir='ltr'><strong>quod</strong></span> <span class='ocrx_word' id='word_1_7' title='bbox 479 411 670 501; x_wconf 77' lang='lat' dir='ltr'><strong>promissum</strong></span> <span class='ocrx_word' id='word_1_8' title='bbox 680 422 748 477; x_wconf 90' lang='lat' dir='ltr'><strong>erat</strong></span> <span class='ocrx_word' id='word_1_9' title='bbox 763 411 849 499; x_wconf 88' lang='lat' dir='ltr'><strong>prius</strong></span> <span class='ocrx_word' id='word_1_10' title='bbox 868 409 1001 498; x_wconf 85' lang='lat' dir='ltr'><strong>asaoqui.</strong></span> <span class='ocrx_word' id='word_1_11' title='bbox 1017 407 1090 476; x_wconf 87' lang='lat' dir='ltr'><strong>Non</strong></span> <span class='ocrx_word' id='word_1_12' title='bbox 1106 409 1200 474; x_wconf 89' lang='lat' dir='ltr'><strong>enim</strong></span> <span class='ocrx_word' id='word_1_13' title='bbox 1222 440 1244 465; x_wconf 60' lang='grc' dir='ltr'><em>κ</em></span> 
     </span>
     <span class='ocr_line' id='line_1_3' title="bbox 222 521 1258 613; baseline -0.001 -24"><span class='ocrx_word' id='word_1_14' title='bbox 222 523 295 590; x_wconf 87' lang='lat' dir='ltr'><strong>dem</strong></span> <span class='ocrx_word' id='word_1_15' title='bbox 309 536 453 613; x_wconf 81' lang='lat' dir='ltr'><strong>tempore</strong></span> <span class='ocrx_word' id='word_1_16' title='bbox 463 524 560 590; x_wconf 85' lang='lat' dir='ltr'><strong>ambo</strong></span> <span class='ocrx_word' id='word_1_17' title='bbox 575 521 668 589; x_wconf 81' lang='lat' dir='ltr'><strong>simul</strong></span> <span class='ocrx_word' id='word_1_18' title='bbox 680 522 850 590; x_wconf 67' lang='lat' dir='ltr'><strong>eonsntero</strong></span> <span class='ocrx_word' id='word_1_19' title='bbox 865 521 1012 596; x_wconf 82' lang='lat' dir='ltr'><strong>dicimus,</strong></span> <span class='ocrx_word' id='word_1_20' title='bbox 1030 541 1150 608; x_wconf 88' lang='lat' dir='ltr'><strong>nempe</strong></span> <span class='ocrx_word' id='word_1_21' title='bbox 1166 531 1204 586; x_wconf 88' lang='lat' dir='ltr'><strong>et</strong></span> <span class='ocrx_word' id='word_1_22' title='bbox 1214 543 1232 585; x_wconf 88' lang='lat' dir='ltr'><strong>a</strong></span> <span class='ocrx_word' id='word_1_23' title='bbox 1243 558 1258 589; x_wconf 71' lang='grc' dir='ltr'><strong>ι,</strong></span> 
     </span>
     <span class='ocr_line' id='line_1_4' title="bbox 221 629 1244 722; baseline -0.006 -20"><span class='ocrx_word' id='word_1_24' title='bbox 221 655 345 702; x_wconf 74' lang='lat' dir='ltr'><strong>cesamo</strong></span> <span class='ocrx_word' id='word_1_25' title='bbox 357 631 399 698; x_wconf 85' lang='lat' dir='ltr'><strong>ed</strong></span> <span class='ocrx_word' id='word_1_26' title='bbox 412 631 522 712; x_wconf 81' lang='lat' dir='ltr'><strong>finem,</strong></span> <span class='ocrx_word' id='word_1_27' title='bbox 539 645 571 699; x_wconf 88' lang='lat' dir='ltr'><strong>et</strong></span> <span class='ocrx_word' id='word_1_28' title='bbox 584 655 730 700; x_wconf 73' lang='lat' dir='ltr'><strong>scemam</strong></span> <span class='ocrx_word' id='word_1_29' title='bbox 742 631 1012 722; x_wconf 74' lang='lat' dir='ltr'><strong>anticipationem.</strong></span> <span class='ocrx_word' id='word_1_30' title='bbox 1024 629 1098 696; x_wconf 89' lang='lat' dir='ltr'><strong>Non</strong></span> <span class='ocrx_word' id='word_1_31' title='bbox 1111 642 1163 696; x_wconf 82' lang='lat' dir='ltr'><strong>est</strong></span> <span class='ocrx_word' id='word_1_32' title='bbox 1176 631 1244 696; x_wconf 85' lang='lat' dir='ltr'><strong>en&#39;</strong></span> 
     </span>
     <span class='ocr_line' id='line_1_5' title="bbox 183 741 1248 834; baseline -0.006 -22"><span class='ocrx_word' id='word_1_33' title='bbox 183 752 186 758; x_wconf 87' lang='lat'>&#39;</span> <span class='ocrx_word' id='word_1_34' title='bbox 219 745 318 823; x_wconf 84' lang='lat' dir='ltr'><strong>idem,</strong></span> <span class='ocrx_word' id='word_1_35' title='bbox 337 743 442 810; x_wconf 74' lang='lat' dir='ltr'><strong>mium</strong></span> <span class='ocrx_word' id='word_1_36' title='bbox 457 753 491 810; x_wconf 87' lang='lat' dir='ltr'><strong>et</strong></span> <span class='ocrx_word' id='word_1_37' title='bbox 508 756 659 834; x_wconf 79' lang='lat' dir='ltr'><strong>tempusr</strong></span> <span class='ocrx_word' id='word_1_38' title='bbox 678 742 735 810; x_wconf 84' lang='lat' dir='ltr'><strong>red</strong></span> <span class='ocrx_word' id='word_1_39' title='bbox 755 765 859 832; x_wconf 84' lang='lat' dir='ltr'><strong>neque</strong></span> <span class='ocrx_word' id='word_1_40' title='bbox 876 742 962 809; x_wconf 91' lang='lat' dir='ltr'><strong>idem</strong></span> <span class='ocrx_word' id='word_1_41' title='bbox 982 753 1032 807; x_wconf 85' lang='lat' dir='ltr'><strong>est</strong></span> <span class='ocrx_word' id='word_1_42' title='bbox 1053 741 1217 832; x_wconf 71' lang='lat' dir='ltr'><strong>appetitio</strong></span> <span class='ocrx_word' id='word_1_43' title='bbox 1240 786 1248 795; x_wconf 69' lang='lat'>„</span> 
     </span>
     <span class='ocr_line' id='line_1_6' title="bbox 220 855 1246 927; baseline -0.001 -6"><span class='ocrx_word' id='word_1_44' title='bbox 220 855 301 923; x_wconf 86' lang='lat' dir='ltr'><strong>linis.</strong></span> <span class='ocrx_word' id='word_1_45' title='bbox 324 855 395 923; x_wconf 87' lang='lat' dir='ltr'><strong>Non</strong></span> <span class='ocrx_word' id='word_1_46' title='bbox 411 867 508 924; x_wconf 80' lang='lat' dir='ltr'><strong>certe.</strong></span> <span class='ocrx_word' id='word_1_47' title='bbox 529 855 622 923; x_wconf 87' lang='lat' dir='ltr'><strong>Ciroa</strong></span> <span class='ocrx_word' id='word_1_48' title='bbox 644 877 744 921; x_wconf 91' lang='lat' dir='ltr'><strong>unum</strong></span> <span class='ocrx_word' id='word_1_49' title='bbox 763 867 872 921; x_wconf 88' lang='lat' dir='ltr'><strong>autem</strong></span> <span class='ocrx_word' id='word_1_50' title='bbox 892 855 998 927; x_wconf 86' lang='lat' dir='ltr'><strong>ambo,</strong></span> <span class='ocrx_word' id='word_1_51' title='bbox 1019 863 1054 919; x_wconf 89' lang='lat' dir='ltr'><strong>et</strong></span> <span class='ocrx_word' id='word_1_52' title='bbox 1071 877 1159 922; x_wconf 80' lang='lat' dir='ltr'><strong>unna</strong></span> <span class='ocrx_word' id='word_1_53' title='bbox 1236 892 1246 909; x_wconf 59' lang='grc' dir='ltr'>ι</span> 
     </span>
     <span class='ocr_line' id='line_1_7' title="bbox 219 961 1248 1054; baseline -0.003 -22"><span class='ocrx_word' id='word_1_54' title='bbox 219 967 315 1033; x_wconf 84' lang='lat' dir='ltr'><strong>ambo</strong></span> <span class='ocrx_word' id='word_1_55' title='bbox 333 978 485 1034; x_wconf 82' lang='lat' dir='ltr'><strong>versatur.</strong></span> <span class='ocrx_word' id='word_1_56' title='bbox 507 965 564 1032; x_wconf 79' lang='lat' dir='ltr'><strong>Eat</strong></span> <span class='ocrx_word' id='word_1_57' title='bbox 581 975 701 1042; x_wconf 86' lang='lat' dir='ltr'><strong>autem,</strong></span> <span class='ocrx_word' id='word_1_58' title='bbox 721 977 758 1030; x_wconf 91' lang='lat' dir='ltr'><strong>ut</strong></span> <span class='ocrx_word' id='word_1_59' title='bbox 773 964 817 1030; x_wconf 91' lang='lat' dir='ltr'><strong>ita</strong></span> <span class='ocrx_word' id='word_1_60' title='bbox 835 963 954 1041; x_wconf 86' lang='lat' dir='ltr'><strong>dioarn,</strong></span> <span class='ocrx_word' id='word_1_61' title='bbox 973 964 1144 1054; x_wconf 77' lang='lat' dir='ltr'><strong>appetitio,</strong></span> <span class='ocrx_word' id='word_1_62' title='bbox 1165 961 1206 1028; x_wconf 88' lang='lat' dir='ltr'><strong>li·</strong></span> <span class='ocrx_word' id='word_1_63' title='bbox 1224 994 1248 1020; x_wconf 54' lang='lat' dir='ltr'><strong>e</strong></span> 
     </span>
     <span class='ocr_line' id='line_1_8' title="bbox 218 1071 1224 1164; baseline -0.002 -22"><span class='ocrx_word' id='word_1_64' title='bbox 218 1096 288 1164; x_wconf 75' lang='lat' dir='ltr'><strong>quse</strong></span> <span class='ocrx_word' id='word_1_65' title='bbox 309 1075 343 1142; x_wconf 89' lang='lat' dir='ltr'><strong>in</strong></span> <span class='ocrx_word' id='word_1_66' title='bbox 362 1087 506 1164; x_wconf 78' lang='lat' dir='ltr'><strong>tempore</strong></span> <span class='ocrx_word' id='word_1_67' title='bbox 526 1085 714 1164; x_wconf 75' lang='lat' dir='ltr'><strong>generetur:</strong></span> <span class='ocrx_word' id='word_1_68' title='bbox 729 1071 802 1140; x_wconf 81' lang='lat' dir='ltr'><strong>linis</strong></span> <span class='ocrx_word' id='word_1_69' title='bbox 819 1083 940 1151; x_wconf 84' lang='lat' dir='ltr'><strong>autem,</strong></span> <span class='ocrx_word' id='word_1_70' title='bbox 955 1073 1104 1162; x_wconf 86' lang='lat' dir='ltr'><strong>promissi</strong></span> <span class='ocrx_word' id='word_1_71' title='bbox 1128 1095 1224 1140; x_wconf 84' lang='lat' dir='ltr'><strong>essee</strong></span> 
     </span>
     <span class='ocr_line' id='line_1_9' title="bbox 218 1181 1221 1272; baseline -0.001 -22"><span class='ocrx_word' id='word_1_72' title='bbox 218 1185 263 1251; x_wconf 83' lang='lat' dir='ltr'><strong>tio</strong></span> <span class='ocrx_word' id='word_1_73' title='bbox 279 1184 372 1252; x_wconf 84' lang='lat' dir='ltr'><strong>lirma</strong></span> <span class='ocrx_word' id='word_1_74' title='bbox 392 1207 431 1252; x_wconf 90' lang='lat' dir='ltr'><strong>ao</strong></span> <span class='ocrx_word' id='word_1_75' title='bbox 456 1183 575 1252; x_wconf 83' lang='lat' dir='ltr'><strong>stabilis</strong></span> <span class='ocrx_word' id='word_1_76' title='bbox 602 1185 635 1251; x_wconf 92' lang='lat' dir='ltr'><strong>in</strong></span> <span class='ocrx_word' id='word_1_77' title='bbox 658 1182 782 1252; x_wconf 80' lang='lat' dir='ltr'><strong>saeoula.</strong></span> <span class='ocrx_word' id='word_1_78' title='bbox 809 1181 880 1272; x_wconf 86' lang='lat' dir='ltr'><strong>ipae</strong></span> <span class='ocrx_word' id='word_1_79' title='bbox 898 1195 1006 1252; x_wconf 89' lang='lat' dir='ltr'><strong>autem</strong></span> <span class='ocrx_word' id='word_1_80' title='bbox 1021 1183 1185 1251; x_wconf 74' lang='lat' dir='ltr'><strong>nomines</strong></span> <span class='ocrx_word' id='word_1_81' title='bbox 1219 1236 1221 1239; x_wconf 14' lang='lat' dir='ltr'><strong>a</strong></span> 
     </span>
     <span class='ocr_line' id='line_1_10' title="bbox 218 1291 1258 1384; baseline 0.002 -24"><span class='ocrx_word' id='word_1_82' title='bbox 218 1293 291 1362; x_wconf 89' lang='lat' dir='ltr'><strong>lutia</strong></span> <span class='ocrx_word' id='word_1_83' title='bbox 307 1293 519 1384; x_wconf 76' lang='lat' dir='ltr'><strong>arqunlitstem</strong></span> <span class='ocrx_word' id='word_1_84' title='bbox 536 1294 734 1384; x_wconf 83' lang='lat' dir='ltr'><strong>apertissime</strong></span> <span class='ocrx_word' id='word_1_85' title='bbox 753 1291 914 1370; x_wconf 80' lang='lat' dir='ltr'><strong>revelarit,</strong></span> <span class='ocrx_word' id='word_1_86' title='bbox 932 1315 1008 1362; x_wconf 87' lang='lat' dir='ltr'><strong>oum</strong></span> <span class='ocrx_word' id='word_1_87' title='bbox 1026 1293 1106 1361; x_wconf 84' lang='lat' dir='ltr'><strong>dixit</strong></span> <span class='ocrx_word' id='word_1_88' title='bbox 1125 1316 1133 1358; x_wconf 77' lang='grc' dir='ltr'>ι</span> <span class='ocrx_word' id='word_1_89' title='bbox 1153 1293 1258 1361; x_wconf 48' lang='lat' dir='ltr'><strong>«tter</strong></span> 
     </span>
     <span class='ocr_line' id='line_1_11' title="bbox 218 1399 1258 1491; baseline 0.002 -25"><span class='ocrx_word' id='word_1_90' title='bbox 218 1415 294 1470; x_wconf 80' lang='lat' dir='ltr'><strong>»eat</strong></span> <span class='ocrx_word' id='word_1_91' title='bbox 307 1403 394 1470; x_wconf 89' lang='lat' dir='ltr'><strong>enim</strong></span> <span class='ocrx_word' id='word_1_92' title='bbox 408 1400 553 1470; x_wconf 81' lang='lat' dir='ltr'><strong>voluntas</strong></span> <span class='ocrx_word' id='word_1_93' title='bbox 564 1401 665 1470; x_wconf 85' lang='lat' dir='ltr'><strong>Patris</strong></span> <span class='ocrx_word' id='word_1_94' title='bbox 679 1402 756 1479; x_wconf 88' lang='lat' dir='ltr'><strong>mel,·</strong></span> <span class='ocrx_word' id='word_1_95' title='bbox 776 1412 812 1468; x_wconf 89' lang='lat' dir='ltr'><strong>ut</strong></span> <span class='ocrx_word' id='word_1_96' title='bbox 826 1401 929 1470; x_wconf 88' lang='lat' dir='ltr'><strong>omnis</strong></span> <span class='ocrx_word' id='word_1_97' title='bbox 945 1402 1000 1489; x_wconf 91' lang='lat' dir='ltr'><strong>qui</strong></span> <span class='ocrx_word' id='word_1_98' title='bbox 1017 1399 1208 1491; x_wconf 74' lang='lat' dir='ltr'><strong>contempla</strong></span> <span class='ocrx_word' id='word_1_99' title='bbox 1229 1434 1233 1455; x_wconf 84' lang='lat'><em>=</em></span> <span class='ocrx_word' id='word_1_100' title='bbox 1257 1450 1258 1453; x_wconf 63' lang='lat'>,</span> 
     </span>
     <span class='ocr_line' id='line_1_12' title="bbox 216 1511 1277 1601; baseline 0.004 -27"><span class='ocrx_word' id='word_1_101' title='bbox 216 1543 229 1574; x_wconf 77' lang='lat' dir='ltr'><strong>a</strong></span> <span class='ocrx_word' id='word_1_102' title='bbox 244 1511 373 1589; x_wconf 79' lang='lat' dir='ltr'><strong>Filium,</strong></span> <span class='ocrx_word' id='word_1_103' title='bbox 385 1523 418 1578; x_wconf 88' lang='lat' dir='ltr'><strong>et</strong></span> <span class='ocrx_word' id='word_1_104' title='bbox 433 1511 535 1580; x_wconf 83' lang='lat' dir='ltr'><strong>eredit</strong></span> <span class='ocrx_word' id='word_1_105' title='bbox 551 1511 585 1580; x_wconf 89' lang='lat' dir='ltr'><strong>in</strong></span> <span class='ocrx_word' id='word_1_106' title='bbox 600 1512 716 1601; x_wconf 85' lang='lat' dir='ltr'><strong>ipsum,</strong></span> <span class='ocrx_word' id='word_1_107' title='bbox 730 1511 847 1579; x_wconf 81' lang='lat' dir='ltr'><strong>lrabeat</strong></span> <span class='ocrx_word' id='word_1_108' title='bbox 861 1511 958 1578; x_wconf 83' lang='lat' dir='ltr'><strong>vitam</strong></span> <span class='ocrx_word' id='word_1_109' title='bbox 973 1523 1151 1585; x_wconf 77' lang='lat' dir='ltr'><strong>toternamr</strong></span> <span class='ocrx_word' id='word_1_110' title='bbox 1166 1524 1254 1578; x_wconf 88' lang='lat' dir='ltr'><strong>etre-</strong></span> <span class='ocrx_word' id='word_1_111' title='bbox 1275 1537 1277 1554; x_wconf 69' lang='lat'>³</span> 
     </span>
     <span class='ocr_line' id='line_1_13' title="bbox 216 1619 1251 1711; baseline 0.002 -27"><span class='ocrx_word' id='word_1_112' title='bbox 216 1651 229 1684; x_wconf 77' lang='grc' dir='ltr'>ι</span> <span class='ocrx_word' id='word_1_113' title='bbox 245 1622 404 1689; x_wconf 84' lang='lat' dir='ltr'><strong>anteitobo</strong></span> <span class='ocrx_word' id='word_1_114' title='bbox 421 1622 525 1711; x_wconf 89' lang='lat' dir='ltr'><strong>ipaum</strong></span> <span class='ocrx_word' id='word_1_115' title='bbox 540 1621 573 1688; x_wconf 94' lang='lat' dir='ltr'><strong>in</strong></span> <span class='ocrx_word' id='word_1_116' title='bbox 586 1621 758 1688; x_wconf 82' lang='lat' dir='ltr'><strong>novissimo</strong></span> <span class='ocrx_word' id='word_1_117' title='bbox 770 1620 822 1686; x_wconf 88' lang='lat' dir='ltr'><strong>die</strong></span> <span class='ocrx_word' id='word_1_118' title='bbox 838 1619 861 1684; x_wconf 82' lang='lat'><strong>¹.</strong></span> <span class='ocrx_word' id='word_1_119' title='bbox 881 1647 895 1684; x_wconf 81' lang='grc' dir='ltr'>ι</span> <span class='ocrx_word' id='word_1_120' title='bbox 909 1619 1077 1700; x_wconf 80' lang='lat' dir='ltr'><strong>Quatenus</strong></span> <span class='ocrx_word' id='word_1_121' title='bbox 1092 1635 1173 1710; x_wconf 69' lang='lat' dir='ltr'><strong>erge</strong></span> <span class='ocrx_word' id='word_1_122' title='bbox 1188 1619 1251 1686; x_wconf 70' lang='lat' dir='ltr'><strong>isai</strong></span> 
     </span>
     <span class='ocr_line' id='line_1_14' title="bbox 215 1732 1249 1823; baseline -0.001 -25"><span class='ocrx_word' id='word_1_123' title='bbox 215 1745 320 1823; x_wconf 80' lang='lat' dir='ltr'><strong>petest</strong></span> <span class='ocrx_word' id='word_1_124' title='bbox 334 1733 367 1800; x_wconf 90' lang='lat' dir='ltr'><strong>in</strong></span> <span class='ocrx_word' id='word_1_125' title='bbox 381 1733 445 1800; x_wconf 88' lang='lat' dir='ltr'><strong>hoo</strong></span> <span class='ocrx_word' id='word_1_126' title='bbox 455 1733 589 1808; x_wconf 88' lang='lat' dir='ltr'><strong>mundo,</strong></span> <span class='ocrx_word' id='word_1_127' title='bbox 605 1751 703 1822; x_wconf 88' lang='lat' dir='ltr'><strong>quem</strong></span> <span class='ocrx_word' id='word_1_128' title='bbox 713 1755 773 1823; x_wconf 91' lang='lat' dir='ltr'><strong>per</strong></span> <span class='ocrx_word' id='word_1_129' title='bbox 786 1732 1006 1798; x_wconf 63' lang='lat' dir='ltr'><strong>novitiorum</strong></span> <span class='ocrx_word' id='word_1_130' title='bbox 1024 1733 1120 1800; x_wconf 79' lang='lat' dir='ltr'><strong>diem</strong></span> <span class='ocrx_word' id='word_1_131' title='bbox 1136 1733 1249 1822; x_wconf 77' lang='lat' dir='ltr'><strong>signid-</strong></span> 
     </span>
     <span class='ocr_line' id='line_1_15' title="bbox 117 1841 1247 1938; baseline 0.003 -31"><span class='ocrx_word' id='word_1_132' title='bbox 117 1847 119 1855; x_wconf 81' lang='grc'>’</span> <span class='ocrx_word' id='word_1_133' title='bbox 216 1842 311 1919; x_wconf 77' lang='lat' dir='ltr'><strong>eavit,</strong></span> <span class='ocrx_word' id='word_1_134' title='bbox 329 1841 385 1930; x_wconf 87' lang='lat' dir='ltr'><strong>qui</strong></span> <span class='ocrx_word' id='word_1_135' title='bbox 398 1864 539 1930; x_wconf 87' lang='lat' dir='ltr'><strong>eousque</strong></span> <span class='ocrx_word' id='word_1_136' title='bbox 553 1854 709 1919; x_wconf 82' lang='lat' dir='ltr'><strong>servatur,</strong></span> <span class='ocrx_word' id='word_1_137' title='bbox 725 1841 805 1908; x_wconf 91' lang='lat' dir='ltr'><strong>dum</strong></span> <span class='ocrx_word' id='word_1_138' title='bbox 821 1841 1002 1938; x_wconf 64' lang='lat' dir='ltr'><strong>meaverit,</strong></span> <span class='ocrx_word' id='word_1_139' title='bbox 1019 1863 1079 1908; x_wconf 86' lang='lat' dir='ltr'><strong>nos</strong></span> <span class='ocrx_word' id='word_1_140' title='bbox 1095 1841 1247 1931; x_wconf 75' lang='lat' dir='ltr'><strong>perlaetus</strong></span> 
     </span>
     <span class='ocr_line' id='line_1_16' title="bbox 215 1949 1250 2040; baseline 0.004 -26"><span class='ocrx_word' id='word_1_141' title='bbox 215 1949 314 2016; x_wconf 84' lang='lat' dir='ltr'><strong>laotos</strong></span> <span class='ocrx_word' id='word_1_142' title='bbox 328 1973 397 2018; x_wconf 84' lang='lat' dir='ltr'><strong>ease</strong></span> <span class='ocrx_word' id='word_1_143' title='bbox 407 1951 579 2018; x_wconf 82' lang='lat' dir='ltr'><strong>eredimus.</strong></span> <span class='ocrx_word' id='word_1_144' title='bbox 597 1949 692 2018; x_wconf 82' lang='lat' dir='ltr'><strong>Fides</strong></span> <span class='ocrx_word' id='word_1_145' title='bbox 703 1951 789 2018; x_wconf 91' lang='lat' dir='ltr'><strong>enim</strong></span> <span class='ocrx_word' id='word_1_146' title='bbox 803 1962 853 2016; x_wconf 84' lang='lat' dir='ltr'><strong>ert</strong></span> <span class='ocrx_word' id='word_1_147' title='bbox 866 1950 1019 2020; x_wconf 82' lang='lat' dir='ltr'><strong>doetrinre</strong></span> <span class='ocrx_word' id='word_1_148' title='bbox 1032 1951 1201 2040; x_wconf 69' lang='lat' dir='ltr'><strong>pertenta</strong></span> <span class='ocrx_word' id='word_1_149' title='bbox 1210 1951 1250 2018; x_wconf 77' lang='lat' dir='ltr'><strong>m</strong></span> 
     </span>
     <span class='ocr_line' id='line_1_17' title="bbox 214 2058 1246 2141; baseline 0.003 -18"><span class='ocrx_word' id='word_1_150' title='bbox 214 2059 287 2126; x_wconf 87' lang='lat' dir='ltr'><strong>ideo</strong></span> <span class='ocrx_word' id='word_1_151' title='bbox 299 2058 376 2127; x_wconf 87' lang='lat' dir='ltr'><strong>dieit</strong></span> <span class='ocrx_word' id='word_1_152' title='bbox 389 2085 398 2126; x_wconf 77' lang='grc' dir='ltr'>ι</span> <span class='ocrx_word' id='word_1_153' title='bbox 410 2085 424 2122; x_wconf 83' lang='grc' dir='ltr'>ι</span> <span class='ocrx_word' id='word_1_154' title='bbox 435 2060 500 2141; x_wconf 86' lang='lat' dir='ltr'><strong>Qui</strong></span> <span class='ocrx_word' id='word_1_155' title='bbox 511 2061 613 2130; x_wconf 85' lang='lat' dir='ltr'><strong>eredit</strong></span> <span class='ocrx_word' id='word_1_156' title='bbox 624 2062 658 2128; x_wconf 92' lang='lat' dir='ltr'><strong>in</strong></span> <span class='ocrx_word' id='word_1_157' title='bbox 669 2058 801 2138; x_wconf 86' lang='lat' dir='ltr'><strong>Filium,</strong></span> <span class='ocrx_word' id='word_1_158' title='bbox 814 2059 1015 2130; x_wconf 65' lang='lat' dir='ltr'><strong>hemeritam</strong></span> <span class='ocrx_word' id='word_1_159' title='bbox 1026 2073 1187 2130; x_wconf 70' lang='grc' dir='ltr'>ιιιοιιιιιιιι</span> <span class='ocrx_word' id='word_1_160' title='bbox 1197 2062 1221 2128; x_wconf 84' lang='lat'><strong>².</strong></span> <span class='ocrx_word' id='word_1_161' title='bbox 1232 2091 1246 2126; x_wconf 84' lang='grc' dir='ltr'>ι</span> 
     </span>
    </p>
   </div>
   <div class='ocr_carea' id='block_1_3' title="bbox 69 2167 1252 2262">
    <p class='ocr_par' dir='ltr' id='par_1_3' title="bbox 69 2167 1252 2262">
     <span class='ocr_line' id='line_1_18' title="bbox 69 2167 1252 2262; baseline 0.004 -27"><span class='ocrx_word' id='word_1_162' title='bbox 69 2169 74 2177; x_wconf 81' lang='grc'><em>“</em></span> <span class='ocrx_word' id='word_1_163' title='bbox 215 2167 249 2236; x_wconf 84' lang='lat' dir='ltr'><strong>Si</strong></span> <span class='ocrx_word' id='word_1_164' title='bbox 267 2191 344 2259; x_wconf 77' lang='lat' dir='ltr'><strong>ergo</strong></span> <span class='ocrx_word' id='word_1_165' title='bbox 366 2171 421 2260; x_wconf 92' lang='lat' dir='ltr'><strong>qui</strong></span> <span class='ocrx_word' id='word_1_166' title='bbox 436 2171 643 2248; x_wconf 83' lang='lat' dir='ltr'><strong>eredidinrus.</strong></span> <span class='ocrx_word' id='word_1_167' title='bbox 662 2171 818 2240; x_wconf 84' lang='lat' dir='ltr'><strong>habemus</strong></span> <span class='ocrx_word' id='word_1_168' title='bbox 841 2170 951 2248; x_wconf 68' lang='lat' dir='ltr'><strong>uitam,</strong></span> <span class='ocrx_word' id='word_1_169' title='bbox 971 2171 1049 2260; x_wconf 87' lang='lat' dir='ltr'><strong>quid</strong></span> <span class='ocrx_word' id='word_1_170' title='bbox 1070 2170 1190 2262; x_wconf 77' lang='lat' dir='ltr'><strong>reliqui</strong></span> <span class='ocrx_word' id='word_1_171' title='bbox 1211 2186 1252 2240; x_wconf 84' lang='lat' dir='ltr'><strong>ott</strong></span> 
     </span>
    </p>
   </div>
   <div class='ocr_carea' id='block_1_4' title="bbox 119 2277 1253 3914">
    <p class='ocr_par' dir='ltr' id='par_1_4' title="bbox 119 2277 1253 3914">
     <span class='ocr_line' id='line_1_19' title="bbox 215 2277 1253 2372; baseline 0.004 -28"><span class='ocrx_word' id='word_1_172' title='bbox 215 2277 298 2348; x_wconf 90' lang='lat' dir='ltr'><strong>ultru</strong></span> <span class='ocrx_word' id='word_1_173' title='bbox 319 2280 389 2348; x_wconf 72' lang='lat' dir='ltr'><strong>vite</strong></span> <span class='ocrx_word' id='word_1_174' title='bbox 408 2294 535 2350; x_wconf 78' lang='lat' dir='ltr'><strong>aeternoe</strong></span> <span class='ocrx_word' id='word_1_175' title='bbox 550 2282 807 2372; x_wconf 75' lang='lat' dir='ltr'><strong>possessionem?</strong></span> <span class='ocrx_word' id='word_1_176' title='bbox 821 2280 912 2349; x_wconf 85' lang='lat' dir='ltr'><strong>Fidei</strong></span> <span class='ocrx_word' id='word_1_177' title='bbox 929 2291 1052 2360; x_wconf 84' lang='lat' dir='ltr'><strong>autem,</strong></span> <span class='ocrx_word' id='word_1_178' title='bbox 1073 2304 1155 2350; x_wconf 88' lang='lat' dir='ltr'><strong>oum</strong></span> <span class='ocrx_word' id='word_1_179' title='bbox 1169 2305 1210 2349; x_wconf 84' lang='lat' dir='ltr'><strong>ex</strong></span> <span class='ocrx_word' id='word_1_180' title='bbox 1224 2307 1253 2348; x_wconf 87' lang='lat' dir='ltr'><strong>se</strong></span> 
     </span>
     <span class='ocr_line' id='line_1_20' title="bbox 213 2389 1252 2482; baseline 0.004 -25"><span class='ocrx_word' id='word_1_181' title='bbox 213 2389 354 2480; x_wconf 84' lang='lat' dir='ltr'><strong>perfecta</strong></span> <span class='ocrx_word' id='word_1_182' title='bbox 373 2403 406 2458; x_wconf 82' lang='lat' dir='ltr'><strong>et</strong></span> <span class='ocrx_word' id='word_1_183' title='bbox 420 2389 514 2482; x_wconf 87' lang='lat' dir='ltr'><strong>plena</strong></span> <span class='ocrx_word' id='word_1_184' title='bbox 530 2392 584 2470; x_wconf 86' lang='lat' dir='ltr'><strong>eit,</strong></span> <span class='ocrx_word' id='word_1_185' title='bbox 604 2389 684 2460; x_wconf 88' lang='lat' dir='ltr'><strong>nilril</strong></span> <span class='ocrx_word' id='word_1_186' title='bbox 701 2391 800 2458; x_wconf 80' lang='lat' dir='ltr'><strong>deest.</strong></span> <span class='ocrx_word' id='word_1_187' title='bbox 821 2391 880 2459; x_wconf 83' lang='lat' dir='ltr'><strong>sin</strong></span> <span class='ocrx_word' id='word_1_188' title='bbox 894 2403 1002 2460; x_wconf 86' lang='lat' dir='ltr'><strong>antem</strong></span> <span class='ocrx_word' id='word_1_189' title='bbox 1016 2393 1047 2458; x_wconf 91' lang='lat' dir='ltr'><strong>ei</strong></span> <span class='ocrx_word' id='word_1_190' title='bbox 1061 2390 1191 2480; x_wconf 88' lang='lat' dir='ltr'><strong>aliquid</strong></span> <span class='ocrx_word' id='word_1_191' title='bbox 1205 2391 1252 2460; x_wconf 81' lang='lat' dir='ltr'><strong>de</strong></span> 
     </span>
     <span class='ocr_line' id='line_1_21' title="bbox 213 2501 1252 2593; baseline 0.005 -27"><span class='ocrx_word' id='word_1_192' title='bbox 213 2511 273 2578; x_wconf 85' lang='lat' dir='ltr'><strong>est,</strong></span> <span class='ocrx_word' id='word_1_193' title='bbox 290 2516 356 2568; x_wconf 84' lang='lat' dir='ltr'><strong>non</strong></span> <span class='ocrx_word' id='word_1_194' title='bbox 374 2515 423 2569; x_wconf 86' lang='lat' dir='ltr'><strong>eat</strong></span> <span class='ocrx_word' id='word_1_195' title='bbox 444 2503 657 2593; x_wconf 72' lang='lat' dir='ltr'><strong>undequaque</strong></span> <span class='ocrx_word' id='word_1_196' title='bbox 675 2503 826 2593; x_wconf 74' lang='lat' dir='ltr'><strong>perlecta.</strong></span> <span class='ocrx_word' id='word_1_197' title='bbox 851 2503 963 2592; x_wconf 87' lang='lat' dir='ltr'><strong>Neque</strong></span> <span class='ocrx_word' id='word_1_198' title='bbox 979 2501 1059 2570; x_wconf 88' lang='lat' dir='ltr'><strong>lidea</strong></span> <span class='ocrx_word' id='word_1_199' title='bbox 1080 2504 1115 2570; x_wconf 95' lang='lat' dir='ltr'><strong>in</strong></span> <span class='ocrx_word' id='word_1_200' title='bbox 1136 2503 1203 2570; x_wconf 85' lang='lat' dir='ltr'><strong>ulla</strong></span> <span class='ocrx_word' id='word_1_201' title='bbox 1222 2527 1252 2571; x_wconf 86' lang='lat' dir='ltr'><strong>re</strong></span> 
     </span>
     <span class='ocr_line' id='line_1_22' title="bbox 214 2604 1252 2702; baseline 0.004 -28"><span class='ocrx_word' id='word_1_202' title='bbox 214 2607 398 2678; x_wconf 83' lang='lat' dir='ltr'><strong>claudieat=</strong></span> <span class='ocrx_word' id='word_1_203' title='bbox 420 2633 525 2702; x_wconf 92' lang='lat' dir='ltr'><strong>neque</strong></span> <span class='ocrx_word' id='word_1_204' title='bbox 542 2624 714 2701; x_wconf 86' lang='lat' dir='ltr'><strong>postquam</strong></span> <span class='ocrx_word' id='word_1_205' title='bbox 731 2636 776 2680; x_wconf 81' lang='lat' dir='ltr'><strong>ox-</strong></span> <span class='ocrx_word' id='word_1_206' title='bbox 789 2613 853 2680; x_wconf 86' lang='lat' dir='ltr'><strong>ltoo</strong></span> <span class='ocrx_word' id='word_1_207' title='bbox 872 2611 944 2680; x_wconf 79' lang='lat' dir='ltr'><strong>loce</strong></span> <span class='ocrx_word' id='word_1_208' title='bbox 965 2604 1179 2689; x_wconf 62' lang='lat' dir='ltr'><strong>excesserint,</strong></span> <span class='ocrx_word' id='word_1_209' title='bbox 1201 2635 1252 2678; x_wconf 82' lang='lat' dir='ltr'><strong>ex·</strong></span> 
     </span>
     <span class='ocr_line' id='line_1_23' title="bbox 212 2719 1252 2811; baseline 0.002 -23"><span class='ocrx_word' id='word_1_210' title='bbox 212 2731 319 2808; x_wconf 77' lang='lat' dir='ltr'><strong>portu</strong></span> <span class='ocrx_word' id='word_1_211' title='bbox 328 2741 384 2788; x_wconf 81' lang='lat' dir='ltr'><strong>eos</strong></span> <span class='ocrx_word' id='word_1_212' title='bbox 400 2720 455 2809; x_wconf 91' lang='lat' dir='ltr'><strong>qui</strong></span> <span class='ocrx_word' id='word_1_213' title='bbox 466 2721 687 2800; x_wconf 82' lang='lat' dir='ltr'><strong>erediderunt,</strong></span> <span class='ocrx_word' id='word_1_214' title='bbox 702 2746 779 2790; x_wconf 89' lang='lat' dir='ltr'><strong>oum</strong></span> <span class='ocrx_word' id='word_1_215' title='bbox 794 2722 914 2811; x_wconf 85' lang='lat' dir='ltr'><strong>abeqne</strong></span> <span class='ocrx_word' id='word_1_216' title='bbox 926 2719 991 2788; x_wconf 84' lang='lat' dir='ltr'><strong>utto</strong></span> <span class='ocrx_word' id='word_1_217' title='bbox 1002 2720 1194 2789; x_wconf 71' lang='lat' dir='ltr'><strong>disedmine</strong></span> <span class='ocrx_word' id='word_1_218' title='bbox 1203 2722 1252 2790; x_wconf 82' lang='lat' dir='ltr'><strong>lria</strong></span> 
     </span>
     <span class='ocr_line' id='line_1_24' title="bbox 119 2829 1251 2923; baseline 0.002 -27"><span class='ocrx_word' id='word_1_219' title='bbox 119 2904 122 2914; x_wconf 34' lang='lat'><strong>¹</strong></span> <span class='ocrx_word' id='word_1_220' title='bbox 212 2829 339 2898; x_wconf 78' lang='lat' dir='ltr'><strong>arrham</strong></span> <span class='ocrx_word' id='word_1_221' title='bbox 357 2832 551 2922; x_wconf 76' lang='lat' dir='ltr'><strong>receperint.</strong></span> <span class='ocrx_word' id='word_1_222' title='bbox 574 2831 640 2899; x_wconf 85' lang='lat' dir='ltr'><strong>Sed</strong></span> <span class='ocrx_word' id='word_1_223' title='bbox 657 2851 733 2902; x_wconf 83' lang='lat' dir='ltr'><strong>eum</strong></span> <span class='ocrx_word' id='word_1_224' title='bbox 750 2831 828 2900; x_wconf 92' lang='lat' dir='ltr'><strong>illud</strong></span> <span class='ocrx_word' id='word_1_225' title='bbox 845 2832 932 2923; x_wconf 88' lang='lat' dir='ltr'><strong>quod</strong></span> <span class='ocrx_word' id='word_1_226' title='bbox 945 2831 1092 2901; x_wconf 84' lang='lat' dir='ltr'><strong>futurum</strong></span> <span class='ocrx_word' id='word_1_227' title='bbox 1116 2845 1170 2898; x_wconf 82' lang='lat' dir='ltr'><strong>eat</strong></span> <span class='ocrx_word' id='word_1_228' title='bbox 1183 2843 1251 2923; x_wconf 83' lang='lat' dir='ltr'><strong>post</strong></span> 
     </span>
     <span class='ocr_line' id='line_1_25' title="bbox 213 2941 1252 3034; baseline 0.002 -26"><span class='ocrx_word' id='word_1_229' title='bbox 213 2942 478 3010; x_wconf 76' lang='lat' dir='ltr'><strong>reaumeetionem</strong></span> <span class='ocrx_word' id='word_1_230' title='bbox 502 2944 748 3034; x_wconf 80' lang='lat' dir='ltr'><strong>praeoeperimua</strong></span> <span class='ocrx_word' id='word_1_231' title='bbox 775 2941 919 3020; x_wconf 85' lang='lat' dir='ltr'><strong>eredere,</strong></span> <span class='ocrx_word' id='word_1_232' title='bbox 941 2943 1031 3031; x_wconf 89' lang='lat' dir='ltr'><strong>quod</strong></span> <span class='ocrx_word' id='word_1_233' title='bbox 1052 2941 1180 3012; x_wconf 79' lang='lat' dir='ltr'><strong>laetum</strong></span> <span class='ocrx_word' id='word_1_234' title='bbox 1206 2955 1252 3010; x_wconf 82' lang='lat' dir='ltr'><strong>eet</strong></span> 
     </span>
     <span class='ocr_line' id='line_1_26' title="bbox 212 3051 1253 3144; baseline 0.005 -28"><span class='ocrx_word' id='word_1_235' title='bbox 212 3052 395 3142; x_wconf 74' lang='lat' dir='ltr'><strong>recipimur,</strong></span> <span class='ocrx_word' id='word_1_236' title='bbox 414 3051 542 3120; x_wconf 89' lang='lat' dir='ltr'><strong>utillud</strong></span> <span class='ocrx_word' id='word_1_237' title='bbox 559 3052 729 3144; x_wconf 89' lang='lat' dir='ltr'><strong>impleatur</strong></span> <span class='ocrx_word' id='word_1_238' title='bbox 750 3054 838 3142; x_wconf 86' lang='lat' dir='ltr'><strong>quod</strong></span> <span class='ocrx_word' id='word_1_239' title='bbox 854 3054 976 3120; x_wconf 84' lang='lat' dir='ltr'><strong>dietum</strong></span> <span class='ocrx_word' id='word_1_240' title='bbox 992 3065 1039 3119; x_wconf 88' lang='lat' dir='ltr'><strong>est</strong></span> <span class='ocrx_word' id='word_1_241' title='bbox 1053 3071 1062 3119; x_wconf 83' lang='grc' dir='ltr'>ι</span> <span class='ocrx_word' id='word_1_242' title='bbox 1084 3053 1188 3120; x_wconf 81' lang='lat' dir='ltr'><strong>rFiat</strong></span> <span class='ocrx_word' id='word_1_243' title='bbox 1205 3077 1253 3121; x_wconf 81' lang='lat' dir='ltr'><strong>sa-</strong></span> 
     </span>
     <span class='ocr_line' id='line_1_27' title="bbox 212 3161 1250 3252; baseline 0.005 -28"><span class='ocrx_word' id='word_1_244' title='bbox 212 3191 225 3224; x_wconf 78' lang='lat'><strong>»</strong></span> <span class='ocrx_word' id='word_1_245' title='bbox 243 3163 386 3230; x_wconf 84' lang='lat' dir='ltr'><strong>eundum</strong></span> <span class='ocrx_word' id='word_1_246' title='bbox 400 3163 500 3230; x_wconf 78' lang='lat' dir='ltr'><strong>iidem</strong></span> <span class='ocrx_word' id='word_1_247' title='bbox 514 3176 605 3230; x_wconf 89' lang='lat' dir='ltr'><strong>tuam</strong></span> <span class='ocrx_word' id='word_1_248' title='bbox 616 3163 640 3230; x_wconf 83' lang='lat'><strong>⁸.</strong></span> <span class='ocrx_word' id='word_1_249' title='bbox 659 3193 672 3226; x_wconf 78' lang='grc' dir='ltr'>ι</span> <span class='ocrx_word' id='word_1_250' title='bbox 687 3163 749 3230; x_wconf 85' lang='lat' dir='ltr'><strong>Ubi</strong></span> <span class='ocrx_word' id='word_1_251' title='bbox 760 3176 868 3230; x_wconf 85' lang='lat' dir='ltr'><strong>autem</strong></span> <span class='ocrx_word' id='word_1_252' title='bbox 883 3161 975 3240; x_wconf 87' lang='lat' dir='ltr'><strong>lidos,</strong></span> <span class='ocrx_word' id='word_1_253' title='bbox 988 3163 1043 3230; x_wconf 84' lang='lat' dir='ltr'><strong>laio</strong></span> <span class='ocrx_word' id='word_1_254' title='bbox 1056 3165 1250 3252; x_wconf 71' lang='lat' dir='ltr'><strong>promissio:</strong></span> 
     </span>
     <span class='ocr_line' id='line_1_28' title="bbox 211 3271 1252 3362; baseline 0 -24"><span class='ocrx_word' id='word_1_255' title='bbox 211 3272 426 3360; x_wconf 71' lang='lat' dir='ltr'><strong>promissionis</strong></span> <span class='ocrx_word' id='word_1_256' title='bbox 436 3285 544 3340; x_wconf 89' lang='lat' dir='ltr'><strong>autem</strong></span> <span class='ocrx_word' id='word_1_257' title='bbox 558 3272 713 3362; x_wconf 77' lang='lat' dir='ltr'><strong>persentio</strong></span> <span class='ocrx_word' id='word_1_258' title='bbox 727 3285 777 3340; x_wconf 86' lang='lat' dir='ltr'><strong>est</strong></span> <span class='ocrx_word' id='word_1_259' title='bbox 791 3272 927 3362; x_wconf 76' lang='lat' dir='ltr'><strong>requies.</strong></span> <span class='ocrx_word' id='word_1_260' title='bbox 945 3271 1157 3362; x_wconf 77' lang='lat' dir='ltr'><strong>Quapropter</strong></span> <span class='ocrx_word' id='word_1_261' title='bbox 1174 3292 1252 3362; x_wconf 74' lang='lat' dir='ltr'><strong>eog-</strong></span> 
     </span>
     <span class='ocr_line' id='line_1_29' title="bbox 211 3381 1250 3472; baseline 0.003 -25"><span class='ocrx_word' id='word_1_262' title='bbox 211 3381 289 3450; x_wconf 85' lang='lat' dir='ltr'><strong>nitio</strong></span> <span class='ocrx_word' id='word_1_263' title='bbox 300 3383 430 3472; x_wconf 87' lang='lat' dir='ltr'><strong>quidem</strong></span> <span class='ocrx_word' id='word_1_264' title='bbox 444 3395 493 3450; x_wconf 87' lang='lat' dir='ltr'><strong>est</strong></span> <span class='ocrx_word' id='word_1_265' title='bbox 510 3384 543 3450; x_wconf 90' lang='lat' dir='ltr'><strong>in</strong></span> <span class='ocrx_word' id='word_1_266' title='bbox 558 3381 789 3450; x_wconf 72' lang='lat' dir='ltr'><strong>illuminatione</strong></span> <span class='ocrx_word' id='word_1_267' title='bbox 804 3405 812 3448; x_wconf 86' lang='grc' dir='ltr'>ι</span> <span class='ocrx_word' id='word_1_268' title='bbox 831 3381 904 3450; x_wconf 82' lang='lat' dir='ltr'><strong>linis</strong></span> <span class='ocrx_word' id='word_1_269' title='bbox 919 3393 1026 3449; x_wconf 86' lang='lat' dir='ltr'><strong>autem</strong></span> <span class='ocrx_word' id='word_1_270' title='bbox 1043 3383 1250 3472; x_wconf 75' lang='lat' dir='ltr'><strong>cognitionis,</strong></span> 
     </span>
     <span class='ocr_line' id='line_1_30' title="bbox 211 3482 1248 3583; baseline -0.001 -23"><span class='ocrx_word' id='word_1_271' title='bbox 211 3491 346 3578; x_wconf 76' lang='lat' dir='ltr'><strong>requies.</strong></span> <span class='ocrx_word' id='word_1_272' title='bbox 361 3493 607 3582; x_wconf 87' lang='lat' dir='ltr'><strong>Quodquidem</strong></span> <span class='ocrx_word' id='word_1_273' title='bbox 624 3503 802 3560; x_wconf 77' lang='lat' dir='ltr'><strong>extremum</strong></span> <span class='ocrx_word' id='word_1_274' title='bbox 814 3482 1030 3583; x_wconf 79' lang='lat' dir='ltr'><strong>expetendum</strong></span> <span class='ocrx_word' id='word_1_275' title='bbox 1047 3491 1248 3583; x_wconf 76' lang='lat' dir='ltr'><strong>intelligitur.</strong></span> 
     </span>
     <span class='ocr_line' id='line_1_31' title="bbox 212 3597 1250 3693; baseline 0.006 -28"><span class='ocrx_word' id='word_1_276' title='bbox 212 3597 491 3678; x_wconf 75' lang='lat' dir='ltr'><strong>Quemadmodum</strong></span> <span class='ocrx_word' id='word_1_277' title='bbox 509 3625 585 3692; x_wconf 74' lang='lat' dir='ltr'><strong>ergo</strong></span> <span class='ocrx_word' id='word_1_278' title='bbox 602 3602 773 3692; x_wconf 85' lang='lat' dir='ltr'><strong>imperitia,</strong></span> <span class='ocrx_word' id='word_1_279' title='bbox 790 3603 902 3693; x_wconf 89' lang='lat' dir='ltr'><strong>peritia</strong></span> <span class='ocrx_word' id='word_1_280' title='bbox 918 3601 1062 3680; x_wconf 81' lang='lat' dir='ltr'><strong>solvitur,</strong></span> <span class='ocrx_word' id='word_1_281' title='bbox 1075 3615 1111 3669; x_wconf 88' lang='lat' dir='ltr'><strong>et</strong></span> <span class='ocrx_word' id='word_1_282' title='bbox 1120 3604 1250 3670; x_wconf 81' lang='lat' dir='ltr'><strong>inventu</strong></span> 
     </span>
     <span class='ocr_line' id='line_1_32' title="bbox 210 3710 1250 3800; baseline 0.006 -26"><span class='ocrx_word' id='word_1_283' title='bbox 210 3720 298 3775; x_wconf 83' lang='lat' dir='ltr'><strong>certa</strong></span> <span class='ocrx_word' id='word_1_284' title='bbox 317 3710 379 3787; x_wconf 83' lang='lat' dir='ltr'><strong>ria.</strong></span> <span class='ocrx_word' id='word_1_285' title='bbox 398 3710 556 3794; x_wconf 78' lang='lat' dir='ltr'><strong>dubitatio</strong></span> <span class='ocrx_word' id='word_1_286' title='bbox 572 3735 580 3777; x_wconf 76' lang='grc' dir='ltr'>ι</span> <span class='ocrx_word' id='word_1_287' title='bbox 600 3713 644 3782; x_wconf 90' lang='lat' dir='ltr'><strong>ita</strong></span> <span class='ocrx_word' id='word_1_288' title='bbox 658 3710 890 3780; x_wconf 87' lang='lat' dir='ltr'><strong>illuminatione</strong></span> <span class='ocrx_word' id='word_1_289' title='bbox 905 3713 1053 3780; x_wconf 80' lang='lat' dir='ltr'><strong>tenebrae</strong></span> <span class='ocrx_word' id='word_1_290' title='bbox 1069 3712 1173 3800; x_wconf 84' lang='lat' dir='ltr'><strong>deleri</strong></span> <span class='ocrx_word' id='word_1_291' title='bbox 1188 3737 1250 3780; x_wconf 88' lang='lat' dir='ltr'><strong>ne·</strong></span> 
     </span>
     <span class='ocr_line' id='line_1_33' title="bbox 211 3818 1248 3914; baseline 0.005 -26"><span class='ocrx_word' id='word_1_292' title='bbox 211 3841 298 3888; x_wconf 83' lang='lat' dir='ltr'><strong>cesse</strong></span> <span class='ocrx_word' id='word_1_293' title='bbox 308 3831 366 3887; x_wconf 87' lang='lat' dir='ltr'><strong>est.</strong></span> <span class='ocrx_word' id='word_1_294' title='bbox 384 3818 536 3889; x_wconf 81' lang='lat' dir='ltr'><strong>Tenebrae</strong></span> <span class='ocrx_word' id='word_1_295' title='bbox 552 3834 659 3890; x_wconf 86' lang='lat' dir='ltr'><strong>autem</strong></span> <span class='ocrx_word' id='word_1_296' title='bbox 674 3834 747 3892; x_wconf 88' lang='lat' dir='ltr'><strong>eunt</strong></span> <span class='ocrx_word' id='word_1_297' title='bbox 761 3822 928 3912; x_wconf 72' lang='lat' dir='ltr'><strong>ignoratio,</strong></span> <span class='ocrx_word' id='word_1_298' title='bbox 945 3841 1003 3912; x_wconf 87' lang='lat' dir='ltr'><strong>per</strong></span> <span class='ocrx_word' id='word_1_299' title='bbox 1018 3845 1118 3913; x_wconf 88' lang='lat' dir='ltr'><strong>qnam</strong></span> <span class='ocrx_word' id='word_1_300' title='bbox 1130 3825 1164 3893; x_wconf 92' lang='lat' dir='ltr'><strong>in</strong></span> <span class='ocrx_word' id='word_1_301' title='bbox 1174 3845 1248 3914; x_wconf 82' lang='lat' dir='ltr'><strong>pec-</strong></span> 
     </span>
    </p>
   </div>
   <div class='ocr_carea' id='block_1_5' title="bbox 245 3949 945 4021">
    <p class='ocr_par' dir='ltr' id='par_1_5' title="bbox 245 3949 945 4021">
     <span class='ocr_line' id='line_1_34' title="bbox 245 3949 945 4021; baseline 0.031 -22"><span class='ocrx_word' id='word_1_302' title='bbox 245 3949 336 4004; x_wconf 82' lang='lat' dir='ltr'><strong>¹loan.</strong></span> <span class='ocrx_word' id='word_1_303' title='bbox 350 3952 547 4014; x_wconf 55' lang='lat' dir='ltr'><strong>redo-²111.</strong></span> <span class='ocrx_word' id='word_1_304' title='bbox 559 3974 598 4018; x_wconf 85' lang='grc' dir='ltr'>ιιι,</span> <span class='ocrx_word' id='word_1_305' title='bbox 608 3955 648 4011; x_wconf 80' lang='grc'><strong>56.</strong></span> <span class='ocrx_word' id='word_1_306' title='bbox 660 3955 710 3998; x_wconf 75' lang='grc'><strong>--1</strong></span> <span class='ocrx_word' id='word_1_307' title='bbox 722 3955 814 4012; x_wconf 74' lang='lat' dir='ltr'><strong>narrt.</strong></span> <span class='ocrx_word' id='word_1_308' title='bbox 824 3971 860 4018; x_wconf 84' lang='lat' dir='ltr'><strong>rx,</strong></span> <span class='ocrx_word' id='word_1_309' title='bbox 873 3968 911 4021; x_wconf 77' lang='lat'><strong>²9·</strong></span> <span class='ocrx_word' id='word_1_310' title='bbox 944 3967 945 3972; x_wconf 68' lang='grc'>’</span> 
     </span>
    </p>
   </div>
   <div class='ocr_carea' id='block_1_6' title="bbox 0 0 1290 4614">
    <p class='ocr_par' dir='ltr' id='par_1_6' title="bbox 0 0 1290 4614">
     <span class='ocr_line' id='line_1_35' title="bbox 0 0 1290 4614; baseline 0 0"><span class='ocrx_word' id='word_1_311' title='bbox 0 0 1290 4614; x_wconf 95' lang='lat' dir='ltr'><strong> </strong></span> 
     </span>
    </p>
   </div>
  </div>
 </body>
</html>
