2478 4594
336 310 525 356 srnouxrou
547 311 609 352 nra.
637 311 679 353 vr.
965 287 1027 376 259

2 427 156 500 imiliter:
175 435 365 515 «Quantum
384 433 513 523 quidem
529 433 644 510 suerit,
661 430 846 500 oJudicest
865 433 1028 510 studium,

2 553 43 608 »ct
57 540 162 629 qualis
183 540 279 610 veluti
300 543 378 610 aciei
391 542 560 609 instructio
578 553 610 607 et
623 540 792 608 adornatio
808 541 839 605 in
855 539 1030 628 haccausa

2 649 174 726 dicenda,
195 650 356 716 neminem
376 663 513 716 restrum
534 651 680 740 ignorare
702 648 882 716 existimo.»
909 649 1031 716 Rursus

2 780 62 824 :um
79 758 211 824 dixisset
225 759 380 826 Isocrates
390 783 398 825 ι
410 758 565 828 «Perinde
576 782 613 825 ac
626 759 651 826 si
664 769 746 825 esset
756 757 901 847 pecunias
918 779 1034 846 cogna-

2 877 83 944 ›tus,
102 891 169 938 non
189 865 313 944 illius„
331 868 439 957 Lysias
456 868 533 933 dicit
548 868 581 937 io
603 865 773 956 Orphicis:
791 864 853 932 «At
867 865 1033 934 manifeste

2 975 179 1064 upporrtit,
192 999 267 1044 eum
285 999 351 1042 nou
366 999 434 1047 esse
450 987 623 1065 cognatum
646 998 839 1063 corporum,
855 974 912 1062 sed
932 996 1034 1063 pesu-

2 1084 84 1149 ·niae.
98 1083 202 1154 ,Nam
217 1106 291 1150 cum
302 1085 459 1151 Homerus
478 1107 605 1174 quoque
622 1083 765 1149 iecisset:

95 1229 187 1304 Quod
203 1231 227 1289 si
241 1231 353 1289 evitato
368 1229 427 1290 hoc
442 1228 521 1290 hello
534 1231 702 1306 mortisque
713 1228 844 1308 periclo,

94 1331 237 1388 Essemus
253 1331 328 1388 senii
343 1341 479 1410 expertes
493 1331 658 1407 mortisque
679 1331 788 1400 sutori,

96 1431 162 1488 Non
174 1432 251 1489 inter
261 1431 372 1510 primos
388 1430 498 1490 vellem
513 1429 629 1489 huncce
643 1448 803 1510 capescere
815 1448 968 1510 pugnarn,

100 1528 200 1588 Praeiia
218 1530 269 1588 sed
282 1549 337 1589 nec
352 1549 409 1608 ego
427 1542 454 1589 te
466 1550 545 1590 nuno
558 1529 699 1610 praeciora
711 1530 849 1608 juberem
895 1511 897 1516 ¹

99 1629 276 1707 Indugredi:
290 1642 414 1704 verum,
430 1633 603 1689 innumerus
616 1650 685 1689 nam
698 1650 776 1689 sceva
792 1631 923 1710 pararint

97 1729 200 1788 Hortis
217 1731 276 1788 sato
291 1731 373 1802 sios,
390 1750 456 1808 qoae
472 1729 662 1808 impendent,
675 1749 763 1809 posse
776 1732 874 1789 caveri

4 1850 8 1857 ·
96 1831 158 1888 hee
173 1829 272 1902 dutur,
286 1830 411 1908 insignis
422 1830 508 1888 uobis
522 1847 576 1906 age
592 1830 670 1887 fama
683 1839 804 1906 paretur

93 1929 220 2004 Pugna,
236 1937 289 1985 out
300 1945 338 1986 ex
350 1925 438 1985 nohis
453 1924 503 1983 aiii
517 1927 622 2003 ingens
638 1925 733 2003 gioria
745 1924 854 1995 detor:

3 2061 110 2128 crihit
121 2059 346 2150 Theopompus
362 2083 370 2124 ε
390 2059 495 2125 «Nam
511 2058 536 2124 si
552 2081 628 2126 cum
643 2083 781 2150 praesens
791 2055 927 2149 ¹quidem
942 2063 1039 2130 vitas·

7 2194 124 2236 semus
139 2167 340 2259 periculum,
361 2167 472 2234 liceret
493 2166 651 2258 reliquum
674 2182 800 2258 tempus
822 2193 933 2238 secure
947 2151 1039 2240 transs

8 2280 142 2368 sigere,
158 2300 226 2343 non
242 2288 325 2340 esset
340 2275 521 2342 mirandum
533 2277 558 2341 si
570 2278 641 2342 vitro
658 2301 798 2344 essemus
813 2280 930 2368 cupidi.
946 2282 1038 2350 Nune

2 2400 129 2455 autem
142 2385 215 2450 vitae
231 2395 346 2448 nostrae
362 2395 410 2448 tot
421 2383 525 2450 fatalia
544 2384 710 2482 imminent
725 2385 884 2474 pericula,
902 2398 937 2452 ut
951 2410 1037 2454 mor·

2 2507 86 2562 tem
98 2493 132 2557 in
143 2490 254 2581 praelio
270 2504 441 2581 oppetere,
458 2492 603 2558 videatur
617 2515 685 2559 esse
702 2495 801 2584 magis
818 2495 1002 2584 optandum.
1018 2525 1031 2558 s

2 2599 84 2683 tuid
97 2599 197 2666 vero?
215 2623 321 2666 annon
343 2623 418 2666 cum
437 2600 530 2667 Chilo
545 2625 674 2690 quoque
689 2603 838 2692 Sophiste
859 2603 981 2672 dictum
999 2603 1040 2671 il-

2 2711 42 2776 rd
56 2709 274 2774 enuntiasset:
295 2709 472 2797 «Sponde,
489 2731 571 2778 noxa
585 2722 700 2799 praesto
712 2723 805 2786 est;»
829 2711 1038 2801 Epicharmus

2 2817 140 2886 amdem
152 2818 340 2884 sententium
354 2815 414 2884 alio
427 2819 556 2886 nomine
568 2818 719 2908 protulit,
732 2820 841 2888 dicens
855 2844 864 2887 ε
877 2845 889 2882 r
901 2821 1037 2911 Sponsio

2 2939 61 2994 est
74 2949 165 2992 noxae
174 2924 240 2995 filia
252 2975 261 3004 ‚
274 2927 401 3016 sponsio
413 2951 486 2993 vero
498 2927 650 2996 mulctaet
663 2957 676 2992 s
689 2929 873 3010 Quinetiam
884 2954 961 2998 cum
972 2954 1039 2998 me·

2 3033 86 3103 icus
101 3033 275 3120 scripsisset
292 3032 518 3121 Hippocrates:
542 3035 735 3124 «Respicere
761 3047 887 3126 oportet
902 3047 935 3100 et
954 3049 1038 3106 tem-

2 3163 95 3229 pus,
115 3150 147 3202 et
162 3139 323 3227 regionem
338 3189 347 3216 ,
361 3151 393 3205 et
408 3151 556 3217 etatem,
569 3152 602 3205 et
614 3143 764 3227 morbos:
780 3171 793 3206 s
815 3142 892 3208 dicit
909 3141 1038 3232 Euripi-

2 3268 44 3313 οε
62 3244 98 3310 in
117 3243 321 3328 hexametro:

98 3407 340 3424 ........
363 3366 423 3440 Qui
438 3364 711 3440 soluotmederier‚
803 3419 806 3426 .

96 3469 137 3526 Ut
150 3485 336 3543 unaqueque
345 3468 447 3545 poscit
464 3465 534 3526 urbs
547 3477 577 3524 et
594 3467 717 3540 incole,

97 3568 163 3626 Hos
178 3577 289 3625 terram
301 3577 421 3645 oportet
435 3584 540 3637 nosse,
558 3568 601 3648 sic
612 3568 719 3627 morbo
731 3549 838 3628 monus

96 3669 229 3726 Domum
245 3667 417 3726 admovere.
919 3659 921 3666 ’

2 3826 114 3874 rursus
130 3825 207 3870 oum
224 3803 338 3872 dixerit
352 3803 529 3870 Homerus:

89 3935 174 3999 Dico
185 3933 266 3994 nulii
280 3931 396 3996 homiui
412 3943 540 3996 mortem
553 3932 647 3995 vitare
658 3934 764 4006 licere:
782 3982 785 3987 .
