2532 4608
356 325 549 374 senesanna
573 326 634 370 aar.
660 324 716 370 su.
994 301 1058 366 325

39 449 77 516 iis
95 461 141 516 est
156 447 402 520 abstinendum?
423 449 481 519 sin
500 459 609 514 autem
629 469 742 514 revera
762 447 859 514 nitor
880 457 928 512 tet
941 467 1059 514 muana

39 557 154 626 eamn
168 558 224 647 qui
245 570 318 623 mut
340 557 423 647 apud
439 557 587 633 (iratres,
602 579 664 622 eur
676 579 742 621 aun
758 555 846 644 prius
861 577 990 643 quoqne
1002 577 1061 620 ea,

39 689 101 754 paea
123 667 154 734 in
171 665 246 732 deos
263 666 425 741 ederunt,
445 665 501 753 qni
522 663 634 752 aequali
652 663 823 752 dignantur
843 661 1058 738 beatimdine.

39 785 131 840 tnun
146 775 249 862 ipsum
265 774 399 840 adoram
414 774 595 848 caminum,
612 773 666 860 qni
680 783 728 837 est
740 771 817 837 huic
831 768 1003 836 veneralili
1015 770 1047 835 ni

39 881 92 946 lori
102 881 332 970 propinquior?
344 880 543 962 Quinetiam,
559 880 713 946 Hedodm
728 879 806 944 dieit
815 878 931 946 lorum
943 878 1061 968 decep*

39 1013 92 1058 unt
104 1014 125 1056 a
135 989 327 1058 Prometheo
338 989 372 1054 in
384 989 537 1056 divumne
549 987 696 1061 earnium
709 987 867 1076 uooepiroe

123 1169 193 1228 Arte
206 1167 284 1226 mala
300 1187 367 1226 ossa
380 1169 466 1228 bovis
483 1167 576 1225 nitida
590 1158 772 1246 pinguedine
788 1175 874 1224 tecta.

122 1265 202 1323 ilinc
214 1265 245 1322 iit
258 1274 289 1321 ut
302 1283 366 1322 ussa
377 1266 431 1323 riri
445 1281 540 1323 sacras
555 1261 675 1322 adolere
686 1271 741 1346 per'
752 1282 816 1322 aras

122 1365 243 1448 Assueti
256 1365 364 1423 veteris
380 1365 536 1424 imitentur
549 1365 672 1444 origssnis
685 1383 783 1438 usum.

39 1552 83 1617 ed
98 1557 294 1640 nequaquam
315 1553 469 1629 dixerint,
488 1578 559 1643 quae
572 1577 611 1619 ex
625 1552 798 1646 indigentia
819 1554 921 1619 oritur
931 1554 1058 1642 cupidi-

39 1669 81 1724 tte
104 1671 251 1726 vexatum
273 1661 387 1726 nutriri
408 1663 524 1726 ileum.
552 1663 634 1727 Eum
654 1665 761 1750 itaque
783 1661 922 1727 efficient
944 1661 1057 1750 plantat

39 1765 168 1843 smilem,
182 1781 216 1832 ut
227 1769 280 1854 qui
292 1771 452 1834 nutriatur
462 1771 580 1855 absque
593 1771 784 1857 appetitione
792 1793 801 1842 ;
820 1780 851 1833 et
867 1768 1057 1856 bestiisque

39 1885 118 1939 stent
141 1875 173 1939 in
191 1877 353 1940 cavernis:
379 1899 456 1962 quas
475 1877 586 1941 dieunt
609 1877 711 1942 autin
729 1877 810 1942 ae'ris
829 1875 1056 1952 crassitudine,

39 1993 74 2045 ut
86 1982 182 2046 etiam
195 1981 265 2070 ipsa
277 1982 396 2070 proprii
411 1984 553 2070 corperis
568 1983 766 2050 exhalatione
783 1985 916 2060 nutriri,
929 1996 962 2049 et
979 1985 1058 2049 eitra

39 2088 227 2154 ffensionem
240 2089 358 2179 augeri.
378 2089 481 2176 Atque
493 2090 518 2154 si
531 2091 609 2155 citra
623 2089 717 2156 ullam
729 2103 900 2182 egestatem
916 2091 960 2156 eis
973 2093 1058 2158 Deus

39 2197 171 2271 utritur,
190 2197 329 2288 quidest
345 2221 423 2286 opus
439 2197 636 2263 nutrimento
650 2199 679 2263 ei
696 2201 749 2286 qui
765 2223 829 2265 non
840 2199 986 2289 indigeti’
1001 2199 1058 2271 Sin

39 2316 123 2370 utem
139 2306 256 2393 gaudet
276 2305 445 2383 honorari,
462 2330 536 2371 cum
556 2317 668 2371 natura
686 2305 804 2372 nullius
821 2309 976 2396 indigeat,
993 2332 1057 2373 uon
1156 2307 1159 2313 ’

39 2415 72 2478 bs
93 2429 128 2478 re
149 2437 207 2478 nos
223 2415 326 2478 Deum
344 2410 491 2502 precibus
508 2413 721 2492 honoramus,
741 2428 773 2481 et
784 2415 850 2480 hoc
864 2415 1058 2480 sacrificium

39 2521 175 2612 ptimum
196 2532 228 2586 et
249 2522 482 2587 sanctissimum
504 2545 579 2587 cum
599 2523 719 2611 justitia
737 2523 931 2600 emittimus,
949 2523 1059 2612 justis-

39 2633 97 2694 Jmo
111 2629 198 2718 Lego
210 2653 285 2694 eum
301 2630 514 2704 honorantes,
528 2653 588 2718 per
603 2653 698 2718 quem
715 2631 888 2718 accipimus
901 2626 1059 2718 cognitio-

41 2759 112 2813 em,
135 2761 172 2802 ea
196 2759 266 2830 quae
289 2737 459 2804 ffitficimns
480 2759 540 2826 per
560 2759 635 2802 eum
657 2737 879 2827 glorificantes.
905 2739 961 2804 Est
982 2759 1058 2826 ergo

39 2845 107 2908 uod
122 2857 170 2908 est
188 2845 241 2909 hic
256 2857 404 2910 terrestre
420 2845 504 2933 apud
520 2869 577 2911 nos
596 2845 711 2922 altare,
728 2843 930 2936 congregatio
945 2869 1059 2910 eornm

39 2952 70 3015 ui
96 2951 209 3015 intenti
232 2964 306 3016 sum
327 2953 541 3030 orationihus,
566 2978 664 3018 unam
686 2953 924 3042 quodammodo
947 2976 1058 3019 vocem
1105 2969 1108 2976 '

39 3056 136 3125 abens
152 3073 356 3123 communem
375 3071 408 3123 et
423 3083 520 3124 unam
542 3073 695 3129 mentem.
716 3063 796 3142 Quae
812 3087 869 3151 per
889 3063 1058 3127 odoratum

39 3177 122 3230 utem
144 3165 345 3252 accipiuntur
365 3167 580 3244 nutrimenta,¹
597 3170 654 3232 etsi
677 3171 739 3233 siut
761 3169 914 3235 diviniora
935 3170 972 3233 iis
988 3193 1057 3256 quae

39 3297 71 3340 er
91 3295 146 3347 os,
171 3281 279 3337 tamen
304 3286 440 3368 arguunt
462 3277 712 3363 respirationem.
737 3277 824 3356 Quid
842 3299 917 3366 ergo
936 3277 974 3342 de
989 3277 1057 3342 Deo
1171 3353 1174 3358 Ι

39 3373 143 3456 icant,
162 3391 270 3444 utrum
289 3379 443 3468 pors'pirat
459 3382 542 3446 sicut
560 3403 657 3470 genus
679 3383 886 3448 daemomrm?
902 3409 941 3449 an
960 3382 1057 3474 inspi-

39 3502 62 3557 rt
79 3489 203 3565 solum,
221 3501 255 3552 ut
270 3487 418 3576 aquatilia
435 3511 492 3576 per
510 3489 734 3555 branchiorum
751 3489 968 3556 dilatationem
983 3491 997 3558 i
1014 3515 1055 3559 an

39 3598 237 3687 ircumspirat
249 3648 258 3673 ,
271 3609 306 3660 ut
319 3597 437 3663 insecta
450 3620 507 3686 per
520 3601 786 3687 compressionem
798 3601 961 3666 'incisionis
975 3623 1056 3693 pen-

39 3732 132 3774 arum
148 3709 163 3772 Ρ
178 3706 243 3772 Sed
259 3705 336 3770 nulli
352 3731 390 3770 ex
404 3707 471 3782 his,
485 3708 509 3771 si
528 3708 669 3794 sapiant,
687 3709 787 3773 Deum
805 3709 1051 3778 assimilaverint.

39 3825 99 3898 tuae
112 3827 218 3882 antem
238 3816 391 3903 respdrant
410 3837 468 3903 per
482 3815 642 3905 pulmonis
661 3817 701 3882 ad
715 3816 879 3890 thoracem
896 3821 1055 3908 objectam

39 3925 255 4000 ilotationem,
276 3947 312 3988 ea
333 3923 494 3990 attrahunt
512 3931 628 3992 adrem.
647 3925 769 3994 Deinde
784 3927 811 3996 ai
823 3929 892 3996 Dee
910 3927 1056 3996 dederint
