2412 4596
271 214 275 221 ·
315 215 502 262 srsouaruu
521 217 586 262 ms.
609 219 645 264 ιι.
959 198 1001 284 87

19 337 55 404 lca
67 345 124 410 est,
136 331 340 402 retradidisse
350 335 383 402 in
394 336 567 406 affectuum
579 351 783 430 potestatem.
797 337 908 408 dledea
919 363 1004 432 quc-

19 468 49 512 ιω
60 443 119 534 ipsa
132 440 272 510 similiter
286 441 402 511 clamat
421 446 454 512 in
474 469 567 514 scena
582 471 591 515 t

78 587 195 646 lamara
204 603 344 664 quaenam
355 589 413 647 sim
425 591 494 649 satis
509 592 570 652 scio
582 589 661 651 mala
674 612 686 650 τ

78 688 111 745 lt
122 689 163 745 ira
175 685 271 763 maior
280 689 386 747 consili
399 689 480 750 vires
494 691 608 753 domat.
666 703 669 712 “

19 831 108 900 adnec
118 842 199 898 tacet
209 830 312 921 Ajax,
324 833 380 902 sed
391 834 451 901 sibi
461 857 575 904 manus
586 835 730 904 illaturus
741 837 933 906 vociferatur
949 861 960 904 a

76 988 128 1048 lies
143 1005 213 1068 erge
228 997 365 1048 mentem
378 989 425 1050 est
439 991 539 1065 nulla,
553 1009 621 1070 que
634 993 682 1060 sic.
692 991 779 1054 liberi

76 1087 188 1149 Mor-det
199 1089 254 1149 rlrl
268 1132 278 1164 ‚
292 1091 443 1169 acinique
458 1091 569 1171 lnjusta
583 1093 716 1153 infamia.

76 1189 196 1250 ltl'ectus
206 1191 271 1270 ipsc
286 1191 331 1251 sic
345 1210 414 1252 sum
424 1210 503 1272 ego,
520 1213 612 1272 quem
628 1213 710 1254 nunc
723 1196 803 1276 rapit

77 1289 226 1350 Condensa
242 1290 348 1364 labes,
363 1311 401 1352 ex
414 1293 563 1373 profundo
575 1305 772 1370 commovet,

78 1389 207 1450 Stimulis
221 1392 332 1452 luroris
346 1394 499 1471 concitum
513 1394 699 1474 perscribas·

19 1548 80 1628 tque
91 1539 145 1606 hos
158 1539 289 1629 quidem
307 1541 373 1618 ira,
394 1540 469 1608 alios
488 1566 564 1610 vero
584 1542 830 1612 innumerabiles
848 1543 1006 1636 cupiditas

19 1649 101 1716 educit
121 1648 153 1715 in
174 1649 383 1742 tragaediam,
405 1650 594 1728 Phaedram,
618 1647 788 1746 arithiam„
811 1651 1004 1744 Eriphylen,

34 1802 149 1884 Quaprc
160 1803 271 1864 dilecto
285 1805 352 1864 viro
363 1806 530 1885 pretiosum
545 1818 700 1888 acceperat
712 1826 833 1867 aurum.
914 1835 915 1838 ¹

19 1941 135 2013 ionicam
149 1947 236 2014 enim
251 1947 464 2015 Trasonidem
479 1947 540 2016 alia
552 1971 665 2027 scena,
683 1947 870 2029 «puellula,
889 1950 985 2040 inquit
992 2001 1006 2032 ,

19 2051 73 2118 ¹vilis
82 2077 126 2122 mc
139 2056 198 2122 sihi
214 2079 346 2124 servum
360 2055 445 2124 lecit.
462 2057 703 2124 »infortunium
722 2071 849 2136 autem,
869 2073 916 2126 est
930 2084 1009 2152 pec-

19 2173 86 2230 atum
96 2167 204 2232 mentis
216 2177 336 2257 praeter
350 2166 517 2234 rationem.
533 2167 704 2235 Peccatum
723 2181 829 2235 antem
840 2181 889 2235 est
899 2169 1009 2238 volun-

19 2271 62 2339 uia
74 2273 225 2362 injustitia.
245 2276 370 2366 lnjuria
388 2287 496 2343 autem
512 2287 562 2342 est
583 2277 692 2342 vitium
709 2273 933 2345 voluntarium.
953 2274 1009 2345 Est

19 2397 218 2472 rgnpeccatum
232 2384 367 2474 quidem
375 2407 485 2451 meum
496 2382 710 2452 voluntarium
725 2409 734 2452 a
752 2385 812 2473 (Et
822 2386 895 2452 ideo
907 2387 1006 2454 (licita

19 2487 168 2560 leuatum
179 2494 270 2560 vobis
281 2516 346 2559 non
358 2494 585 2560 dominabitur.
600 2493 671 2561 Ncn
681 2494 768 2560 enim
776 2495 850 2559 estis
858 2496 917 2560 suh
925 2492 1008 2584 lege,

20 2597 122 2667 redsuls
133 2601 271 2692 gratia¹3
291 2599 486 2678 »dicensiis‚
505 2601 559 2690 qui
573 2603 640 2692 jam
655 2601 857 2668 crediderant
872 2625 881 2669 a
896 2629 909 2665 ι
922 2603 1011 2685 Quc-

20 2705 157 2798 uianejus
171 2734 229 2777 ncs
244 2709 347 2778 livore
357 2711 458 2779 senati
475 2709 621 2777 sumus²a
631 2711 656 2800 ).
671 2711 885 2778 infortunium
902 2723 1010 2779 autem

19 2813 159 2888 tlalterius
171 2820 266 2887 inme
273 2820 356 2887 actic
369 2816 589 2888 involuntaria.
604 2819 724 2910 lnjuria
734 2832 841 2890 eutem
852 2821 1012 2888 invenitur

19 2917 83 2992 tium
103 2923 297 3006 voluntaria,
321 2927 386 2995 sire
405 2929 447 2995 sit
463 2951 552 3006 mea,
572 2929 638 2995 sive
654 2927 792 2996 alterius.
819 2931 883 2998 llas
901 2941 1010 2998 autem

19 3046 178 3114 necatorum
196 3037 391 3104 differentias
414 3037 571 3127 significat
593 3035 873 3128 psalmographus,
894 3038 1010 3105 Beatos

19 3133 104 3220 icens,
118 3129 253 3233 quoium
265 3147 351 3214 Deus
367 3144 482 3212 delevit
496 3145 696 3236 iniquitates,
715 3146 794 3212 texit
810 3157 918 3212 autem
932 3167 1011 3236 pec-

19 3256 69 3322 atat
80 3263 108 3316 et
118 3277 180 3321 non
192 3251 323 3345 quidem
336 3253 395 3322 alia
407 3255 594 3344 imputavit,
612 3253 670 3321 alia
677 3277 753 3322 vero
761 3253 879 3322 dimisit
893 3277 901 3319 τ
914 3255 1012 3345 scrip-

19 3373 56 3420 um
68 3372 110 3425 est
122 3363 206 3430 enim
220 3388 228 3430 :
255 3364 389 3441 «Beati,
411 3386 549 3452 quorum
570 3365 707 3430 remissae
719 3375 797 3458 ‚sunt
811 3363 1011 3452 iniquitates,

21 3471 46 3526 tl
59 3489 184 3554 quorum
198 3484 284 3541 tecta
304 3485 378 3540 sunt
396 3485 528 3564 peccata
542 3495 551 3539 a
565 3473 702 3549 Beatus,
720 3472 773 3539 cui
792 3496 857 3540 non
873 3473 1013 3562 imputa-

19 3572 83 3639 terit
91 3577 239 3650 Dominus
249 3593 439 3673 peccatum,
458 3605 520 3650 nec
534 3593 582 3648 est
597 3581 630 3647 in
640 3581 752 3671 spiritu
765 3581 834 3671 ejus
851 3579 958 3648 dclus⁸
970 3611 1004 3660 4

33 3724 154 3802 'Romam
177 3735 809 3816 14.-.·1⁸ai.m1‚&arama-'rat
830 3759 917 3806 um,
942 3754 1012 3806 ως

19 3831 167 3892 murisi-
