2546 4614
423 374 463 416 ns
490 370 710 415 anrrcnarsro.
1018 335 1093 429 aaa.

48 495 178 562 »iaetus
201 506 249 559 est
272 495 304 558 in
328 505 470 558 montem
492 512 661 578 magnum,
686 498 718 555 et
742 487 883 576 implevit
908 487 1085 554 universam

47 602 257 669 »torram¹.s

96 713 171 778 XX.
199 712 249 779 Ad
272 712 340 778 buco
362 709 457 800 igitur
479 721 642 775 nectentes
664 708 745 796 ipsas
769 705 908 772 Danielis
928 707 1085 783 visiones,

47 845 149 888 unam
176 824 316 911 utrisque
343 821 573 910 expositionem
603 817 843 892 adhibebimus,
872 825 1085 884 monstrantes

47 955 147 1022 quam
170 932 229 998 sibi
255 932 468 1004 consentiant,
496 951 640 1016 rarasque
668 928 811 993 existunt.
841 927 922 996 Nam
948 930 994 994 sio
1019 929 1085 994 ait:

1 1017 12 1058 ¹¹
55 1071 71 1104 a
84 1045 152 1132 Ego
167 1042 284 1109 Daniel
294 1043 486 1131 aspiciebam
500 1063 508 1104 :
523 1053 555 1106 et
570 1063 647 1106 ecce
661 1039 892 1130 quatuorcenti
905 1039 976 1106 coeli
989 1040 1088 1105 irrue·

48 1183 63 1218 s
79 1156 157 1220 bant
169 1155 201 1220 in
217 1175 306 1220 mare
320 1175 472 1242 magnum
485 1173 493 1217 :
508 1164 540 1217 et
554 1163 691 1240 quatuor
705 1149 814 1216 bestiae
829 1151 963 1239 grandes
979 1173 1087 1216 ascen·

50 1263 200 1330 »debant
220 1262 260 1328 de
279 1264 359 1328 mari
375 1263 503 1328 diversae
525 1262 608 1327 inter
624 1285 668 1326 se.
687 1259 792 1326 Prima
815 1261 904 1348 quasi
923 1259 1033 1336 leaena,
1054 1273 1087 1326 et

2 1358 18 1399 ¹
51 1401 64 1432 a
80 1370 137 1436 aba
152 1372 222 1458 ojus
238 1371 319 1436 sicut
334 1369 455 1458 aquilae.
475 1371 676 1459 aspiciebam
691 1371 794 1436 donec
810 1369 926 1436 evulsas
941 1379 1014 1436 sunt
1030 1367 1086 1436 ata

1 1470 22 1512 '¹
52 1482 148 1567 ‚ejus
169 1501 177 1542 :
197 1491 229 1544 et
250 1478 371 1544 sublata
393 1491 441 1545 est
464 1479 607 1545 da'terra
626 1502 635 1544 :
657 1491 690 1545 ot
712 1503 808 1568 super
830 1479 927 1568 pedes
950 1479 1086 1546 bominis

1 1604 9 1619 s*
52 1619 65 1652 s
82 1591 181 1664 stetit,
198 1599 230 1654 et
246 1613 303 1656 cor
316 1589 453 1655 bominis
469 1590 578 1656 datum
594 1602 642 1656 est
657 1591 697 1655 ei.
718 1591 756 1656 Et
771 1591 910 1656 secunda
927 1592 1028 1658 bestia
1043 1591 1087 1657 si-

19 1697 26 1740 Ι
50 1725 62 1759 ι
79 1699 161 1766 miiis
177 1723 263 1775 urso,
276 1711 309 1765 at
324 1700 357 1765 in
373 1713 462 1790 parte
475 1724 537 1764 una
553 1700 656 1772 stetit;
672 1713 705 1764 et
716 1711 780 1766 tres
795 1711 893 1767 costas
904 1701 937 1765 in
951 1724 1006 1765 oro
1017 1703 1086 1789 ejus

0 1813 24 1852 ¹
50 1837 64 1870 s
80 1811 164 1872 inter
179 1809 291 1873 dentes
305 1811 395 1895 ejus:
411 1821 445 1872 et
459 1808 505 1873 sio
520 1808 669 1873 dicebant
683 1808 727 1882 ei,
740 1808 855 1896 Surge,
869 1809 1003 1874 comede
1019 1831 1087 1878 oar-

5 1925 21 1970 Ι
51 1945 64 1978 s
81 1939 136 1982 nes
152 1915 279 1982 multas.
298 1916 513 2004 aspiciebam,
529 1928 562 1982 et
576 1937 653 1982 ecoe
672 1915 773 1982 bestia
789 1917 884 2003 quasi
903 1918 1089 2006 perductet

4 2014 15 2063 '²
50 2028 154 2093 »huic
169 2025 225 2094 alae
247 2038 384 2113 quatuor
406 2023 543 2090 volucris
565 2049 659 2114 super
674 2049 759 2102 eam,
778 2038 811 2091 et
833 2040 969 2114 quatuor
984 2029 1087 2116 capita

9 2147 18 2188 t
50 2137 198 2204 »bestias
217 2136 292 2202 Post
307 2137 390 2202 hanc
408 2135 613 2224 aspiciebam,
634 2147 668 2202 et
682 2159 759 2202 ecoe
774 2137 875 2202 bestia
891 2149 1003 2225 quarta
1018 2151 1087 2204 tar-

50 2245 177 2313 sribilis
192 2269 230 2316 ac
246 2247 415 2336 stupenda,
431 2259 464 2312 et
479 2247 567 2313 sortis
582 2247 676 2313 nimis
697 2269 705 2311 ε
720 2247 830 2314 dentes
845 2249 914 2335 ejus
930 2249 1036 2326 ferrei,
1053 2261 1085 2316 et

49 2382 201 2448 ,ungues
218 2359 288 2447 ejus
306 2359 398 2435 aenei,
416 2355 588 2424 comedens
606 2369 639 2420 et
658 2357 896 2429 comminuensa
914 2367 947 2421 ct
966 2355 1085 2445 reliqua

50 2466 214 2558 »pedibus
229 2471 293 2535 suis
309 2466 541 2534 conculcabat:
560 2466 672 2554 etipsa
689 2465 810 2532 diversa
826 2466 920 2530 nimis
934 2490 999 2555 prae
1015 2489 1086 2532 om-

8 2599 14 2642 t
50 2607 63 2638 a
79 2580 173 2644 nibus
190 2581 296 2646 bestiis
310 2603 381 2667 quan
392 2589 466 2644 ante
482 2597 572 2642 eam:
592 2577 708 2665 atejus
724 2599 842 2641 cornua
858 2576 981 2642 decem.
1002 2577 1084 2643 Con·

0 2729 2 2738 ,
47 2715 61 2748 s
77 2689 254 2754 siderabam
270 2712 389 2753 cornua
404 2690 474 2776 ejus
491 2711 498 2751 :
520 2697 552 2750 et
567 2709 643 2752 ecoe
662 2710 764 2753 cornu
779 2684 865 2751 aliud
879 2693 1012 2775 parium
1033 2711 1085 2757 as-

0 2801 4 2854 s
45 2799 183 2864 »cendit
199 2799 231 2864 in
253 2800 358 2864 medio
382 2821 495 2863 eorum
516 2819 524 2860 ε
548 2809 579 2861 et
601 2798 661 2863 tria
677 2821 798 2864 cornua
814 2799 1084 2886 exsuperioribus

8 2951 9 2954 κ
43 2905 182 2972 »evulsa
198 2918 272 2972 sunt
288 2929 306 2970 e
321 2907 400 2972 facie
415 2907 494 2994 ejus.
517 2907 557 2971 Et
572 2927 648 2972 ecce
663 2906 762 2980 oculi,
779 2907 867 2993 quasi
884 2905 970 2974 oculi
984 2909 1085 2976 bomi-

44 3017 125 3084 »nis
141 3019 174 3084 in
190 3040 291 3083 cornu
307 3014 373 3091 illo,
392 3028 424 3081 et
439 3039 475 3082 os
491 3015 623 3105 loquens
638 3017 769 3107 grandia
779 3016 803 3081 ².

0 3175 1 3180 η
91 3127 184 3193 XXI.
204 3155 217 3189 s
235 3125 543 3216 Aspiciebamdonec
558 3126 664 3192 throni
677 3127 771 3214 positi
782 3125 1081 3216 sunt2etdutiquus

41 3265 59 3300 a
77 3235 202 3301 dierum
217 3235 307 3301 sedit.
328 3233 369 3299 Et
385 3233 608 3300 vestimentum
626 3237 696 3322 ejus
714 3234 888 3304 candidum
905 3238 993 3324 quasi
1006 3239 1077 3306 nix:

41 3375 60 3410 ι
76 3358 110 3412 et
125 3344 256 3435 capillus
276 3343 388 3433 capitis
409 3345 479 3432 ejus
498 3345 587 3432 quasi
607 3344 676 3410 lana
699 3347 829 3412 munda.
849 3345 996 3413 Thronus
1012 3350 1081 3437 ejus

1 3487 2 3520 1
41 3485 60 3518 ι
74 3453 203 3521 flamma
224 3454 329 3544 ignis:
350 3465 383 3518 et
401 3463 479 3519 rotae
496 3454 566 3540 ejus
586 3453 668 3542 'iguis
683 3455 807 3522 ardens.
826 3455 956 3522 Flavius
971 3457 1081 3546 igneus

41 3595 59 3630 ι
75 3565 223 3632 trahebat
239 3577 312 3631 ante
328 3575 536 3653 conspeetum
551 3563 631 3651 ejus.
649 3561 734 3630 Milia
749 3563 846 3630 millia
860 3565 1081 3636 ministrabant

41 3705 58 3740 ι
72 3677 116 3750 ei,
129 3687 161 3740 et
177 3675 281 3741 decies
296 3685 429 3741 centena
441 3671 539 3740 miliia
551 3673 737 3738 assistebant
748 3674 787 3738 ei.
803 3674 967 3741 Judioium
979 3678 1077 3754 sedit,

42 3816 59 3849 ι
73 3801 108 3851 ct
128 3785 201 3851 iibri
222 3787 321 3874 aperti
343 3798 426 3852 sunt.
452 3781 653 3874 Aspiciebam
671 3797 748 3850 tunc
764 3807 781 3850 a
797 3805 876 3850 voce
896 3793 1078 3854 sermonum

43 3929 58 3962 ι
76 3897 262 3988 grandium,
278 3919 356 3984 quos
377 3919 477 3962 cornu
494 3894 574 3961 iilud
588 3893 789 3986 loquebatur,
808 3895 1012 3988 quoadusque
1028 3901 1078 3965 iu-

81 4029 89 4062 ¹
106 4027 579 4091 Danaa,13.—²ld.rn,aatscqq.

889 4117 939 4178 ab.
