2382 4592
268 341 272 349 ,
297 293 485 340 sraouaruu
508 295 569 339 ιιι.
596 297 624 338 r.
919 298 978 363 e07
1046 283 1049 290 '

0 415 73 482 x'ts·
95 415 169 488 sinta
198 413 255 481 sed
276 415 353 503 quid
367 501 372 513 ι
385 415 541 506 significet
570 416 821 506 unumquodque
846 439 978 495 eorum,

0 570 1 573 κ
16 524 133 590 ndetur
143 546 199 589 suo
209 522 290 590 loeo.
307 524 378 592 Non
390 536 437 591 ost
452 547 528 614 ergo
546 527 648 614 prima
663 547 757 592 causa
768 526 804 592 in
816 524 908 604 loco,
921 528 978 594 sed
1018 607 1022 614 ,

1 657 51 722 pra
64 631 166 698 locum
188 644 222 697 et
239 643 365 722 tempus
377 644 412 698 et
429 656 546 699 nomen
562 645 595 699 et
614 632 865 723 intelligentiam.
884 635 981 725 Prop—

4 774 34 797 Ἰιι
56 740 151 806 lloses
165 763 291 828 quoquc
307 741 383 807 dicit
400 764 408 808 ε
426 740 559 808 Ostende
572 741 649 806 milri
661 741 805 828 teipsum¹
822 792 831 820 ‚
848 742 979 809 eviden-

1 849 69 924 ‘ime
80 848 209 914 innuens
215 848 321 915 Deum
328 872 393 915 non
407 873 500 939 posse
512 849 634 928 doceri,
651 873 711 916 nec
725 851 829 917 verbis
843 850 977 939 exprimi

1 957 201 1032 drominilrus,
215 957 273 1042 sed
287 955 354 1024 sola
378 981 415 1024 ca
432 981 502 1047 quse
518 959 559 1024 ab
575 959 644 1048 ipso
659 957 871 1047 proficiscitur
887 982 981 1047 posse

1 1076 101 1130 estate
114 1064 270 1154 cognosci.
286 1065 456 1156 inquisitio
464 1067 552 1133 enim
568 1067 703 1133 obscura
715 1079 747 1133 et
763 1089 865 1134 caeca:
881 1067 980 1156 gratia
1018 1064 1022 1072 ’

1 1183 58 1238 em
72 1172 273 1262 cognitionis,
292 1185 340 1240 est
355 1175 395 1240 ab
412 1174 481 1262 ipso
496 1197 556 1265 per
571 1173 683 1241 lilium.
700 1175 905 1265 ,Apertissime
921 1199 980 1242 au-

3 1314 15 1339 ιι
32 1279 170 1348 Salomon
180 1281 274 1348 nobis
293 1281 374 1348 leret
385 1283 623 1360 testimonium,
641 1283 769 1348 dicens:
787 1283 979 1350 «Prudentia

1 1389 105 1458 ominis
117 1413 177 1456 non
191 1403 239 1456 cst
251 1389 289 1456 in
304 1413 375 1467 mc,
389 1391 474 1456 Deus
490 1402 598 1458 autem
611 1393 665 1458 dat
680 1391 759 1457 mihi
776 1393 977 1481 sapientiam,

15 1499 44 1564 io
57 1511 150 1566 autem
163 1511 274 1566 sancta
282 1497 324 1563 ².»
339 1499 412 1566 lam
424 1522 499 1565 vero
512 1499 652 1567 divinam
659 1500 895 1566 Providentiam
906 1497 980 1566 ulle-

17 1606 58 1673 ’ω
67 1606 158 1677 Moses
178 1607 358 1675 nominavit
371 1608 489 1696 liguum
502 1607 605 1684 vitoe³,
625 1607 713 1696 quod
727 1607 906 1698 plantatum
921 1609 982 1674 fuit

6 1715 158 1782 Paradiso:
175 1717 227 1805 qui
243 1716 376 1804 quidem
391 1716 559 1784 Paradisus
579 1728 683 1805 potest
693 1717 790 1783 etiam
805 1739 874 1782 esse
888 1739 980 1783 mun-

4 1845 34 1898 s,
46 1823 74 1888 in
90 1848 151 1913 quo
163 1837 231 1892 orta
248 1837 325 1891 sunt
347 1825 453 1891 omnia
471 1847 540 1914 quae
555 1847 740 1912 processere
754 1825 977 1892 excreatione.

10 1933 178 2022 eoetlogos
189 1933 300 2000 lloruit
313 1945 347 1999 et
357 1933 499 2000 fructum
510 1931 583 1998 tulit
597 1958 667 2000 caro
676 1933 808 2025 sactus⁴‚
822 1945 855 2000 et
865 1934 982 2021 eosqui

1 2033 26 2104 va
38 2040 243 2130 benignitatem
255 2040 441 2130 gustarant⁵
460 2040 648 2118 vivificavit,
665 2042 815 2128 qnoniam
831 2065 892 2108 nec
907 2043 982 2108 alas-

5 2146 114 2238 oligno
135 2151 228 2218 nobis
249 2149 386 2218 venitin
405 2148 634 2239 cognitionem.
657 2149 815 2239 Suspenso
830 2151 917 2217 enim
931 2163 982 2217 est

6 2270 131 2324 anostra
146 2258 188 2325 ad
203 2257 301 2324 iidem
315 2270 471 2324 nostram.
492 2258 591 2324 Porro
607 2249 716 2326 uitem
732 2257 883 2326 Salomon
899 2283 982 2348 quo-

5 2389 129 2436 erursus
146 2369 224 2435 dicit
243 2392 250 2434 :
284 2369 417 2435 «Arbor
432 2379 480 2434 est
501 2366 745 2435 immortalitatis
762 2367 799 2433 iis
811 2368 866 2457 qui
881 2369 982 2457 ipsam

4 2476 211 2566 pprehendunt
219 2476 242 2542 ⁸.
253 2476 394 2544 »Etidco
406 2476 482 2543 dicit
494 2500 526 2568 ιι
534 2478 618 2542 Ecce
631 2477 673 2542 do
686 2475 881 2542 antefaciem
893 2487 981 2544 tuam

5 2581 66 2652 itam
77 2599 110 2652 ct
124 2597 279 2662 mortem,
295 2584 425 2675 diligere
437 2585 615 2651 Dominum
631 2586 754 2660 Deum,
770 2596 802 2650 et
819 2583 983 2652 ambulare

1 2689 171 2784 'rriisejus,
196 2707 228 2760 et
248 2693 357 2761 audire
381 2717 494 2761 vocem
513 2695 603 2782 ejus,
620 2705 653 2759 et
671 2693 802 2760 credere
823 2695 904 2761 vitae.
924 2694 981 2760 Sin
1058 2697 1061 2702 '

4 2811 76 2870 ulem
102 2802 285 2892 transgressi
307 2802 428 2869 fireritis
450 2801 692 2890 justificationes
712 2813 745 2866 et
766 2802 886 2891 judicia
910 2827 981 2890 quae

4 2909 153 2991 rediretis,
171 2911 349 3002 perditione
362 2911 553 3001 perdemini.
570 2911 639 2976 Hoc
646 2910 733 2976 enim
745 2922 793 2975 est
803 2911 866 2978 vita
872 2923 905 2976 et
913 2910 982 2977 lon-

4 3015 79 3085 itudo
86 3022 208 3087 dierum
216 3033 365 3095 tuorum,
382 3018 511 3108 diligere
519 3019 692 3085 Dominum
704 3019 808 3085 Deum
822 3031 915 3084 tuum
924 3017 947 3084 ⁷.
960 3047 973 3082 ι

2 3149 67 3194 trans
89 3128 277 3198 «Abraham
301 3151 376 3193 cum
396 3128 532 3194 venisset
552 3127 585 3192 in
602 3125 711 3192 locum
731 3150 827 3215 quem
848 3127 927 3192 dixit
951 3128 981 3193 ei

1 3237 74 3313 leus,
89 3239 180 3305 tertio
200 3238 252 3304 die
275 3235 447 3325 suspiciens
463 3234 550 3300 videt
565 3234 674 3302 locum
692 3235 817 3300 eminus
832 3233 879 3299 ’.ι
901 3236 982 3302 Nam

1 3339 68 3411 lmus
79 3347 205 3434 quidem
220 3345 287 3411 dies
302 3354 351 3410 cst
363 3344 418 3432 qui
426 3343 463 3410 fit
474 3365 532 3433 per
541 3355 705 3432 aspectum
717 3364 826 3408 rerum
837 3341 983 3431 pulchro-

10 3476 43 3525 u:
66 3455 219 3522 secundm
231 3465 279 3520 est
294 3453 422 3541 optimae
437 3451 550 3518 animae
566 3450 758 3516 desiderium
773 3474 781 3515 ε
796 3450 890 3515 tertio
905 3474 981 3517 vero

4 3581 43 3624 ns
60 3563 202 3653 perspicit
225 3559 393 3652 spiritalia,
419 3559 534 3650 apertis
559 3559 628 3647 ejus
652 3556 752 3625 oculis
771 3581 788 3623 a
809 3559 980 3649 magistro,

2 3735 90 3795 ¹Erod.
99 3765 199 3812 mm,
226 3749 266 3796 ra.
277 3773 310 3784 —
321 3743 331 3770 ⁸
342 3744 416 3797 Pror.
430 3762 493 3795 ιιι.
504 3744 553 3784 -'
563 3746 651 3794 Genu.
662 3761 697 3807 11,
713 3741 798 3813 9.]-—⁴
810 3747 882 3795 loen.
894 3763 919 3810 ι,
942 3753 982 3811 14.

2 3829 46 3884 re.
56 3852 86 3900 ιι,
95 3835 119 3889 3.
129 3867 161 3879 -
171 3838 261 3891 'Pron
272 3853 313 3904 m,
325 3839 405 3889 18.-
416 3834 500 3887 ’Dent
508 3853 573 3899 ιιι,
586 3831 627 3896 15,
640 3836 671 3886 16
681 3845 760 3903 etseq.
771 3863 804 3874 -
817 3835 826 3861 '
839 3839 900 3890 Gen.
913 3855 981 3900 ιιιι,

1 3923 30 3982 a.
