2522 4608
350 329 548 386 amassenus,
573 331 634 373 ura.
662 331 696 373 ιι.
979 309 1041 396 575

21 457 114 520 uatus,
126 447 299 533 rejicienda
312 462 385 514 sunt
398 451 437 516 ab
454 448 514 515 illis
529 451 583 538 qui
598 451 702 540 ipsum
714 450 810 515 etiam
825 448 983 515 mundum
998 472 1044 513 re

20 555 147 642 jieiunt:
166 567 294 646 oportet
312 558 399 623 enim
412 580 465 623 aas
481 559 566 624 intus
584 581 652 624 esse
671 568 810 633 ornatas,
826 570 858 622 et
877 556 1045 646 pulchram

20 661 175 730 mulierem
190 664 350 731 internam
362 665 541 730 ostendere.
557 665 593 732 ln
609 663 673 730 sola
689 665 775 731 enim
786 665 890 730 anima
906 663 1047 753 pulchri-

19 772 89 840 tudo
110 787 243 864 apparet¹
254 788 288 840 et
302 776 468 865 turpitudo
486 800 494 841 :
512 789 544 840 et
559 777 632 842 ideo
653 776 679 841 is
694 773 778 841 solus
794 776 848 863 qui
863 786 912 842 e'st
930 776 1047 842 virtute

20 883 173 970 preditus,
191 908 264 949 rere
283 897 332 950 est
354 883 501 973 pulcher,
517 887 634 960 bonus,
650 896 683 950 et
697 884 850 950 honestus
867 909 876 949 r
896 898 929 950 et
944 885 1047 952 solum

19 991 98 1078 quod
108 992 279 1081 pulchrum
289 1007 339 1059 est
350 1004 382 1058 et
395 995 578 1071 honestum,
590 997 713 1061 bunum
723 1017 791 1060 esse
803 997 961 1062 statuitur.
973 994 1047 1062 Sala

20 1113 120 1169 autam
134 1103 233 1168 virtus
245 1101 294 1168 vel
310 1126 370 1192 per
380 1101 554 1192 pulchrum
572 1126 687 1194 eorpus
702 1116 845 1192 apparet,
857 1118 889 1171 et
904 1107 937 1172 in
953 1131 1049 1174 earne

20 1211 202 1288 elllarescit,
228 1213 402 1280 amabilem
434 1213 652 1303 temperantiae
684 1214 867 1288 ostendens,
890 1218 1048 1305 speciem,

21 1321 142 1408 quando
163 1344 288 1397 mores,
305 1335 458 1412 tanquam
477 1313 533 1388 lirx
554 1323 713 1409 quaedam,
730 1323 763 1388 in
786 1323 887 1412 forma
908 1325 1050 1415 resplen-

19 1430 152 1496 duerint.
177 1431 435 1519 Uniuseujusque
455 1431 541 1496 enim
563 1428 681 1519 planae
694 1443 727 1496 et
742 1431 885 1498 animalis
908 1433 1052 1523 pulchri-

23 1537 108 1614 tudo,
122 1539 155 1604 in
178 1540 429 1629 uniuscujusque
450 1541 566 1605 virtute
581 1551 630 1606 est
642 1541 752 1629 posita.
779 1543 925 1610 Hominis
946 1557 1053 1612 autem

21 1647 114 1714 rirtus
133 1661 180 1713 est
190 1647 323 1736 justitia,
337 1648 564 1736 temperantia,
577 1647 674 1714 animi
685 1651 884 1738 magnitudo,
894 1662 929 1716 et
938 1654 1048 1740 pietas.

21 1755 153 1824 Pulcher
167 1781 243 1848 ergo
261 1769 294 1823 et
310 1758 464 1842 honestus
479 1756 576 1824 homo
592 1769 658 1835 est,
675 1758 729 1848 qui
743 1761 846 1848 justus
862 1772 895 1826 et
908 1761 1053 1828 modera-

21 1878 82 1942 tus,
93 1879 138 1941 et,
160 1877 194 1932 ut
209 1867 393 1933 summatim
408 1865 526 1942 dicam,
543 1867 597 1956 qui
610 1868 714 1935 bonus
729 1881 789 1945 est,
801 1893 867 1935 non
882 1871 937 1957 qui
954 1870 1049 1938 dives.

23 1976 95 2043 dam
104 2001 176 2046 vero
187 1977 303 2044 milites
312 1976 559 2067 quoquevoluut
571 2001 649 2044 auro
659 1979 777 2056 ornari,
792 1992 826 2046 ut
838 1981 892 2069 qui
903 2002 964 2050 neo
976 1979 1055 2050 illud

23 2086 153 2178 legerint
165 2089 341 2178 poeticum,

99 2211 212 2288 Quique
227 2230 333 2270 aurum
347 2222 474 2289 gestans,
491 2211 522 2268 iu
535 2209 660 2284 bellum,
676 2220 710 2268 ut
725 2213 811 2270 stulta
825 2213 935 2290 puella,

98 2308 174 2370 Ibat.

25 2417 178 2486 Caeterum
200 2434 331 2510 ornatus
349 2422 479 2510 quidem
501 2423 657 2499 studium,
678 2422 765 2511 quod
785 2422 908 2488 virtutis
927 2421 1057 2488 minime

23 2553 133 2598 curam
148 2536 241 2623 gerit,
258 2533 315 2600 sed
329 2556 448 2622 eorpus
462 2534 521 2599 sibi
537 2533 689 2610 vindicat,
705 2533 780 2598 boni
796 2545 830 2598 et
849 2532 974 2605 honesti
990 2543 1058 2596 stu-

23 2640 77 2707 dio
87 2665 239 2709 converso
256 2643 298 2707 ad
312 2664 427 2708 ranam
442 2640 586 2730 gloriam,
604 2642 745 2709 funditus
760 2639 983 2730 expellendum
997 2654 1056 2711 est.

24 2751 105 2831 Quae
119 2754 205 2818 enim
227 2751 354 2841 corpori
378 2773 443 2816 noa
459 2751 666 2827 conveniunt,
683 2752 814 2840 perinde
829 2774 867 2817 ao
885 2751 910 2816 si
933 2753 962 2817 ei
981 2775 1061 2816 con-

24 2861 165 2938 ueniant,
195 2840 391 2951 adjungens,
418 2860 582 2936 mendacii·
606 2883 716 2937 usum,
740 2873 772 2926 et
797 2861 1061 2930 consuetudinem

20 2969 142 3036 fraudis
170 2970 408 3060 progeneravit,
427 2992 493 3035 non
519 2969 732 3044 honestatem,
753 2964 1000 3058 simplicitatem,
1030 2981 1064 3033 et

21 3103 132 3145 veram
152 3080 335 3168 pueritiam,
358 3077 415 3144 sed
436 3077 565 3152 fastum,
585 3077 811 3166 arrogantiam,
832 3075 1011 3158 mollitiem,
1031 3089 1065 3144 et

19 3189 181 3255 luxuriam
196 3189 375 3256 ostendens.
395 3191 468 3254 lstae
482 3211 557 3254 veru
574 3211 679 3258 veram
695 3186 969 3276 pulchritudinem
988 3188 1063 3264 obs,-

18 3311 157 3374 curant,
172 3322 249 3364 auro
270 3321 342 3362 eam
365 3298 616 3363 adumbrantes:
637 3319 698 3362 nec
714 3294 1064 3384 intelliguntquantum

19 3409 59 3474 in
77 3431 111 3474 se
125 3409 275 3476 delictum
290 3409 476 3483 admittunt,
494 3431 528 3472 se
543 3387 829 3476 innumerabilibus
841 3403 975 3472 vinculis
993 3403 1063 3471 alli-

16 3531 159 3610 gantes:
175 3519 446 3607 quemadmodum
458 3518 570 3584 dicuat
585 3516 671 3606 apud
685 3517 857 3591 Barbaros,
870 3513 1018 3582 scelestos
1033 3531 1066 3582 et

19 3627 190 3696 maleficos
212 3630 360 3696 homines
385 3650 464 3692 auro
486 3626 608 3692 vinciri.
631 3624 779 3712 Captivos
800 3621 858 3689 hos
881 3624 1066 3713 vinctosque

17 3739 81 3806 hae
108 3737 212 3804 divites
234 3739 383 3806 videntur
405 3736 483 3803 mihi
504 3734 646 3802 aemulari
666 3733 826 3803 mulieres.
846 3734 960 3802 Annon
979 3736 1066 3802 enim

18 3847 110 3916 colli
123 3848 281 3917 vinculum
308 3862 356 3916 est
378 3846 543 3915 collarium
559 3869 705 3922 aureum,
722 3843 926 3934 moniliaque,
944 3860 976 3913 et
996 3871 1066 3938 quas

20 3963 168 4040 καθετῆρες
188 3973 352 4039 roeaatur,
371 3973 555 4028 catenarum
578 3956 685 4025 locum
710 3957 879 4027 obtinent?
894 3958 1066 4046 quinetiam
