2522 4608
360 283 557 338 rnnucoonr,
584 285 643 328 nra.
672 285 707 328 n.
987 263 1051 350 549

22 405 266 480 dormitationes,
284 404 568 493 pandiculationas,
583 418 615 470 et
629 407 843 482 oscitationes,
863 417 938 476 sunt
956 407 1052 473 insta·

21 514 84 582 bilia
100 516 217 580 nnimae
239 513 373 581 fastidia.
398 514 562 583 Postremo
586 531 692 583 autem
716 517 778 582 hoe
801 517 966 582 sciendum
990 530 1051 592 est,

20 649 74 692 non
87 649 158 692 esse
176 626 291 692 onimae'
307 627 340 692 id
357 628 445 715 quod
461 650 573 693 somno
590 629 726 718 indigen
746 629 814 718 ipso
828 627 914 694 enirn
926 647 1053 716 semper

20 748 158 803 moretur
172 761 181 802 :
196 738 253 804 sed
264 761 394 828 corpus,
407 739 494 826 qnod
505 739 603 826 quieti
615 739 763 816 traditur,
776 740 960 816 remittitur,
972 738 1051 806 dum

20 851 129 915 interea
142 850 250 914 anima
262 873 327 916 non
339 849 474 939 amplius
486 849 695 940 corporaliter
705 864 867 942 operatur,
881 851 937 918 sed
947 873 1006 940 per
1017 873 1050 917 oe

20 962 74 1050 ipsa
85 971 242 1049 operatur
255 972 288 1026 et
305 961 423 1050 cogitat
437 983 445 1026 τ
459 984 522 1050 quo
537 961 586 1038 fit,
601 975 635 1028 ut
650 985 720 1050 qnae
735 975 810 1029 sunt
825 985 897 1029 vera
913 961 1048 1038 somnia,

21 1083 94 1135 recte
109 1070 273 1158 reputanti
285 1069 348 1136 sint
360 1070 472 1136 sobriae
484 1055 598 1140 onimae
609 1071 828 1161 cogitationes,
842 1072 920 1139 dnm
931 1094 968 1137 ea
980 1092 1049 1137 cor-

20 1183 93 1270 poris
109 1180 336 1248 affectionihus
353 1203 418 1247 non
436 1180 584 1258 trahitur,
601 1183 715 1271 etipsa
730 1182 789 1250 sibi
807 1182 867 1271 ipsi
885 1205 956 1271 quae
975 1169 1050 1248 sunt

21 1292 128 1380 optima
140 1289 310 1357 consulat:
326 1291 439 1357 animo
451 1302 559 1356 autem
570 1304 620 1357 eat
630 1291 790 1369 interitus,
803 1292 828 1358 si
841 1292 907 1381 ipsa
919 1293 1004 1382 apud
1015 1315 1048 1358 so

24 1403 140 1468 omnino
155 1403 321 1491 quiescat:
336 1413 369 1467 et
385 1401 457 1468 ideo
468 1401 571 1468 Deum
583 1414 690 1468 mente
702 1425 977 1493 semperverosno,
991 1425 1049 1491 per

23 1513 328 1579 continnamcnmeo
337 1513 603 1578 consuetudinem
612 1514 737 1602 corpori
746 1511 883 1603 vigiliam
892 1514 1046 1590 inserens,

21 1622 159 1712 angelicae
171 1635 315 1712 enequat
325 1622 490 1690 hominem
500 1625 620 1712 gratiae,
629 1623 700 1690 vitoe
712 1624 923 1691 aeternitatam
934 1647 974 1689 cx
983 1645 1048 1690 me

21 1733 165 1799 ditatione
181 1731 292 1824 vigiliae
306 1733 492 1822 suscipiens.

420 1921 573 1988 CAPUT
595 1921 638 1988 X.

154 2093 286 2172 Quanam
300 2091 335 2151 da
345 2094 531 2167 procreatione
541 2091 689 2151 liberorum
699 2089 913 2151 noctoodustirt.

60 2263 195 2352 Tempus
209 2274 317 2330 autem
333 2273 549 2351 opportunum
565 2259 801 2349 conjunctionis
815 2259 888 2326 solis
899 2261 936 2326 iis
948 2259 1045 2326 relin-

21 2376 122 2463 quitur
135 2373 401 2440 considerandnm
412 2374 465 2462 qui
480 2373 582 2462 juncti
595 2385 670 2438 sunt
684 2371 887 2438 matrimonio
901 2394 910 2435 ε
925 2371 978 2459 qui
995 2395 1048 2437 an·

21 2497 80 2550 tem
94 2485 293 2550 matrimonio
312 2483 414 2572 juncti
435 2493 521 2559 sunt,
542 2482 581 2549 iis
596 2504 711 2571 scopus
730 2493 778 2548 est
799 2492 832 2547 et
852 2481 1045 2557 institutum,

18 2593 184 2662 liberorum
196 2597 355 2686 susceptio
361 2621 371 2670 3
386 2593 458 2662 finis
469 2606 589 2672 autem,
602 2607 638 2660 ut
649 2594 725 2660 boni
737 2593 801 2659 sint
812 2591 902 2659 libari
917 2615 1047 2680 :quem-

16 2707 186 2776 admodum
200 2705 347 2797 ogricolae
362 2707 489 2773 seminis
510 2707 639 2796 quidem
661 2703 847 2794 dejectionis
867 2726 962 2771 causa
983 2718 1043 2781 est,

18 2819 97 2906 qnod
114 2818 301 2886 nutrimenti
317 2817 455 2884 habendi
471 2838 582 2885 curam
597 2827 686 2906 gerat
692 2840 702 2890 3
717 2811 917 2904 agriculturae
937 2825 1045 2883 antem
1133 2881 1137 2886 ,

18 2925 83 2994 finis
92 2939 152 3004 est,
170 2928 334 2994 fructuum
349 2925 522 3016 perceptio.
539 2923 640 2991 Multo
656 2915 762 2991 autem
777 2921 890 2989 melior
900 2934 949 2989 cst
959 2924 1045 3012 agri-

18 3035 94 3114 cola,
110 3038 165 3128 qui
184 3051 303 3104 terram
320 3035 397 3104 colit
410 3037 581 3102 animatam
597 3059 604 3100 :
618 3035 671 3102 ille
686 3035 773 3130 enim
788 3033 829 3100 ad
843 3048 969 3122 tempus
984 3031 1044 3098 ali-

15 3161 153 3215 mentum
164 3159 329 3238 expetens;
342 3147 492 3222 hievero,
504 3156 540 3212 ut
550 3146 732 3212 universum
739 3154 924 3234 permaneat
933 3163 1044 3209 curam

13 3279 133 3348 gerens,
147 3256 294 3349 agricolae
305 3257 410 3324 efficio
421 3256 583 3346 fungitur:
598 3268 630 3322 et
646 3254 697 3321 ilia
709 3254 837 3344 quidem
850 3264 981 3342 propter
996 3276 1042 3329 se,-

13 3367 66 3434 hio
84 3391 157 3435 vero
174 3380 305 3458 propter
322 3368 427 3434 Deum
448 3366 569 3457 plantat
591 3389 629 3434 ac
652 3363 797 3432 seminat.
824 3362 910 3428 Dixit
931 3361 1039 3427 enim:

12 3475 311 3565 Mottipdioemini¹.
331 3477 393 3544 Ubi
412 3476 475 3543 hoc
495 3473 751 3542 subaudiendum
771 3485 819 3537 est
831 3495 839 3536 ι
853 3471 917 3538 «Et
931 3494 968 3536 ea
990 3493 1042 3536 rn-

13 3587 124 3654 rtione
137 3587 174 3652 fit
188 3587 285 3655 homo
303 3587 362 3654 Dei
379 3587 495 3676 imago,
513 3597 668 3674 qnatenus
683 3583 781 3648 homo
797 3593 987 3670 cooperatur
1000 3583 1041 3648 ad

11 3697 270 3785 »generationem
285 3679 435 3762 hominis.
455 3693 554 3763 »Non
576 3703 625 3758 est
641 3689 789 3781 qualibet
810 3683 893 3756 torr'a
913 3703 984 3779 apta
999 3690 1040 3758 ad

10 3807 204 3896 snsdpienda
218 3807 337 3876 semina
353 3827 361 3871 s
375 3805 459 3894 qnod
476 3806 500 3870 si
513 3804 609 3872 etiam
627 3803 668 3867 sit
679 3799 840 3891 quelibet,
853 3823 916 3866 non
933 3812 1039 3913 tamen

40 3955 151 4006 ¹Gcncs.
164 3973 182 4014 ι,
195 3954 234 4004 18.
