2574 4628
179 330 181 334 ·
300 309 500 356 conorrarro
525 307 565 352 an
588 307 718 354 serras.
967 308 1027 376 ¹79

23 419 111 516 land
132 431 253 506 Graeci,
279 432 334 518 qui
356 429 510 518 quasdam
532 427 628 494 divini
643 427 739 496 Verbi
762 428 852 516 quasi
870 425 1025 495 -acidtilles

23 555 195 632 coeperunt,
209 541 361 630 exiguam
377 537 515 627 aliquam
526 539 663 604 veritatis
678 549 801 630 partem
812 535 930 618 elocuti
946 537 1025 610 aintr

23 655 61 722 in
83 653 209 742 qnidam
237 651 311 739 ejus
333 673 398 716 non
419 647 577 715 occultam
607 659 812 724 attestantur,
838 671 901 712 nna
920 660 1027 714 tamen

23 785 84 830 ram
103 759 359 828 imbecillitatem
380 769 529 848 arguunt,
552 757 625 846 quia
644 756 742 823 finem
768 780 832 823 non
853 756 1023 846 attigerint.

23 875 78 944 linc
95 873 238 939 existimo
253 870 264 906 ¹
283 869 385 938 cuivis
407 891 475 934 essa
500 867 714 943 manifestum,
735 866 821 958 quod
836 867 966 956 perinde
981 867 1029 932 fa-

23 977 139 1071 lantqui
150 984 218 1049 sine
228 980 343 1047 Verbo
358 976 497 1045 veritatis
514 989 569 1041 ant
586 988 685 1066 agunt
699 974 817 1064 aliquid
829 989 884 1042 aut
896 972 1030 1065 loquun-
1094 1039 1098 1048 .

23 1117 66 1186 ur,
78 1117 113 1161 ao
127 1093 152 1158 si
166 1091 239 1181 quis
256 1101 397 1157 conatur
417 1085 538 1176 ingredi
554 1087 672 1175 absque
692 1087 838 1177 pedibus.
857 1083 922 1152 Vos
941 1107 1030 1161 vero,

23 1202 177 1270 usalutenr
192 1197 436 1290 amplectamini
454 1195 565 1265 saltem
579 1194 743 1288 impellant
763 1195 895 1263 deorum
911 1208 1031 1262 restro*

23 1335 75 1378 arm
86 1325 162 1380 note
176 1335 216 1378 ae
231 1308 512 1400 reprehensiones,
525 1329 604 1396 quos
614 1311 716 1396 politae
730 1306 760 1372 ri
775 1306 914 1372 veritatis
929 1305 1030 1374 eoacti
1147 1318 1150 1322 '

23 1422 208 1512 perstringunt
219 1434 253 1488 et
269 1421 480 1486 insectantur.
495 1416 667 1483 Menander
679 1415 766 1482 enim
778 1417 932 1506 comicus,
945 1418 977 1485 in
991 1419 1032 1486 la-

23 1527 80 1594 bula
89 1551 152 1617 quae
165 1529 307 1616 Auriga
321 1524 449 1600 dicitur,

86 1677 162 1750 triti,
173 1681 274 1755 inquit,
290 1674 407 1756 placere
416 1692 474 1732 non
487 1686 583 1754 potest
593 1673 675 1733 anuis
686 1693 783 1731 comes
897 1753 899 1758 Ι

88 1781 158 1836 netu
168 1775 345 1847 ambulator,
354 1792 408 1830 nec
416 1772 467 1850 qui
475 1771 577 1850 irrepit
591 1772 621 1830 in
630 1770 732 1829 domos

93 1874 200 1934 Tabula
213 1873 363 1954 praesidio.

31 2013 66 2080 ld
83 2015 184 2103 quippe
200 2013 354 2080 iaciebant
375 2013 430 2101 qui
452 2011 543 2078 ttaui
559 2011 692 2077 deornm
713 2013 827 2102 stipem
849 2015 1045 2082 emandioa·

31 2125 115 2199 bant,
128 2125 229 2212 quibus
247 2123 448 2191 Antisthenes
468 2120 556 2189 hand
571 2123 627 2188 abs
642 2121 791 2189 refertur
808 2126 1005 2214 respondisse
1020 2149 1029 2192 r

32 2232 101 2300 Non
114 2233 164 2301 alo
178 2252 310 2301 matram
323 2236 474 2311 deorum,
493 2255 597 2320 quam
615 2230 665 2296 dii
678 2233 783 2318 alunt.
806 2227 895 2302 Idem
908 2261 1034 2325 quoque

29 2343 166 2420 comicus,
176 2367 301 2412 suornm
314 2341 484 2410 hominum
499 2341 764 2410 consuetudinem
780 2367 862 2434 aegre
873 2345 988 2424 serens,
1002 2349 1035 2415 in

27 2475 59 2518 ea
76 2475 160 2542 qnam
173 2453 382 2520 sacedotum
397 2449 556 2541 inscripsit
570 2447 689 2528 fabula,
708 2449 778 2518 haro
796 2456 904 2532 verba,
921 2457 1035 2545 quibus

25 2560 138 2650 hapiam
155 2563 268 2630 erroris
283 2583 398 2629 eorum
413 2559 626 2650 arrogantiam
645 2557 771 2639 refellit,
787 2577 882 2631 acute
896 2565 970 2633 satis
986 2575 1035 2633 at—

24 2691 78 2758 que
91 2671 257 2760 prudenter
272 2669 435 2762 eloquitur
449 2694 458 2737 r

92 2866 99 2878 .
114 2867 121 2882 .
140 2867 147 2880 .
161 2825 293 2900 Namque
304 2820 330 2879 si
341 2840 400 2899 quo
412 2820 476 2879 vult
486 2825 580 2880 Deum

91 2924 181 2981 Homo
194 2922 350 3002 perductet
360 2922 490 3002 oreperis
503 2921 713 2995 tintinnabulis

92 3021 210 3078 Tantum
224 3021 277 3100 qui
289 3019 390 3100 pollet,
400 3021 464 3101 ipse
476 3019 534 3098 jum
545 3021 638 3102 major
648 3027 711 3082 Deo
723 3035 774 3083 est.

91 3119 286 3179 Sedistasunt
300 3121 664 3195 commentaoonlidentiae,
718 3153 720 3159 ·

91 3223 125 3279 n
133 3219 308 3301 impudentis
318 3221 427 3299 ingenii
438 3222 595 3282 molimina.

26 3363 119 3455 lleque
131 3391 205 3435 vero
219 3367 305 3434 solus
320 3365 506 3446 Menander,
525 3368 582 3436 sed
599 3368 695 3436 etiam
709 3366 879 3445 Homerus,
896 3375 928 3434 et
942 3369 1036 3436 Euri·
1160 3369 1163 3376 ⁴

27 3476 111 3564 pto,
122 3467 234 3569 aliique
248 3473 351 3569 podtae
364 3477 525 3570 permulti.
543 3480 618 3548 daos
633 3493 752 3547 vestros
768 3491 956 3570 coarguunt,
975 3503 1036 3548 nee
1111 3563 1114 3576 Ι

28 3585 167 3654 tantillum
181 3601 331 3658 verentur
345 3587 522 3657 maledictis
535 3613 590 3657 eos
607 3591 821 3681 proscindere.
839 3592 964 3660 Etenim
974 3591 1034 3660 tti-

30 3715 152 3777 ltrram,
163 3703 383 3794 cynomyiam,
398 3714 431 3767 et
439 3701 619 3770 Vulcanum
640 3719 775 3791 utroque
786 3705 865 3794 pede
880 3705 1037 3784 claudum

30 3807 180 3895 appellant.
197 3809 315 3878 llelena
329 3826 438 3878 autam
452 3811 611 3882 Venerem
626 3813 672 3880 sic
686 3810 853 3902 alloquitur
862 3835 875 3880 :v

57 3951 401 4024 mummolenum.

811 4067 857 4109 ta.
936 4109 937 4114 ,
