2532 4608
19 1905 27 1918 ,
150 1839 237 1906 enim
253 1849 300 1904 est
315 1838 537 1927 jusjurandum
550 1837 633 1913 ..vel
655 1848 806 1926 tanquam
822 1837 1077 1926 jusjurandum,
1091 1848 1174 1902 menta

154 288 218 364 540
471 305 644 351 enutriris
669 305 883 350 armannum

152 453 218 497 nou
229 429 273 495 ita
295 428 392 494 ritem
407 427 570 504 instituat,
586 441 623 492 ut
636 451 673 494 ea
688 427 729 493 sit
745 427 878 493 firmum
890 448 928 492 oe
941 425 1111 491 definitum
1127 427 1193 513 jus-

151 537 344 627 jurandum,
357 535 516 624 fidemque
530 534 675 602 ostendat
691 535 900 602 consessionis
911 535 944 600 in
955 535 1116 600 constanti
1131 546 1194 600 sta-

152 643 273 734 bilique
287 645 349 712 vita
364 655 397 710 et
412 644 581 710 sermone?
600 645 632 711 Si
648 657 756 710 autem
770 645 806 710 in
819 643 940 732 judicio
958 644 1031 732 ejus
1046 644 1106 732 qui
1124 643 1192 708 facit

150 765 184 820 et
198 753 358 842 loquitur,
380 753 519 843 positum
541 765 589 818 eet
609 753 713 820 faeere
734 753 905 840 injuriam,
926 777 994 820 non
1011 753 1047 818 in
1070 775 1193 841 perpes-

152 863 241 930 sione
252 863 321 951 ejus
332 862 385 950 qui
398 861 519 951 petitur
530 861 806 950 persecutionem,
820 883 924 949 neque
935 861 1131 936 mentietur,
1142 885 1192 925 ne-

152 995 216 1060 que
226 970 397 1060 pejerabit,
412 979 447 1034 ut
458 969 513 1058 qui
525 971 629 1037 Deum
641 970 782 1036 afficeret
792 969 909 1058 injuria
921 1019 931 1046 ,
941 991 1022 1035 eum
1033 991 1109 1034 eum
1120 970 1191 1034 sciat

150 1091 263 1148 natura
282 1101 350 1160 esee
371 1077 556 1166 hujusmodi
571 1089 607 1142 ut
623 1078 752 1144 minime
775 1077 847 1142 laedi
870 1078 984 1166 possit.
1011 1077 1079 1143 Sed
1098 1101 1190 1165 neque

150 1199 279 1278 propter
301 1186 483 1276 proximum
504 1186 694 1262 mentietur,
716 1184 766 1251 vel
786 1184 910 1274 aliquid
925 1186 1186 1274 transgredietur,

151 1319 246 1384 quem
262 1293 375 1362 didicit
396 1292 543 1384 diligere,
567 1295 776 1361 etiamsinon
801 1295 843 1359 sit
866 1292 1048 1360 familiaris.
1071 1295 1187 1383 Propter

153 1405 292 1494 seipsum
308 1411 415 1470 autem
436 1401 538 1469 multo
553 1403 657 1469 minua
678 1413 731 1469 aut
746 1403 944 1479 mentietur,
958 1414 1018 1468 aut
1029 1403 1182 1491 pejerabit,

151 1513 307 1602 siquidem
318 1533 482 1601 nunquam
497 1535 552 1577 aua
567 1523 683 1602 sponte
696 1513 729 1576 in
745 1511 885 1599 seipsum
897 1511 1048 1600 injustus
1060 1511 1178 1576 iurene

150 1634 213 1690 tur.
232 1621 296 1688 Sed
311 1643 413 1709 neque
435 1621 538 1709 jurat,
552 1631 588 1685 ut
598 1620 652 1709 qui
664 1621 697 1686 in
709 1619 919 1686 affirmatione
933 1619 1086 1708 quidem,
1097 1618 1139 1682 ln
1149 1618 1167 1694 ¹,
1261 1645 1262 1690 ι

149 1730 183 1796 in
199 1729 367 1818 negatione
385 1739 510 1805 nutem,
528 1727 601 1795 Non
616 1727 647 1804 ²,
668 1751 820 1817 usurpare
839 1728 1064 1794 constituerit.
1082 1727 1164 1792 duam
1261 1809 1263 1854 ν

151 1959 345 2036 conceptum
360 1945 500 2036 proferre
513 1945 554 2012 ad
566 1943 682 2035 aliquid
694 1945 965 2034 persuadendum.
983 1945 1109 2012 Sufficit
1117 1967 1178 2034 ergo

149 2055 178 2122 ei
192 2052 242 2120 vel
257 2055 458 2121 affirmationi
470 2052 519 2120 vel
531 2055 689 2144 negationi
705 2053 822 2120 addere
837 2052 917 2119 iliud
934 2078 945 2119 τ
964 2053 1054 2120 Vere
1068 2054 1144 2128 dico,
1155 2065 1183 2117 ut

151 2161 248 2239 tidem
264 2162 301 2227 iis
313 2161 408 2227 saciat
421 2211 429 2238 ,
442 2163 496 2252 qui
508 2163 650 2253 responsi
665 2165 734 2253 ejus
750 2186 815 2229 non
831 2163 1039 2252 perspiciunt
1052 2161 1182 2228 subitiu

149 2281 225 2336 tem.
246 2269 381 2359 Oportet
396 2272 482 2337 enim
502 2295 576 2338 eum
593 2270 733 2348 habere,
750 2284 785 2336 ut
799 2295 859 2361 ego
881 2271 1019 2359 quidem
1038 2271 1181 2343 existimo,

150 2379 236 2467 apud
250 2391 397 2446 externos
413 2379 541 2468 quidem
553 2379 649 2446 vitam
662 2379 725 2446 fide
741 2380 891 2469 dignam,
908 2390 944 2445 ut
961 2403 1005 2445 ne
1022 2377 1181 2468 postrdetur

147 2487 279 2576 quidem
300 2490 340 2554 rb
360 2511 400 2554 eo
420 2487 666 2576 jusjurandum:
685 2488 769 2576 apud
790 2489 931 2576 seipsum
957 2500 1071 2554 autem
1089 2501 1118 2553 et
1135 2509 1177 2574 pur

149 2618 224 2662 oum
241 2619 280 2661 eo
302 2607 547 2672 conversantur,
571 2597 666 2662 animi
687 2595 889 2684 aequitatem,
915 2619 991 2684 quae
1007 2609 1060 2661 est
1079 2594 1169 2682 justiti

149 2701 334 2771 voluntaria.
356 2704 429 2770 Jam
452 2727 528 2771 vero
541 2717 628 2772 reete
645 2705 813 2771 Gnostioua
838 2705 945 2793 jurat,
970 2705 1107 2794 prodirir
1127 2724 1168 2767 ur

147 2816 213 2878 tem
225 2811 265 2880 ad
283 2809 455 2902 jurandum
471 2837 536 2879 non
551 2826 616 2889 est,
636 2836 746 2880 verum
765 2835 837 2879 ram
858 2813 995 2902 quidem
1018 2811 1127 2880 aceedit
1139 2808 1172 2874 ad

149 2922 321 3010 jurandum
333 2971 342 2998 ,
354 2945 394 2988 eo
404 2945 500 3010 quem
516 2923 651 3012 dirimus
667 2923 773 2990 modo.
784 2922 983 3010 Quanquam
1001 2936 1038 2988 ut
1053 2924 1092 2988 sit
1102 2941 1180 2986 verax

149 3031 182 3097 in
193 3029 400 3120 jurejurando
412 3080 421 3106 ,
435 3029 472 3096 fit
486 3053 526 3096 ex
540 3055 578 3098 ea
593 3055 691 3121 quam
706 3032 839 3097 veritate
853 3030 955 3097 hehet
970 3032 1178 3100 consensione

148 3141 218 3206 Hoc
230 3163 306 3229 ergo
325 3137 381 3216 fit,
402 3151 557 3228 quatenus
569 3140 638 3227 quis
658 3163 691 3204 se
706 3151 792 3205 reete
810 3139 892 3228 gerit
907 3138 1007 3228 vulgo
1022 3141 1056 3204 in
1071 3139 1180 3204 officiis

150 3248 291 3314 Curnam
306 3271 381 3336 ergo
403 3261 452 3313 est
474 3271 553 3337 opus
568 3248 776 3337 jurejurando
796 3249 825 3312 ei
846 3249 902 3336 qui
917 3248 962 3314 ita
982 3249 1060 3314 vivit
1076 3259 1109 3312 ut
1129 3247 1183 3335 jam

149 3356 328 3446 pervenerit
345 3355 385 3420 ed
405 3377 565 3422 summum
586 3355 749 3423 veritatis?
772 3355 836 3436 Qui
850 3356 950 3444 igitur
963 3379 1008 3421 ne
1022 3357 1109 3444 jurat
1123 3353 1185 3442 qui-

149 3465 243 3540 dem,
262 3462 400 3532 multum
424 3465 514 3529 abest
533 3475 569 3528 ut
593 3463 633 3529 eit
655 3465 853 3553 pejeraturus
876 3488 884 3529 :
908 3465 966 3554 qui
991 3477 1099 3531 eutem
1117 3457 1184 3528 mirii

149 3573 381 3661 transgreditur
387 3595 426 3637 ex
437 3571 474 3636 iis
486 3594 556 3660 que
566 3583 659 3660 poeta
671 3584 704 3636 et
716 3583 873 3639 conventa
885 3584 979 3649 sunt,
992 3574 1019 3639 is
1031 3589 1184 3660 uunquam

149 3681 324 3771 juraverit:
345 3679 602 3771 quandoquidem
623 3692 732 3746 utrum
754 3680 917 3748 violaverit
940 3705 981 3748 an
1003 3679 1180 3771 perfecerit,

149 3783 234 3854 sacto
249 3785 420 3854 confirmat
435 3811 443 3852 ι
457 3786 539 3853 sieut
550 3797 637 3854 oerte
649 3786 775 3856 mentiri
788 3798 821 3852 et
831 3787 997 3876 pejerare,
1011 3787 1044 3854 in
1055 3781 1181 3852 dicendo

189 3940 302 3996 ‘Mattln
315 3960 344 4006 r,
357 3941 458 4006 [ip—¹
467 3945 520 3994 Jao.
533 3963 557 4008 v,
571 3963 610 3997 ra.
