2574 4628
194 299 253 386 198
497 321 669 366 easusarrs
694 319 905 362 atuxsanarsr

192 440 372 506 suademus.
387 437 448 516 Da,
462 441 604 528 inquam,
618 438 818 530 agriculturae
829 459 974 527 operam,
987 437 1013 502 si
1024 432 1179 524 agricola
1192 453 1250 502 ess

122 613 125 620 r
189 549 318 616 interim
334 551 412 615 dum
430 549 522 639 agros
541 549 631 630 colis,
648 550 753 614 Deum
774 569 941 637 cognosce.
962 545 1096 634 Navigat,
1115 542 1181 632 qui
1201 541 1251 606 rai

191 661 327 728 nauticae
343 661 467 726 deditus
489 685 539 736 ese
566 685 632 728 non
652 671 727 727 ante
748 671 855 726 tamen
878 679 974 747 quam
989 654 1165 724 coelestem
1183 675 1251 740 gu·

189 771 395 838 beruatorem
408 771 613 836 invocaveris.
626 768 818 836 ¹Militantem
836 781 868 834 te
883 764 1098 857 deprehendit
1119 762 1250 852 cogni-

190 873 261 945 tio?
282 881 356 947 audi
379 881 616 970 imperatorem,
638 881 691 969 qui
713 878 757 946 nil
773 880 831 946 tibi
854 879 914 946 nisi
937 877 1024 968 quod
1039 878 1181 967 justum
1199 883 1250 938 est

190 988 335 1080 imperat.
359 990 497 1057 Proinde
519 1003 672 1078 tanquam
694 990 768 1056 vino
789 1012 827 1055 ac
845 1009 958 1078 sopore
973 987 1112 1078 gravati,
1130 983 1250 1050 redite

189 1101 321 1192 tandem
337 1101 377 1166 ad
395 1102 629 1190 vosmetipsos:
654 1101 832 1192 apertisque
855 1097 1090 1188 aliquantulum
1114 1093 1247 1171 oculis,

191 1207 336 1298 dispicite
357 1207 474 1298 lapides
495 1210 548 1299 qui
565 1233 582 1274 u
598 1211 688 1276 vohis
700 1209 862 1285 coluntur,
876 1219 908 1274 et
923 1220 1069 1298 sumptus
1094 1225 1192 1293 quos
1216 1205 1246 1270 in

187 1321 356 1388 materiam
379 1321 494 1388 frustra
519 1321 715 1410 impenditis,
739 1319 893 1408 quidnam
916 1319 977 1387 sihi
998 1315 1115 1385 velint.
1150 1315 1246 1404 Opes

191 1439 322 1504 vestras,
335 1451 373 1495 ac
384 1426 551 1495 facultates
562 1430 595 1495 in
605 1427 829 1518 ignorantiam,
842 1425 1120 1516 quemadmodum
1132 1424 1246 1514 ipsam

191 1561 320 1628 quoque
331 1541 428 1608 vitam
443 1541 476 1606 in
487 1538 809 1617 mortemetrunditis,
823 1519 917 1628 atque
934 1539 968 1604 in
985 1537 1047 1604 hac
1058 1533 1134 1601 sota
1150 1557 1250 1600 vana

103 1674 104 1686 ¹
191 1663 303 1718 restrae
318 1652 385 1742 spei
399 1649 499 1718 linem
515 1653 668 1742 reperitis.
691 1649 824 1720 Interim
838 1651 917 1719 adeo
932 1647 1115 1738 mancipati
1130 1668 1245 1736 prusa

192 1761 416 1828 consuetudini
434 1763 523 1838 estis,
539 1774 575 1828 ut
589 1787 650 1829 nec
660 1775 802 1829 vestrum
817 1763 875 1850 ipsi
888 1759 1042 1835 misereri,
1055 1781 1181 1846 neque
1200 1757 1245 1823 his

194 1896 274 1960 quos
296 1875 461 1942 misertum
476 1886 524 1941 est
545 1875 647 1953 vestri,
660 1876 787 1957 erroris,
808 1895 931 1940 morem
951 1891 1060 1959 gerere
1078 1869 1241 1959 possitis:

157 2060 160 2068 ,
192 2007 306 2050 verum
321 2009 358 2051 ea
374 1987 530 2076 suspensi,
547 1987 587 2052 ad
610 1975 787 2054 ertrcmum
805 2009 907 2075 usque
922 1983 1069 2074 spiritum
1094 1979 1196 2047 ultro
1216 1983 1244 2047 in

193 2092 371 2180 perniciem
381 2106 520 2160 vestram
531 2094 631 2160 ruitis.
647 2120 659 2154 r
673 2094 741 2160 Lux
753 2094 839 2160 enim
850 2093 935 2160 venit
946 2093 979 2158 in
991 2089 1181 2172 mundum,
1193 2089 1245 2154 sed

193 2229 208 2264 s
224 2198 404 2270 dilexerunt
420 2203 564 2270 homines
578 2204 684 2292 potius
699 2204 846 2270 tenebras
862 2224 957 2290 quam
968 2198 1100 2266 lucem¹
1116 2222 1125 2264 :
1143 2227 1160 2262 a
1171 2222 1245 2266 cum

193 2336 231 2378 ca
252 2334 323 2400 quae
340 2313 432 2380 saluti
449 2316 590 2390 obstant,
604 2315 733 2390 fastum,
750 2326 783 2379 et
796 2312 930 2387 divitias,
943 2323 976 2377 ct
988 2311 1168 2391 timorem,
1184 2311 1246 2378 lroe

84 2409 98 2517 ι’
195 2421 281 2488 dicto
292 2423 419 2512 politico
433 2426 613 2512 abstergere
628 2423 766 2490 licuisset
781 2448 789 2488 ε

274 2561 342 2630 Quo
352 2555 414 2633 jam
424 2555 477 2613 has
487 2556 614 2633 ingentes
624 2575 694 2633 opes
704 2557 786 2613 lero?
799 2575 856 2634 quo
871 2568 966 2614 autem
980 2567 1009 2613 et
1024 2555 1094 2632 ipse

273 2655 372 2711 Erro?
388 2699 395 2710 .
410 2695 418 2709 ,.
435 2695 441 2707 .

194 2775 331 2840 Proinde
339 2775 365 2840 si
378 2776 587 2840 constitutum
597 2777 685 2846 vobis
698 2777 750 2852 sit,
761 2778 810 2842 his
821 2778 1184 2844 inanibuscommentis
1197 2801 1245 2843 rc-

194 2884 344 2973 pudiatis,
353 2883 410 2972 ipsi
423 2884 645 2950 consuetudini
658 2886 854 2963 renuntiare,
866 2886 961 2951 dicite
969 2887 1243 2976 ranasopinioni:

272 3022 374 3080 Valete
388 3022 537 3080 mendacia
549 3023 669 3096 somnia,
680 3023 721 3082 uil
731 3024 808 3083 enim
819 3025 922 3084 fuistis.

195 3155 373 3231 (lausaim,
389 3178 409 3220 o
431 3155 589 3232 homines,
610 3157 793 3222 existimatis
811 3155 999 3246 Typhonem
1016 3181 1088 3223 esse
1105 3159 1247 3228 Mercu-

193 3267 290 3342 rium,
319 3264 530 3342 Andocidem,
554 3279 586 3330 et
607 3265 804 3355 Ainyetuml
830 3289 937 3331 annon
964 3264 1101 3332 cuilibet
1127 3270 1249 3358 utique

193 3377 396 3442 manifestum
411 3386 459 3441 est
472 3373 592 3463 lapides
608 3399 662 3441 oos
677 3397 760 3452 esse,
776 3377 857 3442 sicut
871 3375 966 3442 etiam
981 3377 1091 3464 ipsum
1110 3376 1251 3446 Merou-

193 3485 300 3553 rium?
324 3486 364 3550 Ut
386 3509 460 3551 vcro
482 3509 543 3551 nec
564 3485 637 3553 halo
651 3486 737 3552 Deus
757 3499 817 3561 est,
835 3507 895 3554 nec
920 3487 991 3559 iris;
1011 3486 1067 3550 sed
1087 3489 1251 3577 quaedam

193 3594 274 3660 ac'ris
285 3617 324 3663 ac
336 3595 469 3660 nubium
481 3593 687 3660 affectiones:
703 3595 972 3682 quemadmodum
982 3596 1082 3662 etiam
1095 3621 1165 3666 nec
1179 3601 1251 3666 dies

191 3715 239 3769 est
262 3703 345 3768 inter
368 3703 442 3768 deos
466 3703 690 3778 recensendus,
715 3727 775 3770 nec
798 3701 925 3780 mensis,
945 3727 1147 3784 necannus,
1169 3733 1250 3786 nec,

193 3812 281 3910 quod
301 3810 349 3876 his
372 3811 562 3901 completur,
586 3825 734 3902 tempus·
755 3815 799 3881 sic
821 3837 924 3904 neque
940 3815 999 3892 sol,
1018 3841 1130 3907 neque
1145 3819 1249 3898 luna

224 3943 367 4000 ¹·Josn.111‚
381 3959 418 4005 ¹9·
