2412 4596
287 275 474 339 sasonarsu
495 277 558 329 sn.
586 281 608 329 1.
923 261 965 352 57

5 411 97 502 logos,
113 407 223 478 amicus
236 429 355 500 prope,
370 431 466 498 quum
479 406 578 474 frater
591 403 685 496 longe
702 402 849 473 habitans
861 402 885 472 ¹.
904 406 968 496 Qui

5 535 82 592 sutem
100 518 175 587 salsis
200 519 360 604 innititur,
384 517 411 582 is
437 516 541 607 puscit
564 527 693 592 ventos,
715 527 748 580 et
769 516 970 605 persequitur

5 653 54 700 nes
65 640 201 720 pennotus
211 626 234 694 ².
252 655 265 690 r
282 626 350 694 Non
366 626 512 692 existimo
526 625 638 714 Logon
657 645 745 690 nunc
774 623 880 690 dicere
901 623 970 714 phi-

5 738 141 828 sophiam,
167 735 239 804 licet
263 758 300 804 ea
315 757 398 825 saepe
421 734 614 825 argumentis
636 731 854 824 probabilibus
877 733 970 800 etad

5 847 56 916 tan
67 845 227 914 laciendum
248 845 331 935 aptis
348 839 478 922 utatur,
494 844 737 910 sedinsectatur
752 841 896 908 haereses.
915 841 971 908 ln-

5 957 160 1044 rtitaque:
181 981 193 1016 e
214 952 351 1042 Reliquit
371 953 458 1019 enim
481 952 545 1031 vias
569 976 633 1018 suae
659 953 775 1028 vineae,
797 951 831 1018 in
852 952 971 1019 semitis

5 1075 80 1130 sutem
93 1064 217 1152 proprie
235 1061 435 1152 agriculture
459 1061 626 1127 oberravit.
647 1089 661 1122 s
682 1061 736 1126 Eae
752 1073 857 1127 autem
873 1073 971 1138 sunt,
1078 1085 1084 1104 ·
1198 1125 1201 1154 1

5 1173 202 1261 ueprimaevam
220 1171 396 1240 Ecclesiam
412 1169 607 1258 relinquunt.
631 1170 704 1238 Jsm
725 1191 799 1236 vero
815 1170 868 1258 qui
893 1171 973 1238 ceci-

5 1281 54 1347 'sin
71 1280 220 1360 heresim,
238 1281 350 1348 tremit
366 1305 422 1368 por
436 1279 629 1346 solitudinem
650 1278 713 1345 siue
727 1303 824 1368 aquo,
846 1279 972 1369 eo,qui

5 1409 36 1454 tre
52 1389 124 1456 lleus
147 1403 210 1467 est,
237 1390 370 1468 relicto,
385 1391 482 1457 eDeo
506 1391 669 1466 desertus,
692 1413 806 1478 aquam
828 1411 973 1479 querens

5 1519 32 1564 oe
51 1521 133 1588 aqna,
156 1523 247 1566 «non
273 1498 480 1568 habitabilem
500 1511 533 1564 et
555 1499 748 1566 sitibundam
771 1511 888 1567 terrum
903 1489 981 1589 pur·⁴

5 1605 110 1685 mens,
128 1603 274 1700 colligens
291 1610 438 1677 manibus
453 1607 651 1676 sterilitatem
670 1609 844 1675 fructuum.
859 1611 901 1675 Et
915 1609 972 1688 iis,

5 1716 151 1804 quieemm
176 1718 366 1808 prudentia,
397 1720 516 1808 jubeo,
552 1717 649 1806 inquit
677 1718 858 1806 Sapientia,
889 1718 974 1784 scili-

5 1833 35 1900 tt,
54 1826 93 1911 qu‘
113 1842 266 1895 rorantur
293 1829 324 1894 io
347 1829 525 1905 heresibus,
557 1828 656 1894 Panes
679 1829 850 1896 absconsos
864 1825 976 1894 luben-

5 1937 158 2026 tutangite,
174 1949 205 2002 et
221 1960 339 2028 aquam
365 1937 440 2004 furti
466 1935 615 2004 dulcem:
634 1964 647 1998 r
671 1936 727 2002 ubi
749 1959 806 2025 per
814 1959 929 2023 ponem
943 1948 976 2003 et

5 2061 82 2126 lm,
99 2067 147 2114 eus
160 2046 298 2115 hereses
324 2045 410 2114 clare
429 2058 519 2113 notat
534 2045 716 2135 Scriptura,
737 2069 807 2134 quae
832 2045 866 2113 in
885 2040 976 2114 ohla-

5 2147 50 2216 ltne
60 2175 126 2240 pane
140 2168 171 2221 et
191 2181 274 2246 aqua
287 2153 376 2223 aliter
389 2167 548 2232 utuntur,
559 2177 654 2243 quam
675 2152 827 2222 Ecclesiae
845 2157 977 2224 canoni-

5 2263 206 2354 usprecipitur.
232 2265 319 2332 Sunt
334 2265 440 2340 enim,
456 2264 511 2353 qui
532 2261 597 2330 sola
618 2287 698 2354 aqua
714 2276 847 2331 utuntur
865 2264 898 2330 in
916 2267 977 2332 Eu-

5 2361 103 2437 luistis.
122 2373 215 2441 «Sed
234 2371 374 2451 resilias,
396 2373 511 2440 nediu
534 2374 666 2439 moreris
684 2373 720 2441 in
742 2371 814 2440 loco
841 2374 936 2464 ejus:
957 2401 971 2440 s

5 2493 55 2552 Μ
74 2503 281 2572 synagogam,
303 2505 370 2548 non
391 2493 498 2548 autem
520 2481 715 2559 Ecclesiam,
740 2481 900 2572 aequivoce
921 2507 981 2574 ap·

5 2579 86 2653 brut.
99 2589 214 2659 Deinde
225 2589 404 2659 acclamat:
426 2592 503 2658 «lta
519 2591 605 2658 enim
620 2590 758 2680 trajicies
778 2615 891 2680 aquam
907 2591 980 2658 alie-

5 2709 75 2761 nu:
89 2701 267 2790 »baptisma
288 2699 491 2777 hereticum,
515 2723 580 2766 non
598 2683 839 2768 convenientem
853 2712 887 2768 et
900 2725 981 2793 vger·

5 2819 199 2898 turmaquam
207 2821 370 2900 reputans.
382 2809 973 2890 «Ettransmeabislluviumalienum,s

5 2910 139 2994 tihmare
148 2919 251 2986 defert
266 2931 299 2985 et
308 2918 463 2996 detrahit,
479 2920 512 2985 in
519 2918 606 3008 quod
613 2917 753 2988 illabitur
764 2970 773 2996 ,
786 2921 840 3010 qui
852 2921 981 2988 divertit

5 3021 147 3094 ttsbilitste
161 3029 326 3106 veritatis,
343 3053 453 3095 rursus
469 3027 634 3096 eonlluens
652 3030 692 3096 ad
707 3028 839 3120 gentiles
854 3041 886 3096 et
897 3031 982 3097 inor-

5 3123 76 3201 holos
89 3137 155 3203 ritae
168 3136 299 3206 ssuctsrs.

20 3309 226 3387 Hebraeorum
239 3329 364 3414 postea
376 3313 641 3414 Philosophiam
656 3337 883 3414 paganorum
900 3313 982 3390 Phi-

5 3423 114 3522 sophia
125 3432 367 3528 antiquiorem
384 3428 627 3520 demonstrat,
647 3428 802 3520 deducta
819 3430 983 3528 longiore

5 3533 40 3608 ive
53 3543 267 3634 Grecorum,
287 3547 362 3616 sive
376 3547 395 3616 J
398 3542 582 3630 udaeorum
597 3541 855 3642 chronologia,
874 3567 984 3642 quam

5 3665 176 3755 ounsagna
195 3657 361 3730 doctrina
377 3661 556 3756 insignem
574 3655 760 3739 breuitatis
774 3682 880 3732 causa
896 3682 984 3758 prae·

5 3769 182 3845 mittimus
205 3772 251 3871 (a
268 3776 325 3848 N⁰.
346 3796 414 3842 xxc
427 3795 546 3870 usque
570 3770 617 3842 ad
642 3771 855 3870 xxiv)'inde
868 3819 871 3826 ·
885 3797 986 3851 occa·

14 3907 181 3986 'Pus-usn,
192 3917 347 3974 ιιι-Ἠ.
359 3935 402 3985 rx,
415 3935 460 3984 ss,
477 3917 626 3985 1⁶s17210·
