2574 4628
211 295 274 362 208
522 309 694 358 censearis
719 307 931 359 sunxsnnntnt

207 461 273 506 non
290 445 409 527 potest;
427 457 485 524 per
501 433 664 502 celestem
682 433 860 501 doctrinam
877 456 916 498 ex
932 431 1067 524 homine
1076 436 1184 504 Mum
1201 439 1249 506 fa-

208 549 308 625 ciens,
326 573 339 612 a
354 546 438 636 loges
454 545 565 612 indens
581 544 681 611 menti
700 567 827 620 eorum,
842 555 876 608 et
890 544 980 612 cordi
995 569 1108 614 eorum
1124 572 1180 615 cot
1200 549 1250 615 in-

207 687 220 722 »
237 659 379 728 scribens
396 655 418 722 ¹.
438 685 450 720 ι
471 656 560 736 Quas
574 653 660 746 leges
672 651 840 744 intelligit?
858 681 871 716 t
886 654 983 734 Quod
995 679 1107 724 omnes
1119 682 1250 748 cognos-

207 782 310 838 »cent
334 769 454 843 Deum,
486 791 503 833 a
526 789 743 857 personaque
766 765 807 831 ad
830 787 980 854 magnum
997 789 1008 831 ε
1026 784 1058 832 ct
1078 769 1246 858 propitios,

207 909 221 943 s
238 879 348 966 inquit
360 879 461 953 Deus,
476 899 533 944 ero
552 877 644 964 ipsis,
660 887 693 942 et
707 887 914 965 peccatorum
929 897 1042 941 eorum
1057 899 1123 944 non
1140 902 1248 945 reeor-

206 990 345 1058 »dabcn
361 1016 374 1051 s
395 987 609 1078 suscipiamus
621 985 706 1076 leges
720 985 812 1052 vitae:
827 1008 996 1076 pereamus
1011 986 1155 1053 hortanti
1167 989 1244 1056 Dec.

205 1099 421 1190 Percipiemus
436 1098 554 1190 ipsum,
577 1109 613 1162 ut
631 1098 672 1163 sit
693 1094 858 1187 propitius.
880 1094 1065 1164 Reddomus
1083 1099 1157 1188 ipsi,
1174 1097 1247 1166 licet

205 1211 337 1280 minime
353 1209 520 1302 indigenti,
541 1209 684 1274 animum
699 1209 782 1273 bene
801 1208 1029 1296 compositum,
1046 1221 1171 1298 matam
1188 1209 1246 1276 ho-

145 1340 146 1346 ’
204 1319 366 1388 bitationis
386 1332 501 1388 nostrae
521 1317 724 1386 memedema
743 1317 813 1384 Deo
831 1339 959 1406 nempe,
977 1319 1069 1407 cujus
1086 1319 1243 1386 beneficio

205 1431 260 1502 hie
271 1431 463 1508 habitamus,
477 1428 601 1498 cultum
611 1451 651 1496 oc
661 1429 826 1519 pietatem.

285 1579 397 1634 Auntm
410 1591 464 1651 pro
479 1591 545 1646 aere,
561 1583 678 1630 centum
696 1569 787 1630 boum
809 1570 935 1650 pretium
951 1591 1006 1651 pro
1025 1572 1125 1652 pretio
1142 1593 1242 1633 norem

1080 1672 1205 1750 [boum

204 1794 315 1882 exigua
331 1813 445 1882 nempe
461 1790 525 1856 iide
539 1790 624 1856 hanc
639 1799 760 1856 tantam
775 1801 893 1856 terram
914 1791 972 1856 tibi
988 1788 1160 1857 colendam
1174 1815 1241 1860 con·

203 1905 289 1971 cedit
308 1928 317 1970 s
333 1925 448 1991 aquom
465 1914 630 1991 praeterea,
649 1923 745 1990 quam
760 1899 869 1976 bibas,
886 1913 918 1966 et
933 1899 1027 1967 aliam
1049 1900 1082 1966 in
1108 1927 1173 1992 qua
1192 1928 1242 1971 na·

203 2015 307 2104 vigcs3
322 2020 547 2102 a'e'rem,quem
558 2012 709 2101 respirem
725 2011 845 2101 ignem,
860 2011 953 2101 cujus
966 2011 996 2077 vi
1008 2033 1161 2079 exerceas
1176 2015 1241 2079 arti-

201 2121 291 2196 ficiosa
309 2121 480 2196 mundum,
498 2141 594 2209 quem
607 2119 744 2196 habites,
761 2122 882 2210 praebet
904 2142 913 2184 z
936 2120 1012 2188 hinc
1035 2121 1169 2188 demum
1188 2125 1240 2210 tihi

202 2233 359 2300 concessit
375 2233 407 2298 in
423 2229 520 2298 coelos
536 2225 694 2298 coloniam
709 2231 868 2298 deducere
889 2252 898 2295 ε
915 2229 984 2298 haec
1000 2231 1058 2297 tibi
1076 2243 1125 2298 tot
1141 2243 1241 2299 tanta·

202 2365 265 2434 qne
285 2364 381 2433 opera
401 2363 441 2408 nc
460 2339 616 2408 beneficia
633 2339 746 2430 exigua
766 2340 830 2406 fide
850 2339 977 2407 locavit.
999 2337 1049 2406 Illi
1071 2363 1173 2432 pono
1191 2341 1241 2430 qui

190 2447 481 2544 'praestigiatoribus
491 2452 640 2528 credunt,
651 2449 787 2516 amuleta
796 2451 984 2540 cerporibus
996 2450 1060 2515 suis
1067 2447 1236 2540 alligando.

201 2573 235 2626 et
250 2560 481 2627 incantationes
497 2555 663 2634 salutares,
676 2571 712 2622 ut
726 2569 852 2646 putant,
865 2556 1047 2646 recipiunt:
1062 2578 1118 2622 vos
1136 2569 1240 2623 eutem

202 2693 242 2737 ne
254 2671 359 2759 ipsum
371 2669 500 2757 quidem
514 2665 643 2735 coeleste
654 2665 810 2744 Verbum,
824 2689 862 2734 ac
874 2671 1068 2734 serratoiem
1081 2681 1238 2742 nostrum,

201 2778 329 2870 alligare
345 2780 435 2847 vobis
450 2777 544 2845 vultis
565 2801 574 2843 t
592 2801 654 2844 nec
666 2777 726 2844 Dei
745 2776 912 2843 credentes
927 2776 1153 2852 incantationi,
1168 2800 1240 2866 per·
1284 2815 1285 2820 κ

200 2892 447 2968 turbationibus,
461 2911 531 2979 quoe
543 2902 618 2955 sunt
629 2890 726 2954 animi
737 2889 854 2965 morbi,
869 2885 1009 2962 liberari,
1022 2898 1055 2951 et
1067 2899 1243 2974 apeccato,

200 3003 287 3092 quod
298 3015 413 3068 eterna
424 3023 508 3066 mors
520 3011 581 3074 est,
590 2997 692 3064 evelli.
704 2999 787 3065 Estis
798 2997 890 3087 plane
902 2994 1034 3062 hebetes
1042 2997 1240 3098 atpuecaoci,

198 3112 331 3200 perinde
347 3133 385 3178 nc
406 3107 497 3199 talpae
512 3109 609 3174 vitam
622 3109 656 3174 in
670 3108 810 3174 tenebris
827 3105 930 3196 agitis,
945 3103 1023 3172 nihil
1039 3103 1128 3170 eliud
1146 3129 1241 3194 quam

198 3222 341 3298 edentes,
355 3220 559 3310 corruptione
571 3219 765 3287 circumfusi.
778 3219 820 3285 At
832 3218 945 3284 veritas
953 3228 1013 3288 est.
1024 3237 1096 3304 quac
1104 3215 1238 3283 clamate

198 3331 257 3398 Ee
272 3332 411 3398 tenebris
426 3332 486 3398 tuac
503 3329 650 3398 lucebit².
669 3329 788 3396 Luceat
803 3351 879 3418 crgo
894 3323 948 3393 lux
964 3327 996 3392 in
1010 3301 1139 3393 '000qu
1152 3341 1241 3416 parte

197 3437 348 3524 hominis,
367 3441 488 3512 sedicet
505 3444 603 3511 corde
621 3443 691 3532 ejus
710 3465 718 3507 ε
735 3452 768 3507 et
782 3439 966 3507 exoriantur
986 3439 1128 3506 scientie
1147 3439 1240 3516 radii,

198 3552 253 3642 qui
270 3553 454 3619 interiorem
468 3553 633 3620 hominem
658 3549 827 3640 splendore
851 3573 909 3616 suo
929 3549 1137 3640 patefaciant,
1162 3547 1241 3614 lucis

196 3658 399 3750 discipulum,
422 3661 548 3727 Christi
565 3659 764 3737 familiarem,
778 3670 873 3750 atque
889 3657 1112 3742 veneratam*
1131 3682 1140 3722 :
1158 3681 1241 3748 prae⁴

197 3771 290 3859 cipue
309 3793 384 3836 cum
400 3771 453 3858 pio
470 3794 508 3836 ac
523 3773 609 3838 bono
627 3768 705 3846 filio,
721 3771 798 3838 boni
821 3768 931 3858 patris,
948 3789 987 3833 ac
1000 3765 1099 3843 lenia,
1118 3777 1153 3834 et
1170 3791 1239 3857 que

228 3897 330 3948 ¹Hehr.
342 3913 399 3959 vrrs,
412 3913 451 3960 to,
466 3915 505 3962 ιι,
520 3895 1239 3960 intorem.rxxs,.'›5,tt.—²2Cor.1v,6.-³ttom,

196 3989 251 4038 tut,
264 3992 301 4039 ¹7·
