2574 4628
314 287 516 333 coaonrarro
539 285 580 333 an
603 287 733 338 usurus«
977 263 1036 348 ¹75

19 407 162 474 mamas
177 426 187 470 ε
201 404 346 494 adeoque
359 407 500 475 animam
513 403 610 496 hujus
631 405 743 473 mundi
757 425 817 494 pro
831 403 892 470 deo
903 402 1038 480 habena,

16 517 99 608 ‘quaer
113 538 148 581 ae
163 515 358 582 confoditur.
374 517 502 584 Etenim
511 517 668 590 manifesti
680 516 794 583 erroris
805 515 961 605 arguitur,
970 515 1040 603 qui,

16 647 83 694 eum
94 625 331 714 providentiam
345 627 428 692 intra
443 625 526 694 lunae
540 629 652 694 orbem
667 627 808 703 deliniat,
823 637 929 692 tamen
945 646 1043 691 mun-

20 735 85 804 dum
104 761 173 804 esse
196 740 297 806 deum
317 739 441 812 statuit3
466 761 503 805 ac
522 739 657 828 proinde
677 761 753 805 eum
777 738 831 826 qui
856 737 907 804 dei
929 759 1041 826 erpere

19 859 70 922 ast,
80 847 175 914 deum
191 871 264 914 esee
279 847 446 913 existimat.
465 847 592 914 Eresius
604 860 710 914 autem
725 845 778 913 ille
793 845 1039 936 Theophrastus,

17 957 183 1028 desuem
212 953 400 1045 discipulus,
423 956 520 1022 modo
543 957 673 1044 quidem
694 953 823 1032 coslum,
843 955 940 1041 modo
966 974 1041 1022 vero
1116 1005 1120 1010 -

15 1069 151 1158 :qr'uitum
161 1068 343 1134 essedeum
354 1067 500 1133 affirmet.
514 1067 670 1156 Equidem
681 1067 810 1156 Epicuri
821 1065 917 1133 solius
927 1065 1042 1134 lubens

19 1177 186 1256 obliviscar,
203 1179 353 1268 quicum
373 1177 477 1244 Deum
497 1176 576 1244 nihil
596 1200 724 1267 prorsus
741 1201 852 1244 curare
870 1179 1038 1252 existimet,

22 1312 71 1382 per
82 1291 183 1358 omnia
197 1289 331 1380 quidem
344 1300 392 1355 est
409 1290 535 1379 impius.
552 1289 637 1370 Quid
649 1311 723 1355 vero
734 1285 915 1354 Heraclides
930 1288 1040 1354 Ponti-

23 1401 90 1468 cns?
101 1402 222 1489 Ubique
237 1399 371 1488 quidem
385 1399 411 1464 is
426 1397 467 1464 ad
482 1395 648 1485 simulacra
662 1396 835 1464 Democriti
851 1397 1015 1487 abripitur.

63 1509 111 1578 Vl.
131 1511 247 1600 Ingens
270 1521 423 1598 praeterea
444 1507 627 1598 hujusmodi
646 1508 739 1572 turba
760 1529 793 1573 se
815 1506 893 1572 mihi
914 1507 1040 1597 ingerit,
1110 1516 1113 1523 '

28 1620 230 1687 inauditorum
246 1617 479 1684 demoniorum
496 1615 581 1683 velut
603 1614 749 1682 terricula
774 1616 920 1703 quaedam
946 1617 1043 1682 intro·
1177 1683 1181 1695 ,

29 1727 149 1805 ducens,
164 1750 235 1816 quae
249 1725 294 1792 nil
305 1724 393 1791 eliud
407 1739 482 1792 sunt
495 1749 591 1814 quam
602 1725 745 1792 absurdae
759 1723 905 1814 fictaeque
919 1727 959 1792 ab
971 1749 1044 1794 auc·

30 1839 140 1904 toribus
162 1836 349 1914 fabularum,
359 1835 524 1926 imagines,
549 1825 583 1902 et
609 1835 705 1902 aniles
728 1859 831 1926 nugae.
853 1837 1044 1927 Cujusmodi

35 1969 183 2014 sermones
197 1958 318 2012 mutum
336 1945 428 2011 obest
448 1958 483 2010 ut
504 1943 604 2011 audiri
624 1968 642 2010 a
666 1944 739 2013 viris
759 1944 992 2035 permittamus,
1007 1959 1044 2012 ut

39 2079 79 2121 ue
92 2058 236 2146 vagientes
249 2057 386 2145 quidem,
398 2069 494 2146 prout
508 2057 570 2124 dici
581 2055 673 2132 solet,
683 2079 797 2146 pueros
810 2055 931 2124 labellis
942 2055 1043 2125 lenire

39 2163 197 2242 soleamm,
220 2189 257 2232 ne
275 2165 352 2231 forte
375 2188 450 2232 cum
475 2165 550 2256 ipsis
575 2165 814 2232 connutriamus
836 2166 1042 2257 impietatem,

40 2296 129 2364 quam
142 2275 174 2342 lu·
184 2275 380 2365 profitentur,
395 2275 538 2365 quicum
548 2298 622 2342 vere
633 2277 695 2342 sint
706 2276 848 2345 rudiores
859 2277 1043 2357 infantibus,

38 2395 134 2452 umen
146 2385 202 2484 q'lri
216 2386 361 2452 videntur
377 2386 544 2475 sapientes.
563 2384 650 2466 Quid
664 2385 762 2463 enim,
778 2409 905 2477 perego
920 2397 952 2454 te
968 2388 1045 2454 veri-

35 2507 124 2562 tatem
137 2519 204 2573 oro,
225 2496 349 2586 eosqui
370 2497 429 2563 tibi
447 2496 664 2573 crediderunt,
680 2497 877 2587 corruptioni
895 2520 934 2564 ac
948 2498 1047 2564 inter·

33 2604 83 2670 itui
96 2607 178 2694 gravi
191 2617 374 2692 canentque
387 2628 501 2694 parum
514 2606 661 2683 honesto,
677 2605 783 2672 reddis
793 2605 970 2674 obnoxios?
981 2607 1047 2674 Cur

31 2729 128 2782 autem
141 2717 238 2782 vitam
249 2713 362 2806 imples
374 2713 563 2794 simulacris,
580 2739 654 2784 cum
665 2715 714 2783 vel
729 2730 850 2792 ventos,
864 2715 912 2784 vel
924 2725 1044 2795 a'e'rem,

32 2825 75 2891 rel
87 2827 202 2916 ignem,
219 2824 269 2892 vel
290 2837 422 2902 terram,
444 2825 494 2891 vel
513 2825 646 2916 lapides,
662 2824 711 2893 vel
727 2825 823 2917 ligna,
845 2826 1044 2907 vellerum,

32 2935 170 3004 relhunc
188 2936 350 3004 mundum
367 2957 436 3000 esse
458 2934 533 3000 deos
554 2934 662 3024 lingis3
682 2945 737 3000 aut
755 2936 929 3026 astrologiae
951 2938 1048 3027 hujus

13 3041 117 3134 uulgo
133 3046 280 3135 jactatae,
303 3042 523 3133 potiusquam
545 3045 743 3110 astronomiae
765 3069 826 3134 ope
847 3047 888 3112 ad
909 3043 1047 3112 coelestia

32 3175 153 3243 corpora
171 3167 263 3220 tuam
280 3153 459 3220 orationem
473 3164 671 3228 convertens,
684 3153 725 3220 ad
738 3151 883 3219 homines
903 3154 957 3242 qui
974 3177 1049 3220 sane

33 3275 140 3340 errant,
155 3265 295 3332 errantia
316 3263 419 3329 sidera
437 3263 512 3329 deos
536 3285 603 3329 esse
629 3262 796 3330 mentiris?
808 3251 878 3353 'Ego
894 3285 970 3329 vero
989 3262 1047 3328 do-

34 3375 142 3440 minum
173 3374 345 3465 spirituum
376 3371 540 3448 desidero,
574 3371 739 3441 dominum
772 3372 868 3461 ignis,
903 3371 1049 3462 opilicem

36 3483 145 3560 muudi,
156 3485 277 3572 quique
292 3482 348 3551 soli
363 3481 469 3548 lucem
483 3505 572 3548 auam
586 3481 674 3551 dedit
687 3507 695 3548 ε
708 3475 813 3548 Deum
824 3482 962 3570 requiro,
984 3507 1048 3551 non

36 3607 130 3660 ratem
144 3617 244 3684 opera
256 3593 325 3660 Dei.
345 3592 451 3673 Quem
464 3602 604 3659 vestrum
619 3593 745 3658 habebo
760 3591 981 3681 disquisitionis
993 3593 1049 3661 hu-

37 3699 295 3790 irradiatorem?
312 3698 478 3769 Platonem
498 3698 660 3788 quidem¹,
673 3700 698 3766 si
716 3699 774 3766 tibi
795 3699 948 3779 videatur,
965 3701 1050 3768 haud

37 3810 150 3898 penitus
171 3811 385 3900 repudiamus.
412 3809 537 3891 Quibus
560 3809 655 3898 igitur
678 3811 926 3900 argumentum
947 3809 1050 3886 Plato,

66 3941 146 3992 aum
157 3940 424 4010 nunauoapsas.
666 3917 670 3926 '
957 3909 961 3916 ’
