<?xml version="1.0" encoding="UTF-8"?>
<!DOCTYPE html PUBLIC "-//W3C//DTD XHTML 1.0 Transitional//EN"
    "http://www.w3.org/TR/xhtml1/DTD/xhtml1-transitional.dtd">
<html xmlns="http://www.w3.org/1999/xhtml" xml:lang="en" lang="en">
 <head>
  <title>
</title>
<meta http-equiv="Content-Type" content="text/html;charset=utf-8" />
  <meta name='ocr-system' content='tesseract 3.04.00' />
  <meta name='ocr-capabilities' content='ocr_page ocr_carea ocr_par ocr_line ocrx_word'/>
</head>
<body>
  <div class='ocr_page' id='page_1' title='image "./collectioselect00guilgoog_0370.png"; bbox 0 0 2522 4608; ppageno 0'>
   <div class='ocr_carea' id='block_1_1' title="bbox 227 261 994 339">
    <p class='ocr_par' dir='ltr' id='par_1_1' title="bbox 227 261 994 339">
     <span class='ocr_line' id='line_1_1' title="bbox 227 261 994 339; baseline 0.009 -14"><span class='ocrx_word' id='word_1_1' title='bbox 227 261 292 339; x_wconf 78' lang='lat' dir='ltr'>ott,</span> <span class='ocrx_word' id='word_1_2' title='bbox 538 285 711 330; x_wconf 78' lang='lat' dir='ltr'>cnsusrrrs</span> <span class='ocrx_word' id='word_1_3' title='bbox 735 279 946 334; x_wconf 79' lang='lat' dir='ltr'>saaxssnar&#39;sr</span> <span class='ocrx_word' id='word_1_4' title='bbox 990 267 994 284; x_wconf 75' lang='lat'><strong>⁴</strong></span> 
     </span>
    </p>
   </div>
   <div class='ocr_carea' id='block_1_2' title="bbox 139 373 1230 618">
    <p class='ocr_par' dir='ltr' id='par_1_2' title="bbox 139 373 1230 618">
     <span class='ocr_line' id='line_1_2' title="bbox 139 373 1195 489; baseline 0.013 -23"><span class='ocrx_word' id='word_1_5' title='bbox 139 380 143 386; x_wconf 40' lang='lat'>⁵</span> <span class='ocrx_word' id='word_1_6' title='bbox 224 428 238 461; x_wconf 75' lang='lat' dir='ltr'>s</span> <span class='ocrx_word' id='word_1_7' title='bbox 252 397 366 488; x_wconf 77' lang='lat' dir='ltr'>repleri</span> <span class='ocrx_word' id='word_1_8' title='bbox 378 398 415 468; x_wconf 87' lang='lat' dir='ltr'>iis</span> <span class='ocrx_word' id='word_1_9' title='bbox 426 421 498 489; x_wconf 86' lang='lat' dir='ltr'>quse</span> <span class='ocrx_word' id='word_1_10' title='bbox 512 373 669 471; x_wconf 79' lang='lat' dir='ltr'>cadebant</span> <span class='ocrx_word' id='word_1_11' title='bbox 684 405 725 475; x_wconf 89' lang='lat' dir='ltr'>de</span> <span class='ocrx_word' id='word_1_12' title='bbox 739 428 847 474; x_wconf 84' lang='lat' dir='ltr'>mense</span> <span class='ocrx_word' id='word_1_13' title='bbox 858 407 973 474; x_wconf 80' lang='lat' dir='ltr'>divitis.</span> <span class='ocrx_word' id='word_1_14' title='bbox 987 410 1061 477; x_wconf 74' lang='lat' dir='ltr'>»flio</span> <span class='ocrx_word' id='word_1_15' title='bbox 1071 423 1110 478; x_wconf 86' lang='lat' dir='ltr'>est</span> <span class='ocrx_word' id='word_1_16' title='bbox 1120 413 1195 482; x_wconf 71' lang='lat' dir='ltr'>berbi.</span> 
     </span>
     <span class='ocr_line' id='line_1_3' title="bbox 227 506 1230 618; baseline 0.015 -44"><span class='ocrx_word' id='word_1_17' title='bbox 227 507 291 574; x_wconf 87' lang='lat' dir='ltr'>Sed</span> <span class='ocrx_word' id='word_1_18' title='bbox 302 506 354 574; x_wconf 87' lang='lat' dir='ltr'>illa</span> <span class='ocrx_word' id='word_1_19' title='bbox 369 509 498 605; x_wconf 77' lang='lat' dir='ltr'>quidem</span> <span class='ocrx_word' id='word_1_20' title='bbox 514 510 600 578; x_wconf 83' lang='lat' dir='ltr'>dives</span> <span class='ocrx_word' id='word_1_21' title='bbox 615 514 807 604; x_wconf 73' lang='lat' dir='ltr'>puniebatur</span> <span class='ocrx_word' id='word_1_22' title='bbox 822 517 909 605; x_wconf 91' lang='lat' dir='ltr'>apud</span> <span class='ocrx_word' id='word_1_23' title='bbox 919 516 1043 594; x_wconf 77' lang='lat' dir='ltr'>inlesos,</span> <span class='ocrx_word' id='word_1_24' title='bbox 1053 519 1118 608; x_wconf 72' lang='lat' dir='ltr'>ignis</span> <span class='ocrx_word' id='word_1_25' title='bbox 1129 525 1196 610; x_wconf 83' lang='lat' dir='ltr'>perti-</span> <span class='ocrx_word' id='word_1_26' title='bbox 1229 537 1230 618; x_wconf 55' lang='lat' dir='ltr'>J</span> 
     </span>
    </p>
   </div>
   <div class='ocr_carea' id='block_1_3' title="bbox 201 619 1232 4012">
    <p class='ocr_par' dir='ltr' id='par_1_3' title="bbox 201 619 1232 4012">
     <span class='ocr_line' id='line_1_4' title="bbox 225 619 1230 716; baseline 0.019 -32"><span class='ocrx_word' id='word_1_27' title='bbox 225 641 300 708; x_wconf 86' lang='lat' dir='ltr'>ceps</span> <span class='ocrx_word' id='word_1_28' title='bbox 316 619 438 686; x_wconf 84' lang='lat' dir='ltr'>sactus:</span> <span class='ocrx_word' id='word_1_29' title='bbox 457 619 511 690; x_wconf 91' lang='lat' dir='ltr'>bic</span> <span class='ocrx_word' id='word_1_30' title='bbox 531 635 639 693; x_wconf 81' lang='lat' dir='ltr'>autem</span> <span class='ocrx_word' id='word_1_31' title='bbox 660 647 770 695; x_wconf 87' lang='lat' dir='ltr'>rursus</span> <span class='ocrx_word' id='word_1_32' title='bbox 792 629 979 716; x_wconf 74' lang='lat' dir='ltr'>germinavit</span> <span class='ocrx_word' id='word_1_33' title='bbox 999 630 1030 699; x_wconf 90' lang='lat' dir='ltr'>in</span> <span class='ocrx_word' id='word_1_34' title='bbox 1048 631 1110 698; x_wconf 84' lang='lat' dir='ltr'>sinu&#39;</span> <span class='ocrx_word' id='word_1_35' title='bbox 1123 632 1197 702; x_wconf 78' lang='lat' dir='ltr'>Petris</span> <span class='ocrx_word' id='word_1_36' title='bbox 1229 627 1230 686; x_wconf 70' lang='grc' dir='ltr'><strong>ἓ</strong></span> 
     </span>
     <span class='ocr_line' id='line_1_5' title="bbox 225 729 1230 820; baseline 0.015 -24"><span class='ocrx_word' id='word_1_37' title='bbox 225 729 335 797; x_wconf 89' lang='lat' dir='ltr'>Laudo</span> <span class='ocrx_word' id='word_1_38' title='bbox 353 753 430 820; x_wconf 86' lang='lat' dir='ltr'>ergo</span> <span class='ocrx_word' id='word_1_39' title='bbox 450 743 484 799; x_wconf 89' lang='lat' dir='ltr'>et</span> <span class='ocrx_word' id='word_1_40' title='bbox 502 733 644 802; x_wconf 88' lang='lat' dir='ltr'>admiror</span> <span class='ocrx_word' id='word_1_41' title='bbox 663 747 804 806; x_wconf 84' lang='lat' dir='ltr'>veterem</span> <span class='ocrx_word' id='word_1_42' title='bbox 825 737 1118 812; x_wconf 72' lang='lat' dir='ltr'>moeuaemonioum</span> <span class='ocrx_word' id='word_1_43' title='bbox 1129 744 1201 812; x_wconf 79' lang='lat' dir='ltr'>eisits</span> <span class='ocrx_word' id='word_1_44' title='bbox 1229 733 1230 750; x_wconf 57' lang='lat'>,</span> 
     </span>
     <span class='ocr_line' id='line_1_6' title="bbox 224 838 1230 930; baseline 0.017 -26"><span class='ocrx_word' id='word_1_45' title='bbox 224 838 323 917; x_wconf 83' lang='lat' dir='ltr'>tam¹,</span> <span class='ocrx_word' id='word_1_46' title='bbox 335 841 490 930; x_wconf 75' lang='lat' dir='ltr'>quaesotts</span> <span class='ocrx_word' id='word_1_47' title='bbox 500 846 721 914; x_wconf 73' lang='lat' dir='ltr'>meretricibus</span> <span class='ocrx_word' id='word_1_48' title='bbox 731 845 860 922; x_wconf 86' lang='lat' dir='ltr'>ssoridss</span> <span class='ocrx_word' id='word_1_49' title='bbox 872 859 1201 920; x_wconf 82' lang='lat' dir='ltr'>sesteeetsureunorrs</span> <span class='ocrx_word' id='word_1_50' title='bbox 1229 871 1230 874; x_wconf 73' lang='grc'>’</span> 
     </span>
     <span class='ocr_line' id='line_1_7' title="bbox 224 938 1201 1042; baseline 0.012 -30"><span class='ocrx_word' id='word_1_51' title='bbox 224 958 294 1012; x_wconf 91' lang='lat' dir='ltr'>tum</span> <span class='ocrx_word' id='word_1_52' title='bbox 305 961 428 1037; x_wconf 78' lang='lat' dir='ltr'>gestem</span> <span class='ocrx_word' id='word_1_53' title='bbox 439 952 581 1039; x_wconf 82' lang='lat' dir='ltr'>permisit</span> <span class='ocrx_word' id='word_1_54' title='bbox 599 975 609 1018; x_wconf 78' lang='lat' dir='ltr'>s</span> <span class='ocrx_word' id='word_1_55' title='bbox 624 976 644 1018; x_wconf 84' lang='lat' dir='ltr'>a</span> <span class='ocrx_word' id='word_1_56' title='bbox 662 954 772 1042; x_wconf 89' lang='lat' dir='ltr'>probis</span> <span class='ocrx_word' id='word_1_57' title='bbox 783 938 971 1035; x_wconf 79' lang='lat' dir='ltr'>mulieribus</span> <span class='ocrx_word' id='word_1_58' title='bbox 989 955 1088 1023; x_wconf 87' lang='lat' dir='ltr'>mundi</span> <span class='ocrx_word' id='word_1_59' title='bbox 1102 957 1201 1024; x_wconf 80' lang='lat' dir='ltr'>stulius</span> 
     </span>
     <span class='ocr_line' id='line_1_8' title="bbox 224 1055 1230 1145; baseline 0.009 -25"><span class='ocrx_word' id='word_1_60' title='bbox 224 1055 385 1134; x_wconf 81' lang='lat' dir='ltr'>auferens,</span> <span class='ocrx_word' id='word_1_61' title='bbox 409 1057 497 1145; x_wconf 89' lang='lat' dir='ltr'>quod</span> <span class='ocrx_word' id='word_1_62' title='bbox 520 1057 594 1126; x_wconf 89' lang='lat' dir='ltr'>solis</span> <span class='ocrx_word' id='word_1_63' title='bbox 619 1059 841 1128; x_wconf 73' lang='lat' dir='ltr'>meretricibus</span> <span class='ocrx_word' id='word_1_64' title='bbox 862 1083 896 1126; x_wconf 92' lang='lat' dir='ltr'>se</span> <span class='ocrx_word' id='word_1_65' title='bbox 914 1083 1030 1128; x_wconf 85' lang='lat' dir='ltr'>ornare</span> <span class='ocrx_word' id='word_1_66' title='bbox 1050 1061 1199 1129; x_wconf 72' lang='lat' dir='ltr'>comesse</span> <span class='ocrx_word' id='word_1_67' title='bbox 1229 1081 1230 1088; x_wconf 53' lang='lat'>¹</span> 
     </span>
     <span class='ocr_line' id='line_1_9' title="bbox 225 1164 1202 1264; baseline 0.004 -32"><span class='ocrx_word' id='word_1_68' title='bbox 225 1164 345 1236; x_wconf 79' lang='lat' dir='ltr'>Contra</span> <span class='ocrx_word' id='word_1_69' title='bbox 360 1179 480 1246; x_wconf 83' lang='lat' dir='ltr'>sutem,</span> <span class='ocrx_word' id='word_1_70' title='bbox 496 1168 738 1238; x_wconf 70' lang='lat' dir='ltr'>Atheniensium</span> <span class='ocrx_word' id='word_1_71' title='bbox 752 1169 971 1264; x_wconf 71' lang='lat' dir='ltr'>megistrstus,</span> <span class='ocrx_word' id='word_1_72' title='bbox 984 1168 1202 1258; x_wconf 68' lang='lat' dir='ltr'>quicisilemrie</span> 
     </span>
     <span class='ocr_line' id='line_1_10' title="bbox 225 1273 1203 1369; baseline 0.009 -29"><span class='ocrx_word' id='word_1_73' title='bbox 225 1273 360 1346; x_wconf 80' lang='lat' dir='ltr'>sormam</span> <span class='ocrx_word' id='word_1_74' title='bbox 375 1277 573 1368; x_wconf 87' lang='lat' dir='ltr'>expulerant,</span> <span class='ocrx_word' id='word_1_75' title='bbox 592 1276 654 1346; x_wconf 91' lang='lat' dir='ltr'>loci</span> <span class='ocrx_word' id='word_1_76' title='bbox 670 1280 807 1369; x_wconf 82' lang='lat' dir='ltr'>quasiet</span> <span class='ocrx_word' id='word_1_77' title='bbox 827 1279 1067 1346; x_wconf 82' lang='lat' dir='ltr'>conversationis</span> <span class='ocrx_word' id='word_1_78' title='bbox 1081 1278 1157 1348; x_wconf 80' lang='lat' dir='ltr'>virilis</span> <span class='ocrx_word' id='word_1_79' title='bbox 1168 1283 1203 1348; x_wconf 87' lang='lat' dir='ltr'>ob·</span> 
     </span>
     <span class='ocr_line' id='line_1_11' title="bbox 225 1383 1202 1478; baseline 0.006 -28"><span class='ocrx_word' id='word_1_80' title='bbox 225 1383 286 1463; x_wconf 91' lang='lat' dir='ltr'>liti,</span> <span class='ocrx_word' id='word_1_81' title='bbox 302 1409 416 1456; x_wconf 87' lang='lat' dir='ltr'>aurum</span> <span class='ocrx_word' id='word_1_82' title='bbox 430 1389 608 1478; x_wconf 75' lang='lat' dir='ltr'>gestabant,</span> <span class='ocrx_word' id='word_1_83' title='bbox 626 1402 660 1458; x_wconf 86' lang='lat' dir='ltr'>et</span> <span class='ocrx_word' id='word_1_84' title='bbox 672 1385 824 1456; x_wconf 76' lang='lat' dir='ltr'>talaribus</span> <span class='ocrx_word' id='word_1_85' title='bbox 839 1388 957 1456; x_wconf 91' lang='lat' dir='ltr'>tunicis</span> <span class='ocrx_word' id='word_1_86' title='bbox 968 1389 1202 1466; x_wconf 83' lang='lat' dir='ltr'>amiciebantur,st</span> 
     </span>
     <span class='ocr_line' id='line_1_12' title="bbox 226 1496 1201 1593; baseline 0.003 -30"><span class='ocrx_word' id='word_1_87' title='bbox 226 1496 376 1573; x_wconf 89' lang='lat' dir='ltr'>crobulo,</span> <span class='ocrx_word' id='word_1_88' title='bbox 392 1499 479 1587; x_wconf 88' lang='lat' dir='ltr'>quod</span> <span class='ocrx_word' id='word_1_89' title='bbox 499 1510 548 1593; x_wconf 67' lang='lat' dir='ltr'>est</span> <span class='ocrx_word' id='word_1_90' title='bbox 567 1497 757 1588; x_wconf 80' lang='lat' dir='ltr'>capillorum</span> <span class='ocrx_word' id='word_1_91' title='bbox 776 1496 942 1587; x_wconf 83' lang='lat' dir='ltr'>plicaturae</span> <span class='ocrx_word' id='word_1_92' title='bbox 963 1522 1074 1588; x_wconf 75' lang='lat' dir='ltr'>genus,</span> <span class='ocrx_word' id='word_1_93' title='bbox 1085 1500 1201 1566; x_wconf 76' lang='lat' dir='ltr'>aureola-</span> 
     </span>
     <span class='ocr_line' id='line_1_13' title="bbox 226 1606 1200 1684; baseline 0.003 -11"><span class='ocrx_word' id='word_1_94' title='bbox 226 1606 426 1684; x_wconf 85' lang='lat' dir='ltr'>duebantur,</span> <span class='ocrx_word' id='word_1_95' title='bbox 442 1609 596 1680; x_wconf 85' lang='lat' dir='ltr'>consertis</span> <span class='ocrx_word' id='word_1_96' title='bbox 618 1608 736 1682; x_wconf 78' lang='lat' dir='ltr'>ciendis</span> <span class='ocrx_word' id='word_1_97' title='bbox 756 1609 885 1678; x_wconf 86' lang='lat' dir='ltr'>ornati:</span> <span class='ocrx_word' id='word_1_98' title='bbox 911 1621 1019 1676; x_wconf 90' lang='lat' dir='ltr'>ortum</span> <span class='ocrx_word' id='word_1_99' title='bbox 1035 1633 1119 1676; x_wconf 84' lang='lat' dir='ltr'>suum</span> <span class='ocrx_word' id='word_1_100' title='bbox 1133 1631 1200 1676; x_wconf 75' lang='lat' dir='ltr'>reses</span> 
     </span>
     <span class='ocr_line' id='line_1_14' title="bbox 224 1717 1198 1810; baseline 0.002 -26"><span class='ocrx_word' id='word_1_101' title='bbox 224 1727 418 1794; x_wconf 82' lang='lat' dir='ltr'>terrestrem,</span> <span class='ocrx_word' id='word_1_102' title='bbox 431 1717 584 1788; x_wconf 68' lang='lat' dir='ltr'>caeduo</span> <span class='ocrx_word' id='word_1_103' title='bbox 594 1721 735 1810; x_wconf 86' lang='lat' dir='ltr'>quodam</span> <span class='ocrx_word' id='word_1_104' title='bbox 746 1718 829 1786; x_wconf 81' lang='lat' dir='ltr'>lustu</span> <span class='ocrx_word' id='word_1_105' title='bbox 838 1731 871 1786; x_wconf 91' lang='lat' dir='ltr'>et</span> <span class='ocrx_word' id='word_1_106' title='bbox 882 1720 1198 1810; x_wconf 55' lang='lat' dir='ltr'>arrogantium</span> 
     </span>
     <span class='ocr_line' id='line_1_15' title="bbox 224 1829 1197 1922; baseline 0.002 -28"><span class='ocrx_word' id='word_1_107' title='bbox 224 1838 282 1894; x_wconf 86' lang='lat' dir='ltr'>tes.</span> <span class='ocrx_word' id='word_1_108' title='bbox 304 1829 429 1897; x_wconf 87' lang='lat' dir='ltr'>Horum</span> <span class='ocrx_word' id='word_1_109' title='bbox 451 1843 558 1900; x_wconf 86' lang='lat' dir='ltr'>autem</span> <span class='ocrx_word' id='word_1_110' title='bbox 585 1831 767 1922; x_wconf 80' lang='lat' dir='ltr'>principum</span> <span class='ocrx_word' id='word_1_111' title='bbox 791 1829 952 1898; x_wconf 71' lang='lat' dir='ltr'>emulatio</span> <span class='ocrx_word' id='word_1_112' title='bbox 973 1832 1014 1898; x_wconf 87' lang='lat' dir='ltr'>ad</span> <span class='ocrx_word' id='word_1_113' title='bbox 1034 1829 1197 1922; x_wconf 84' lang='lat' dir='ltr'>aliosqeoqua</span> 
     </span>
     <span class='ocr_line' id='line_1_16' title="bbox 226 1936 1199 2028; baseline 0.007 -25"><span class='ocrx_word' id='word_1_114' title='bbox 226 1936 319 2004; x_wconf 88' lang='lat' dir='ltr'>lonas</span> <span class='ocrx_word' id='word_1_115' title='bbox 332 1940 483 2028; x_wconf 70' lang='lat' dir='ltr'>pervasit,</span> <span class='ocrx_word' id='word_1_116' title='bbox 495 1962 575 2028; x_wconf 88' lang='lat' dir='ltr'>quos</span> <span class='ocrx_word' id='word_1_117' title='bbox 589 1941 749 2010; x_wconf 83' lang='lat' dir='ltr'>Homerus</span> <span class='ocrx_word' id='word_1_118' title='bbox 762 1963 832 2010; x_wconf 87' lang='lat' dir='ltr'>esse</span> <span class='ocrx_word' id='word_1_119' title='bbox 846 1939 1055 2010; x_wconf 71' lang='lat' dir='ltr'>effeminatos</span> <span class='ocrx_word' id='word_1_120' title='bbox 1068 1940 1199 2010; x_wconf 74' lang='lat' dir='ltr'>csmnbu.</span> 
     </span>
     <span class='ocr_line' id='line_1_17' title="bbox 201 2051 1204 2140; baseline -0.002 -22"><span class='ocrx_word' id='word_1_121' title='bbox 201 2053 205 2064; x_wconf 88' lang='lat'>&#39;</span> <span class='ocrx_word' id='word_1_122' title='bbox 227 2061 319 2118; x_wconf 76' lang='lat' dir='ltr'>vocat</span> <span class='ocrx_word' id='word_1_123' title='bbox 338 2065 551 2132; x_wconf 59' lang='lat' dir='ltr'>ttswsrtxtocg.</span> <span class='ocrx_word' id='word_1_124' title='bbox 568 2053 630 2120; x_wconf 91' lang='lat' dir='ltr'>boc</span> <span class='ocrx_word' id='word_1_125' title='bbox 649 2065 709 2129; x_wconf 85' lang='lat' dir='ltr'>eet,</span> <span class='ocrx_word' id='word_1_126' title='bbox 726 2053 922 2121; x_wconf 82' lang='lat' dir='ltr'>vestimenta</span> <span class='ocrx_word' id='word_1_127' title='bbox 937 2051 1103 2122; x_wconf 72' lang='lat' dir='ltr'>scelestae</span> <span class='ocrx_word' id='word_1_128' title='bbox 1123 2053 1144 2119; x_wconf 96' lang='lat' dir='ltr'>li</span> <span class='ocrx_word' id='word_1_129' title='bbox 1158 2073 1204 2140; x_wconf 79' lang='lat' dir='ltr'>ep</span> 
     </span>
     <span class='ocr_line' id='line_1_18' title="bbox 224 2157 1204 2248; baseline 0.012 -24"><span class='ocrx_word' id='word_1_130' title='bbox 224 2157 280 2245; x_wconf 93' lang='lat' dir='ltr'>qui</span> <span class='ocrx_word' id='word_1_131' title='bbox 294 2157 421 2248; x_wconf 87' lang='lat' dir='ltr'>pulcbri</span> <span class='ocrx_word' id='word_1_132' title='bbox 437 2161 657 2240; x_wconf 73' lang='lat' dir='ltr'>simulacrum,</span> <span class='ocrx_word' id='word_1_133' title='bbox 668 2163 804 2232; x_wconf 88' lang='lat' dir='ltr'>nimium</span> <span class='ocrx_word' id='word_1_134' title='bbox 819 2161 941 2232; x_wconf 88' lang='lat' dir='ltr'>scilicet</span> <span class='ocrx_word' id='word_1_135' title='bbox 955 2175 1081 2232; x_wconf 87' lang='lat' dir='ltr'>ornatus</span> <span class='ocrx_word' id='word_1_136' title='bbox 1097 2162 1204 2236; x_wconf 77' lang='lat' dir='ltr'>studim</span> 
     </span>
     <span class='ocr_line' id='line_1_19' title="bbox 226 2271 1205 2364; baseline 0.007 -30"><span class='ocrx_word' id='word_1_137' title='bbox 226 2289 292 2338; x_wconf 86' lang='lat' dir='ltr'>non</span> <span class='ocrx_word' id='word_1_138' title='bbox 317 2281 425 2339; x_wconf 85' lang='lat' dir='ltr'>autem</span> <span class='ocrx_word' id='word_1_139' title='bbox 442 2271 546 2362; x_wconf 87' lang='lat' dir='ltr'>ipsum</span> <span class='ocrx_word' id='word_1_140' title='bbox 565 2271 737 2364; x_wconf 86' lang='lat' dir='ltr'>pulchrum</span> <span class='ocrx_word' id='word_1_141' title='bbox 751 2285 785 2339; x_wconf 90' lang='lat' dir='ltr'>ct</span> <span class='ocrx_word' id='word_1_142' title='bbox 804 2272 976 2340; x_wconf 87' lang='lat' dir='ltr'>honestum</span> <span class='ocrx_word' id='word_1_143' title='bbox 989 2274 1205 2361; x_wconf 75' lang='lat' dir='ltr'>attenduntspe</span> 
     </span>
     <span class='ocr_line' id='line_1_20' title="bbox 226 2378 1206 2456; baseline 0 -10"><span class='ocrx_word' id='word_1_144' title='bbox 226 2378 312 2448; x_wconf 76' lang='lat' dir='ltr'>closo</span> <span class='ocrx_word' id='word_1_145' title='bbox 331 2383 460 2450; x_wconf 89' lang='lat' dir='ltr'>nomine</span> <span class='ocrx_word' id='word_1_146' title='bbox 480 2383 725 2454; x_wconf 77' lang='lat' dir='ltr'>simulacrorum</span> <span class='ocrx_word' id='word_1_147' title='bbox 747 2381 871 2452; x_wconf 92' lang='lat' dir='ltr'>cultum</span> <span class='ocrx_word' id='word_1_148' title='bbox 889 2407 999 2452; x_wconf 88' lang='lat' dir='ltr'>rursus</span> <span class='ocrx_word' id='word_1_149' title='bbox 1024 2384 1206 2456; x_wconf 57' lang='lat' dir='ltr'>inducentem</span> 
     </span>
     <span class='ocr_line' id='line_1_21' title="bbox 226 2491 1232 2586; baseline -0.001 -27"><span class='ocrx_word' id='word_1_150' title='bbox 226 2491 357 2560; x_wconf 84' lang='lat' dir='ltr'>veritate</span> <span class='ocrx_word' id='word_1_151' title='bbox 374 2493 468 2585; x_wconf 76' lang='lat' dir='ltr'>longa</span> <span class='ocrx_word' id='word_1_152' title='bbox 482 2507 556 2564; x_wconf 88' lang='lat' dir='ltr'>sunt</span> <span class='ocrx_word' id='word_1_153' title='bbox 573 2493 748 2584; x_wconf 70' lang='lat' dir='ltr'>relegendi,</span> <span class='ocrx_word' id='word_1_154' title='bbox 764 2519 838 2562; x_wconf 87' lang='lat' dir='ltr'>cum</span> <span class='ocrx_word' id='word_1_155' title='bbox 855 2495 1018 2586; x_wconf 92' lang='lat' dir='ltr'>opinione,</span> <span class='ocrx_word' id='word_1_156' title='bbox 1030 2519 1090 2562; x_wconf 91' lang='lat' dir='ltr'>non</span> <span class='ocrx_word' id='word_1_157' title='bbox 1106 2491 1206 2564; x_wconf 82' lang='lat' dir='ltr'>scienti.</span> <span class='ocrx_word' id='word_1_158' title='bbox 1231 2515 1232 2546; x_wconf 74' lang='lat'>1</span> 
     </span>
     <span class='ocr_line' id='line_1_22' title="bbox 225 2597 1208 2696; baseline 0.014 -30"><span class='ocrx_word' id='word_1_159' title='bbox 225 2597 352 2687; x_wconf 86' lang='lat' dir='ltr'>pulchri</span> <span class='ocrx_word' id='word_1_160' title='bbox 366 2615 513 2672; x_wconf 82' lang='lat' dir='ltr'>naturam</span> <span class='ocrx_word' id='word_1_161' title='bbox 534 2604 697 2674; x_wconf 84' lang='lat' dir='ltr'>somnient</span> <span class='ocrx_word' id='word_1_162' title='bbox 711 2628 720 2670; x_wconf 77' lang='grc' dir='ltr'><strong><em>ε</em></strong></span> <span class='ocrx_word' id='word_1_163' title='bbox 736 2616 770 2672; x_wconf 91' lang='lat' dir='ltr'>et</span> <span class='ocrx_word' id='word_1_164' title='bbox 783 2618 832 2674; x_wconf 88' lang='lat' dir='ltr'>est</span> <span class='ocrx_word' id='word_1_165' title='bbox 843 2608 906 2676; x_wconf 84' lang='lat' dir='ltr'>rita</span> <span class='ocrx_word' id='word_1_166' title='bbox 926 2629 996 2696; x_wconf 77' lang='lat' dir='ltr'>quse</span> <span class='ocrx_word' id='word_1_167' title='bbox 1011 2607 1051 2672; x_wconf 85' lang='lat' dir='ltr'>ab</span> <span class='ocrx_word' id='word_1_168' title='bbox 1066 2608 1107 2674; x_wconf 89' lang='lat' dir='ltr'>cis</span> <span class='ocrx_word' id='word_1_169' title='bbox 1118 2599 1208 2690; x_wconf 71' lang='lat' dir='ltr'>bicst&#39;r</span> 
     </span>
     <span class='ocr_line' id='line_1_23' title="bbox 227 2713 1209 2807; baseline 0.012 -33"><span class='ocrx_word' id='word_1_170' title='bbox 227 2721 279 2776; x_wconf 92' lang='lat' dir='ltr'>tur</span> <span class='ocrx_word' id='word_1_171' title='bbox 297 2713 473 2800; x_wconf 80' lang='lat' dir='ltr'>profundus</span> <span class='ocrx_word' id='word_1_172' title='bbox 493 2739 623 2782; x_wconf 84' lang='lat' dir='ltr'>somnus</span> <span class='ocrx_word' id='word_1_173' title='bbox 640 2715 826 2804; x_wconf 61' lang='lat' dir='ltr'>ignorantie</span> <span class='ocrx_word' id='word_1_174' title='bbox 841 2741 850 2784; x_wconf 74' lang='grc' dir='ltr'><em>τ</em></span> <span class='ocrx_word' id='word_1_175' title='bbox 865 2740 884 2784; x_wconf 90' lang='lat' dir='ltr'>e</span> <span class='ocrx_word' id='word_1_176' title='bbox 899 2739 965 2806; x_wconf 90' lang='lat' dir='ltr'>quo</span> <span class='ocrx_word' id='word_1_177' title='bbox 984 2728 1105 2807; x_wconf 89' lang='lat' dir='ltr'>oportet</span> <span class='ocrx_word' id='word_1_178' title='bbox 1115 2737 1161 2782; x_wconf 87' lang='lat' dir='ltr'>nos</span> <span class='ocrx_word' id='word_1_179' title='bbox 1175 2733 1209 2778; x_wconf 80' lang='lat' dir='ltr'>es·-</span> 
     </span>
     <span class='ocr_line' id='line_1_24' title="bbox 225 2821 1210 2916; baseline 0 -28"><span class='ocrx_word' id='word_1_180' title='bbox 225 2821 356 2902; x_wconf 86' lang='lat' dir='ltr'>citatos,</span> <span class='ocrx_word' id='word_1_181' title='bbox 377 2825 418 2892; x_wconf 88' lang='lat' dir='ltr'>sd</span> <span class='ocrx_word' id='word_1_182' title='bbox 439 2826 473 2892; x_wconf 87' lang='lat' dir='ltr'>id</span> <span class='ocrx_word' id='word_1_183' title='bbox 492 2827 580 2916; x_wconf 88' lang='lat' dir='ltr'>quod</span> <span class='ocrx_word' id='word_1_184' title='bbox 599 2851 673 2896; x_wconf 83' lang='lat' dir='ltr'>sere</span> <span class='ocrx_word' id='word_1_185' title='bbox 692 2824 863 2916; x_wconf 81' lang='lat' dir='ltr'>pulchrum</span> <span class='ocrx_word' id='word_1_186' title='bbox 878 2839 974 2896; x_wconf 86' lang='lat' dir='ltr'>estet</span> <span class='ocrx_word' id='word_1_187' title='bbox 994 2839 1146 2905; x_wconf 85' lang='lat' dir='ltr'>ornatum,</span> <span class='ocrx_word' id='word_1_188' title='bbox 1160 2843 1210 2888; x_wconf 81' lang='lat' dir='ltr'>eoa·</span> 
     </span>
     <span class='ocr_line' id='line_1_25' title="bbox 226 2932 1232 3029; baseline 0.006 -30"><span class='ocrx_word' id='word_1_189' title='bbox 226 2932 374 3010; x_wconf 64' lang='lat' dir='ltr'>mederer</span> <span class='ocrx_word' id='word_1_190' title='bbox 394 2947 428 3004; x_wconf 87' lang='lat' dir='ltr'>et</span> <span class='ocrx_word' id='word_1_191' title='bbox 446 2935 478 3010; x_wconf 86' lang='lat' dir='ltr'>id</span> <span class='ocrx_word' id='word_1_192' title='bbox 492 2937 598 3008; x_wconf 86' lang='lat' dir='ltr'>solum</span> <span class='ocrx_word' id='word_1_193' title='bbox 612 2941 737 3029; x_wconf 84' lang='lat' dir='ltr'>assequi</span> <span class='ocrx_word' id='word_1_194' title='bbox 753 2938 945 3018; x_wconf 84' lang='lat' dir='ltr'>desiderare,</span> <span class='ocrx_word' id='word_1_195' title='bbox 961 2937 1211 3028; x_wconf 74' lang='lat' dir='ltr'>relinquentesque</span> <span class='ocrx_word' id='word_1_196' title='bbox 1231 3013 1232 3018; x_wconf 6' lang='grc' dir='ltr'>ἵ</span> 
     </span>
     <span class='ocr_line' id='line_1_26' title="bbox 226 3041 1212 3139; baseline 0.008 -29"><span class='ocrx_word' id='word_1_197' title='bbox 226 3041 279 3113; x_wconf 88' lang='lat' dir='ltr'>bic</span> <span class='ocrx_word' id='word_1_198' title='bbox 293 3055 367 3110; x_wconf 90' lang='lat' dir='ltr'>sunt</span> <span class='ocrx_word' id='word_1_199' title='bbox 388 3045 508 3114; x_wconf 88' lang='lat' dir='ltr'>munda</span> <span class='ocrx_word' id='word_1_200' title='bbox 527 3061 784 3126; x_wconf 76' lang='lat' dir='ltr'>ornamente„ut</span> <span class='ocrx_word' id='word_1_201' title='bbox 798 3071 874 3116; x_wconf 86' lang='lat' dir='ltr'>cnm</span> <span class='ocrx_word' id='word_1_202' title='bbox 894 3050 963 3139; x_wconf 89' lang='lat' dir='ltr'>ipso</span> <span class='ocrx_word' id='word_1_203' title='bbox 985 3050 1102 3118; x_wconf 88' lang='lat' dir='ltr'>mundo</span> <span class='ocrx_word' id='word_1_204' title='bbox 1116 3048 1212 3118; x_wconf 68' lang='lat' dir='ltr'>vetuo.</span> 
     </span>
     <span class='ocr_line' id='line_1_27' title="bbox 224 3152 1211 3247; baseline -0.001 -27"><span class='ocrx_word' id='word_1_205' title='bbox 224 3152 410 3242; x_wconf 81' lang='lat' dir='ltr'>priusquam</span> <span class='ocrx_word' id='word_1_206' title='bbox 423 3156 550 3245; x_wconf 84' lang='lat' dir='ltr'>penitus</span> <span class='ocrx_word' id='word_1_207' title='bbox 561 3158 810 3226; x_wconf 87' lang='lat' dir='ltr'>obdormiamus.</span> <span class='ocrx_word' id='word_1_208' title='bbox 825 3157 906 3226; x_wconf 86' lang='lat' dir='ltr'>Dico</span> <span class='ocrx_word' id='word_1_209' title='bbox 920 3182 997 3247; x_wconf 81' lang='lat' dir='ltr'>ergo</span> <span class='ocrx_word' id='word_1_210' title='bbox 1013 3158 1159 3226; x_wconf 86' lang='lat' dir='ltr'>bominem</span> <span class='ocrx_word' id='word_1_211' title='bbox 1169 3175 1211 3220; x_wconf 85' lang='lat' dir='ltr'>neu</span> 
     </span>
     <span class='ocr_line' id='line_1_28' title="bbox 226 3261 1212 3360; baseline 0.004 -30"><span class='ocrx_word' id='word_1_212' title='bbox 226 3261 338 3342; x_wconf 82' lang='lat' dir='ltr'>eliade</span> <span class='ocrx_word' id='word_1_213' title='bbox 352 3290 534 3357; x_wconf 86' lang='lat' dir='ltr'>causaopus</span> <span class='ocrx_word' id='word_1_214' title='bbox 550 3267 669 3336; x_wconf 88' lang='lat' dir='ltr'>babere</span> <span class='ocrx_word' id='word_1_215' title='bbox 681 3269 888 3346; x_wconf 82' lang='lat' dir='ltr'>vestimentis,</span> <span class='ocrx_word' id='word_1_216' title='bbox 901 3292 999 3359; x_wconf 90' lang='lat' dir='ltr'>quam</span> <span class='ocrx_word' id='word_1_217' title='bbox 1011 3281 1046 3336; x_wconf 88' lang='lat' dir='ltr'>ut</span> <span class='ocrx_word' id='word_1_218' title='bbox 1056 3281 1212 3360; x_wconf 75' lang='lat' dir='ltr'>togatum</span> 
     </span>
     <span class='ocr_line' id='line_1_29' title="bbox 226 3373 1212 3470; baseline 0.008 -30"><span class='ocrx_word' id='word_1_219' title='bbox 226 3395 299 3460; x_wconf 87' lang='lat' dir='ltr'>pus,</span> <span class='ocrx_word' id='word_1_220' title='bbox 314 3373 357 3442; x_wconf 87' lang='lat' dir='ltr'>ad</span> <span class='ocrx_word' id='word_1_221' title='bbox 372 3375 507 3446; x_wconf 82' lang='lat' dir='ltr'>maxima</span> <span class='ocrx_word' id='word_1_222' title='bbox 520 3376 636 3466; x_wconf 82' lang='lat' dir='ltr'>frigora</span> <span class='ocrx_word' id='word_1_223' title='bbox 646 3390 680 3448; x_wconf 89' lang='lat' dir='ltr'>et</span> <span class='ocrx_word' id='word_1_224' title='bbox 691 3378 894 3448; x_wconf 81' lang='lat' dir='ltr'>vehementes</span> <span class='ocrx_word' id='word_1_225' title='bbox 909 3391 1003 3458; x_wconf 83' lang='lat' dir='ltr'>aestus</span> <span class='ocrx_word' id='word_1_226' title='bbox 1015 3376 1212 3470; x_wconf 76' lang='lat' dir='ltr'>propulsanda.</span> 
     </span>
     <span class='ocr_line' id='line_1_30' title="bbox 225 3483 1214 3572; baseline 0.005 -22"><span class='ocrx_word' id='word_1_227' title='bbox 225 3505 267 3550; x_wconf 91' lang='lat' dir='ltr'>ue</span> <span class='ocrx_word' id='word_1_228' title='bbox 281 3507 339 3550; x_wconf 87' lang='lat' dir='ltr'>nos</span> <span class='ocrx_word' id='word_1_229' title='bbox 354 3483 447 3552; x_wconf 82' lang='lat' dir='ltr'>laednt</span> <span class='ocrx_word' id='word_1_230' title='bbox 462 3487 629 3556; x_wconf 86' lang='lat' dir='ltr'>ambientis</span> <span class='ocrx_word' id='word_1_231' title='bbox 643 3488 725 3556; x_wconf 69' lang='lat' dir='ltr'>sitris</span> <span class='ocrx_word' id='word_1_232' title='bbox 741 3489 973 3559; x_wconf 85' lang='lat' dir='ltr'>immoderatio.</span> <span class='ocrx_word' id='word_1_233' title='bbox 990 3490 1086 3572; x_wconf 84' lang='lat' dir='ltr'>Quod</span> <span class='ocrx_word' id='word_1_234' title='bbox 1099 3490 1121 3556; x_wconf 87' lang='lat' dir='ltr'>si</span> <span class='ocrx_word' id='word_1_235' title='bbox 1133 3487 1173 3554; x_wconf 83' lang='lat' dir='ltr'>bic</span> <span class='ocrx_word' id='word_1_236' title='bbox 1182 3495 1214 3550; x_wconf 73' lang='lat' dir='ltr'>ei</span> 
     </span>
     <span class='ocr_line' id='line_1_31' title="bbox 227 3593 1214 3687; baseline 0.002 -29"><span class='ocrx_word' id='word_1_237' title='bbox 227 3593 321 3660; x_wconf 82' lang='lat' dir='ltr'>sestis</span> <span class='ocrx_word' id='word_1_238' title='bbox 336 3617 465 3686; x_wconf 86' lang='lat' dir='ltr'>scopus,</span> <span class='ocrx_word' id='word_1_239' title='bbox 482 3597 554 3664; x_wconf 87' lang='lat' dir='ltr'>vide</span> <span class='ocrx_word' id='word_1_240' title='bbox 567 3621 609 3664; x_wconf 91' lang='lat' dir='ltr'>ne</span> <span class='ocrx_word' id='word_1_241' title='bbox 623 3622 688 3666; x_wconf 85' lang='lat' dir='ltr'>non</span> <span class='ocrx_word' id='word_1_242' title='bbox 703 3595 763 3668; x_wconf 86' lang='lat' dir='ltr'>alia</span> <span class='ocrx_word' id='word_1_243' title='bbox 777 3599 907 3687; x_wconf 87' lang='lat' dir='ltr'>quidem</span> <span class='ocrx_word' id='word_1_244' title='bbox 922 3600 1009 3677; x_wconf 85' lang='lat' dir='ltr'>viris,</span> <span class='ocrx_word' id='word_1_245' title='bbox 1023 3599 1084 3668; x_wconf 83' lang='lat' dir='ltr'>slis</span> <span class='ocrx_word' id='word_1_246' title='bbox 1101 3619 1159 3666; x_wconf 86' lang='lat' dir='ltr'>sero</span> <span class='ocrx_word' id='word_1_247' title='bbox 1171 3593 1214 3660; x_wconf 82' lang='lat' dir='ltr'>tc·</span> 
     </span>
     <span class='ocr_line' id='line_1_32' title="bbox 227 3702 1214 3802; baseline 0.007 -33"><span class='ocrx_word' id='word_1_248' title='bbox 227 3702 321 3770; x_wconf 88' lang='lat' dir='ltr'>minis</span> <span class='ocrx_word' id='word_1_249' title='bbox 333 3707 426 3772; x_wconf 80' lang='lat' dir='ltr'>vestis</span> <span class='ocrx_word' id='word_1_250' title='bbox 438 3709 606 3777; x_wconf 82' lang='lat' dir='ltr'>tribuenda</span> <span class='ocrx_word' id='word_1_251' title='bbox 617 3712 674 3776; x_wconf 85' lang='lat' dir='ltr'>sit:</span> <span class='ocrx_word' id='word_1_252' title='bbox 688 3710 751 3800; x_wconf 76' lang='lat' dir='ltr'>tegi</span> <span class='ocrx_word' id='word_1_253' title='bbox 763 3711 851 3780; x_wconf 86' lang='lat' dir='ltr'>enim</span> <span class='ocrx_word' id='word_1_254' title='bbox 862 3712 1005 3802; x_wconf 84' lang='lat' dir='ltr'>utrisque</span> <span class='ocrx_word' id='word_1_255' title='bbox 1015 3729 1165 3782; x_wconf 84' lang='lat' dir='ltr'>commune</span> <span class='ocrx_word' id='word_1_256' title='bbox 1172 3717 1214 3776; x_wconf 76' lang='lat' dir='ltr'>et,</span> 
     </span>
     <span class='ocr_line' id='line_1_33' title="bbox 227 3813 1213 3909; baseline 0.005 -28"><span class='ocrx_word' id='word_1_257' title='bbox 227 3813 497 3909; x_wconf 86' lang='lat' dir='ltr'>quemadmodum</span> <span class='ocrx_word' id='word_1_258' title='bbox 517 3819 688 3890; x_wconf 84' lang='lat' dir='ltr'>comedere</span> <span class='ocrx_word' id='word_1_259' title='bbox 709 3835 741 3890; x_wconf 91' lang='lat' dir='ltr'>et</span> <span class='ocrx_word' id='word_1_260' title='bbox 761 3822 882 3892; x_wconf 86' lang='lat' dir='ltr'>bibere.</span> <span class='ocrx_word' id='word_1_261' title='bbox 905 3823 987 3892; x_wconf 85' lang='lat' dir='ltr'>Cum</span> <span class='ocrx_word' id='word_1_262' title='bbox 1009 3848 1082 3894; x_wconf 89' lang='lat' dir='ltr'>usus</span> <span class='ocrx_word' id='word_1_263' title='bbox 1096 3813 1213 3908; x_wconf 75' lang='lat' dir='ltr'>iuqus&#39;a</span> 
     </span>
     <span class='ocr_line' id='line_1_34' title="bbox 261 3940 617 4012; baseline 0.025 -24"><span class='ocrx_word' id='word_1_264' title='bbox 261 3941 271 3978; x_wconf 79' lang='lat'>¹</span> <span class='ocrx_word' id='word_1_265' title='bbox 284 3940 348 3992; x_wconf 74' lang='lat' dir='ltr'>tide</span> <span class='ocrx_word' id='word_1_266' title='bbox 359 3943 390 3992; x_wconf 85' lang='lat' dir='ltr'>l).</span> <span class='ocrx_word' id='word_1_267' title='bbox 402 3944 516 4009; x_wconf 84' lang='lat' dir='ltr'>Guillon,</span> <span class='ocrx_word' id='word_1_268' title='bbox 525 3965 551 4012; x_wconf 81' lang='lat' dir='ltr'>p.</span> <span class='ocrx_word' id='word_1_269' title='bbox 560 3949 617 4006; x_wconf 76' lang='lat' dir='ltr'>tas.</span> 
     </span>
    </p>
   </div>
   <div class='ocr_carea' id='block_1_4' title="bbox 0 0 1266 4608">
    <p class='ocr_par' dir='ltr' id='par_1_4' title="bbox 0 0 1266 4608">
     <span class='ocr_line' id='line_1_35' title="bbox 0 0 1266 4608; baseline 0 0"><span class='ocrx_word' id='word_1_270' title='bbox 0 0 1266 4608; x_wconf 95' lang='lat' dir='ltr'> </span> 
     </span>
    </p>
   </div>
  </div>
 </body>
</html>
