2614 4628
184 263 228 326 86
555 283 586 324 u.
613 280 737 323 ursuru
760 279 877 322 remeas

193 411 330 486 »marin
348 401 528 497 ooelumque
539 407 756 498 profundum:
774 407 858 472 unde
875 405 1020 473 homines
1031 415 1064 471 et
1075 403 1232 494 pecudes,
1294 385 1297 390 Δ

194 529 207 582 i
223 511 306 586 unde
323 519 426 584 imber
439 532 471 585 et
482 518 599 609 ignes¹.
620 518 729 598 »Quid
742 499 828 584 aliud
840 528 900 582 eta
916 517 1007 583 nobis
1019 517 1117 590 Deus,
1131 537 1232 602 quarn

195 621 298 704 mans,
322 639 353 692 et
374 627 471 710 ratio,
491 639 525 692 et
549 627 677 716 spiritus
699 625 1181 716 predicaturlllecenseamus,
1206 623 1233 688 si

197 735 316 825 placet,
333 735 531 826 disciplinam
546 735 808 828 philosophorum
817 761 827 810 3
843 735 1060 826 deprehendes
1074 757 1145 809 eos.
1160 746 1195 799 et
1208 733 1234 798 si

201 849 401 915 sermonibus
425 849 528 925 variis,
545 848 619 938 ipsis
637 861 742 916 tamen
760 850 859 914 rebus.
871 850 904 914 in
925 848 1010 915 hane
1030 869 1127 912 unam
1146 845 1238 912 coire

196 968 229 1023 et
238 958 419 1046 conspirare
435 958 634 1024 seutentiam.
651 951 773 1023 Omitto
784 955 853 1023 illos
865 957 959 1023 rudes
978 968 1011 1022 et
1028 968 1165 1032 veteres,
1178 957 1236 1042 qui

190 1069 237 1133 ,de
252 1069 316 1134 suis
328 1069 421 1134 dictis
433 1068 591 1157 sapientes
607 1093 675 1134 esse
689 1080 886 1134 meruerunt.
903 1067 952 1132 Sit
964 1063 1078 1132 Thales
1093 1063 1236 1130 Milesius

199 1179 342 1244 omnium
355 1178 489 1268 primus,
505 1179 558 1267 qui
577 1178 698 1268 primus
713 1177 858 1246 omnium
873 1173 913 1242 de
929 1175 1111 1242 eoelestilrus
1126 1173 1235 1262 dispu-

199 1289 287 1354 tavit.
312 1287 403 1354 ldem
422 1285 560 1353 Milesius
581 1283 696 1353 Thales
717 1309 826 1354 rerum
844 1286 971 1352 initium
990 1297 1108 1373 aquam
1123 1283 1230 1350 dixit:

199 1395 304 1462 Deum
317 1409 507 1462 autemeam
517 1409 671 1473 mentem,
685 1420 755 1484 quaa
767 1419 805 1462 ex
817 1419 897 1483 aqua
911 1406 1026 1462 cuncta
1038 1393 1233 1460 sormaverit.

200 1505 271 1572 Eho
286 1503 379 1572 altior
393 1519 425 1572 et
440 1504 606 1572 sublimior
621 1529 710 1595 aquae
724 1519 756 1572 et
772 1506 899 1595 spiritus
914 1506 1008 1579 ratio.
1028 1527 1125 1592 quam
1144 1514 1180 1569 ut
1195 1505 1235 1569 alt

201 1616 332 1686 homine
348 1617 489 1706 potuerit
506 1617 660 1682 inveniri:
675 1639 692 1680 a
711 1617 780 1682 Deo
797 1616 961 1681 traditum.
979 1613 1076 1682 Vides
1096 1612 1237 1704 philoso-

151 1815 153 1823 ἢ
202 1726 258 1816 phi
282 1725 464 1818 principalis
486 1727 658 1794 nobiscum
677 1728 808 1816 penitus
834 1728 1020 1817 opinionem
1046 1747 1232 1791 consonare.

203 1836 414 1904 Anaximenes
431 1837 598 1926 deinceps,
616 1849 648 1902 et
668 1849 741 1927 post
756 1835 970 1927 Apolloniates
988 1836 1142 1926 Diogenes
1161 1839 1235 1899 ae'ra

202 1945 307 2012 Deum
323 1959 477 2023 statuunt,
491 1947 652 2012 inlinitum
663 1957 695 2013 et
706 1947 1046 2014 immensum.·llorum
1063 1967 1187 2034 quoque
1199 1944 1241 2008 si-

204 2056 287 2123 milis
302 2056 343 2123 de
355 2056 522 2122 divinitate·
530 2057 694 2123 consensio
709 2069 767 2122 est.
783 2056 1059 2147 Anaxagoraevero
1071 2054 1243 2158 descriptio

206 2177 239 2232 et
252 2178 358 2232 motus
370 2166 507 2234 'infinitae
524 2168 639 2236 mentis
653 2168 739 2234 Deus
755 2167 880 2235 dicitur.
898 2169 939 2234 Et
955 2166 1141 2256 Pythagorae
1155 2165 1244 2232 Deus

206 2289 254 2344 est
275 2277 420 2354 animus,
439 2301 496 2367 per
515 2279 694 2346 universam
718 2273 826 2360 rerum
847 2290 994 2344 naturam
1010 2299 1195 2344 commeans
1211 2285 1244 2339 et

208 2388 349 2454 intentus
359 2412 369 2463 ς
386 2411 424 2454 ex
442 2411 507 2478 quo
522 2391 618 2478 etiam
631 2369 818 2463 ,animalium
836 2389 981 2457 omnium
1002 2389 1064 2454 vita
1084 2387 1241 2476 capiatur.

207 2496 441 2587 Xenophanem
453 2510 566 2564 notum
577 2509 638 2575 est,
648 2522 743 2565 omne
753 2499 915 2566 inlinitum
925 2522 998 2566 cum
1010 2496 1247 2573 mente,Deum

209 2593 353 2680 tradere3
372 2618 405 2671 et
420 2606 641 2675 Antisthenem
657 2607 825 2699 populares
842 2609 918 2676 deos
935 2606 1064 2683 multos,
1082 2605 1139 2672 sed
1153 2616 1247 2671 natu·

209 2713 309 2781 ralem
325 2737 425 2781 unum
440 2719 638 2808 praecipuum
647 2743 656 2794 ς
672 2719 887 2810 Speusippum
899 2720 962 2785 vim
978 2716 1170 2792 naturalem,
1183 2716 1249 2782 ani·

210 2824 340 2908 malem,
353 2849 414 2913 qun
431 2827 537 2892 omnia
553 2842 716 2919 reguntur,
734 2828 838 2896 Deum
853 2851 955 2895 nosse.
976 2827 1063 2908 Quid
1078 2826 1247 2892 Democri-

211 2935 431 3025 tuslquamvis
444 2949 625 3004 atomorum
637 2940 757 3029 primus
769 2939 928 3015 inventor,
937 2959 1048 3003 nonna
1055 2935 1249 3026 plerumque

170 3129 172 3134 Α
212 3059 372 3122 naturam,
386 3069 456 3133 quae
469 3047 620 3137 imagines
635 3048 764 3126 fundat,
774 3061 806 3114 et
821 3045 1194 3142 intelligentiamstleum
1207 3043 1252 3111 lo·

213 3156 343 3245 quitur?
361 3155 491 3224 Straton
505 3181 634 3246 quoque
646 3171 679 3226 et
695 3160 762 3248 ipse
784 3171 944 3225 naturam.
962 3159 1068 3224 Etiam
1091 3129 1251 3247 Epicurus

213 3264 279 3340 ille,
293 3266 346 3354 qui
363 3267 438 3333 deos
453 3280 509 3332 aut
522 3269 639 3334 otiosos
655 3268 758 3358 lingit,
775 3281 830 3333 aut
846 3267 965 3344 nullos,
977 3279 1126 3334 naturam
1143 3279 1253 3332 tamen

215 3378 409 3463 superponit.
425 3377 610 3446 Aristoteles
625 3378 784 3456 variat,'et
800 3380 936 3468 assignat
954 3391 1061 3444 tamen
1078 3399 1178 3442 unam
1192 3400 1252 3466 po-

217 3495 388 3574 testatem:
408 3510 482 3552 nam
500 3489 627 3555 interim
643 3500 796 3565 mentem,
814 3488 971 3554 mundum
996 3488 1125 3554 interim
1141 3485 1247 3553 Deum

218 3589 442 3666 dicit,interim
457 3598 577 3663 mundo
586 3597 691 3664 Deum
703 3597 846 3687 praeficit.
862 3595 893 3682 (²
903 3595 1090 3663 Aristoteles
1101 3595 1253 3664 Ponticus

217 3700 327 3773 uariat,
347 3697 421 3766 ullas
437 3707 569 3783 mundo,
587 3705 662 3774 alias
676 3708 776 3774 menti
799 3707 911 3774 diuinas
926 3705 1067 3772 tribuens
1087 3705 1251 3796 principa-

251 3857 259 3891 ¹
272 3857 340 3925 Virg.
354 3843 451 3920 Gesar,
463 3847 505 3911 ra'r
518 3881 525 3922 3
538 3865 594 3915 AEn.
609 3885 616 3915 r
624 3902 632 3928 ‚
649 3867 704 3932 747.
714 3867 764 3906 -²
777 3867 867 3917 Totam
883 3865 948 3915 hane
965 3863 1098 3930 periodum
1117 3863 1252 3916 delendam

221 3942 293 4000 putat
306 3933 441 3984 Heraldus.
