2614 4628
506 275 668 319 oc'rtvlue
1064 286 1104 350 79
1186 275 1189 282 “

94 401 184 468 Xlll.
205 399 418 485 Quanquam
433 397 460 462 si
479 396 723 485 philosophandi
742 395 841 464 libido
856 407 917 474 est,
937 379 1104 472 Socratem

51 513 215 602 sapientie
226 507 436 600 principem,
451 508 584 597 quisque
595 510 735 574 vestrum
747 519 851 573 tantus
863 521 924 585 est,
937 511 962 575 si
973 517 1104 600 poterit,

54 625 211 690 imitetur.
226 622 311 709 Ejus
327 621 406 694 viri,
424 619 549 707 quoties
571 618 609 683 de
625 617 805 685 coelostibus
828 622 1012 709 rogabatur,
1029 637 1105 692 nota

57 732 224 822 responsio
238 743 290 796 est
309 755 319 796 :
340 730 740 808 Quousurssuos,u1nrs
758 753 798 794 sn
817 751 883 796 uos.
903 731 1015 800 lllerito
1030 760 1106 826 ergo

64 843 108 910 de
122 841 246 908 monto
261 840 492 908 testimoniiuu
507 840 624 904 meruit
638 839 814 928 prudentiae
825 840 989 930 singularis
999 870 1010 919 ;
1020 847 1106 935 quod

68 951 228 1020 cuculum
244 952 338 1018 idem
353 951 424 1040 ipse
439 949 612 1038 praesentit,
629 949 750 1016 idcirco
766 951 917 1017 universis
940 977 1007 1020 esse
1022 980 1104 1045 praa-
1168 1033 1172 1042 ³

67 1065 214 1153 posibrm,
239 1085 310 1128 non
327 1060 421 1149 quod
442 1059 547 1125 omnia
564 1059 781 1147 comperisset,
805 1061 862 1126 sed
875 1063 961 1150 quod
977 1065 1058 1132 nihil
1073 1091 1106 1133 se
1147 1059 1151 1068 ¹

68 1176 148 1242 seire
167 1159 347 1240 didicisset.
374 1171 424 1237 lta
448 1169 598 1236 eonlessae
618 1170 783 1258 imperitiae
801 1194 925 1238 summa
940 1176 1107 1262 prudentia

68 1295 126 1350 est.
142 1284 211 1349 Hoc
233 1282 329 1348 l'onte
349 1280 485 1347 delluxit
500 1278 660 1357 Arcesilae,
676 1293 709 1346 et
729 1279 832 1346 multo
846 1293 919 1371 post
939 1283 1109 1353 Carneadis

66 1407 98 1459 et
108 1393 391 1462 Academicorum
402 1390 613 1480 plurimorum
624 1391 656 1456 in
668 1391 800 1456 summis
809 1394 1032 1479 quaestionibus
1044 1407 1111 1462 tuta

66 1505 248 1578 datiuum
268 1527 337 1592 quo
358 1525 478 1591 genere
498 1500 715 1592 philosophari
733 1515 767 1566 et
788 1514 880 1569 caute
902 1503 1022 1571 indocti
1036 1530 1111 1595 pos-

67 1626 154 1691 sunt,
171 1627 207 1680 et
222 1613 314 1680 docti
331 1611 479 1701 gloriose.
500 1612 608 1692 Quid?
623 1611 795 1678 Simonidis
810 1611 913 1680 Melici
930 1638 1037 1681 nonne
1054 1617 1112 1682 ad·

69 1723 218 1791 miranda
236 1723 404 1798 omnibus,
422 1735 454 1788 et
472 1722 621 1790 sectanda
642 1723 826 1790 cunctatio?
841 1725 895 1811 qui
915 1723 1109 1801 Simonides,

73 1857 150 1902 cum
164 1834 209 1901 de
231 1857 285 1910 eo,
302 1833 394 1922 quid,
412 1845 446 1898 et
459 1832 568 1921 quales
590 1834 797 1900 arbitraretur
813 1835 902 1912 deos,
919 1837 960 1902 ab
975 1837 1113 1904 Hierone

78 1957 220 2032 mo
235 1954 442 2032 quereretur,
457 1944 563 2033 primo
577 1943 796 2012 deliberationi
814 1947 899 2012 diem
915 1947 1017 2034 petiit,
1036 1971 1112 2036 pos-

86 2053 183 2118 tridie
196 2053 330 2118 biduum
341 2055 535 2144 prorogavit,
551 2079 625 2120 mox
640 2054 777 2122 alterum
792 2069 915 2122 tantum
934 2058 1114 2124 admonitus

88 2161 254 2250 adjunxit,·
272 2176 423 2252 postremo
445 2187 521 2232 aum
542 2187 651 2230 causas
668 2177 763 2230 tante
780 2189 877 2232 morae
897 2179 1049 2253 tyrannus
1065 2169 1116 2234 in·
1188 2233 1189 2236 ,

85 2273 243 2360 quireret,
258 2275 415 2362 respondit
431 2272 496 2351 ille,
509 2274 597 2362 quod
609 2275 681 2348 sibi,
697 2287 815 2360 quanto
827 2277 986 2362 inquisitio
999 2277 1117 2342 tardior

80 2395 245 2472 pergeret,
261 2395 348 2450 tanto
363 2385 478 2450 veritas
494 2384 586 2450 fieret
606 2383 784 2450 obscurior.
808 2383 876 2448 lllea
901 2407 1027 2471 quoque
1047 2387 1117 2474 opi-

80 2493 190 2568 nione,
206 2517 279 2580 quae
294 2505 372 2560 sunt
387 2493 496 2568 dubia,
513 2505 549 2558 ut
569 2505 642 2558 sunt
657 2490 864 2581 relinquenda
879 2505 953 2558 suut
971 2515 980 2556 ε
995 2517 1055 2560 nec
1070 2505 1119 2562 tot

80 2627 119 2670 se
133 2605 234 2670 tantis
245 2603 321 2669 viris
333 2601 582 2670 deliberantibus
594 2615 714 2669 temere
725 2615 757 2668 et
769 2603 931 2670 audaciter
942 2604 974 2670 in
987 2602 1120 2670 alteram

80 2727 206 2805 partem
221 2713 354 2780 ferenda
366 2713 521 2780 sententia
533 2724 593 2790 est,
606 2737 646 2779 ne
658 2726 714 2780 aut
727 2713 816 2780 anilis
828 2714 999 2782 inducatur
1011 2739 1119 2805 super·

81 2825 179 2901 stitio,
194 2837 254 2890 aut
269 2824 378 2889 omnis
393 2821 502 2913 religio
518 2824 711 2890 destruatur.

97 2975 102 2984 ·
123 2932 214 3002 xlv.
233 2933 293 3002 sio
313 2933 474 3010 Caecilius,
489 2945 521 2999 et
536 2936 682 3002 renidens
702 2933 792 3022 (nam
813 2934 1037 3024 indignationis
1052 2935 1123 3022 ejus

83 3057 243 3112 tumorem
259 3044 377 3112 ell'usae'
396 3043 545 3111 orationis
567 3045 703 3134 impetus
723 3044 935 3134 relaxaverat)
956 3047 1024 3110 :Et
1045 3044 1123 3131 quid

83 3155 123 3222 ad
137 3155 222 3231 bac,
244 3155 306 3232 ait,
328 3155 429 3219 audet
444 3153 595 3222 Octavius
613 3154 711 3220 homo
730 3153 884 3221 Plautinae
904 3154 1070 3242 prosapiae,
1089 3165 1123 3218 ut

84 3265 241 3354 pistorum
255 3263 455 3356 praecipuus,
471 3264 513 3328 ita
527 3277 706 3353 postremus
717 3263 1001 3355 philosophorum?
1011 3263 1121 3340 Parca,

85 3375 228 3464 mquam,
247 3377 284 3442 in
307 3398 386 3441 eum
409 3373 585 3463 plaudere:
605 3376 810 3464 nequeenim
825 3375 913 3463 prius
932 3372 1072 3440 exultare
1091 3386 1122 3439 te

88 3485 216 3576 Quum
231 3499 285 3552 est
300 3485 519 3553 concinnitate
535 3487 700 3562 sermonis,
716 3509 813 3572 quam
836 3484 980 3573 utrinque
1001 3483 1125 3576 plenius

90 3595 179 3664 luerit
192 3608 408 3689 peroratum
424 3595 558 3661 maxime
573 3619 650 3662 cum
665 3619 730 3662 non
745 3593 845 3670 laudi,
860 3594 916 3660 sed
931 3596 1051 3662 veritati
1064 3595 1124 3660 dis·

95 3709 224 3795 ceptatio
239 3720 351 3775 vestra
366 3706 497 3774 nitatur.
515 3705 557 3772 Et
570 3723 754 3795 quanquam
770 3727 918 3796 magnum
939 3706 972 3773 in
991 3693 1124 3773 niodum

97 3837 142 3882 me
154 3817 265 3886 subtili
280 3816 437 3884 varieme
451 3826 505 3882 tua
519 3814 685 3883 delectarit
699 3815 813 3894 oratio,
828 3827 933 3884 tamen
944 3813 1038 3882 altius
1053 3837 1128 3880 mo·

99 3945 176 4005 teor,
199 3952 266 4018 non
288 3929 333 3994 de
354 3926 500 4017 praesenti
523 3926 660 4004 actione,
684 3927 740 3994 sed
767 3927 806 4004 de
826 3938 893 3996 toto
922 3949 1037 4014 genero
1061 3924 1128 3992 dis-
