2738 4628
217 257 257 320 «28
536 280 649 325 sancrr
673 280 785 324 raanan
809 281 870 324 arn.
897 281 916 323 v

215 398 425 473 novationem,
441 369 547 464 Esaias
559 400 688 488 quidem
703 399 750 466 sic
762 400 806 464 ait
826 424 858 465 :r
874 399 1050 489 Resurgent
1065 401 1199 476 mortui,
1218 413 1258 465 ot

216 519 372 596 rsurgent
394 508 449 595 qui
474 507 506 573 in
529 509 758 584 monumentis,
780 520 813 574 et
837 507 1028 600 laetabuntur
1043 509 1097 596 qui
1119 519 1193 574 sunt
1217 509 1259 575 in

216 647 228 680 s
244 631 337 682 terra.
351 617 415 683 Ros
427 619 512 684 enim
524 620 579 707 qui
595 643 611 684 a
628 630 660 685 te
674 632 734 695 est,
750 619 866 684 sanitas
878 631 926 684 est
940 619 985 684 eis
996 618 1018 685 ¹.
1034 621 1096 686 »Et
1107 620 1227 684 iterum
1241 641 1254 682 ε
1350 621 1357 628 ’

223 729 318 816 «Ego
334 751 387 792 vos
404 727 579 804 advocabo,
596 741 629 795 et
643 729 676 794 in
691 727 888 795 Hierusalem
903 727 1149 805 advocabimini,
1160 740 1194 795 et
1208 728 1259 792 vi-

217 837 371 912 adscitis,
387 849 420 903 et
439 835 649 926 gratulabitur
665 861 721 905 cor
736 851 890 914 vestrum,
907 850 940 903 et
956 860 1024 904 ossa
1042 851 1143 903 restra
1160 837 1258 926 quasi

217 977 230 1009 s
245 948 343 1014 hcrha
358 948 514 1023 orientur,
529 960 561 1014 et
577 960 788 1038 cognoscetur
798 971 911 1015 manus
928 949 1054 1015 Domini
1070 947 1119 1012 his
1131 948 1185 1036 qui
1198 970 1259 1013 co·

218 1055 315 1121 »lunt
329 1053 433 1122 eum².
453 1085 465 1118 ι
481 1057 521 1123 Et
536 1056 684 1124 Ezechiel
699 1070 807 1122 autem
822 1059 868 1124 sic
885 1079 894 1124 ε
913 1084 926 1118 α
943 1059 983 1124 Et
998 1057 1080 1123 sacta
1096 1068 1258 1146 estsuper

217 1193 232 1228 s
248 1187 300 1230 rue
314 1186 427 1230 manua
441 1164 584 1242 Domini,
599 1177 632 1232 et
647 1165 758 1232 eduxit
776 1189 828 1232 me
843 1166 876 1232 in
897 1166 1008 1256 spiritu
1031 1166 1200 1242 Dominus,
1220 1179 1259 1231 et

219 1303 232 1338 s
248 1276 354 1364 posuit
367 1298 419 1341 me
434 1275 467 1340 in
485 1276 592 1342 medio
608 1277 725 1365 campi,
741 1287 775 1342 et
790 1276 845 1343 hic
858 1289 927 1343 erat
941 1275 1053 1366 plenus
1070 1278 1207 1353 ossibus,
1220 1287 1259 1341 et

219 1383 461 1450 »circumduxit
478 1407 530 1450 me
551 1408 648 1474 super
668 1407 704 1450 oa
720 1386 753 1450 in
776 1385 945 1454 circuitum
960 1387 993 1452 in
1012 1409 1103 1476 gyro,
1121 1400 1154 1454 et
1174 1409 1258 1456 ecce

220 1492 346 1564 »multa
361 1517 456 1583 super
475 1493 591 1561 faciem
606 1496 710 1585 campi
726 1496 813 1562 arida
834 1494 935 1562 valde.
955 1498 996 1563 Et
1015 1497 1093 1563 dixit
1111 1497 1151 1562 ad
1167 1520 1222 1564 me
1243 1521 1253 1563 ε

220 1635 232 1666 ι
249 1605 309 1672 Fili
320 1604 470 1680 hominis,
481 1605 506 1670 si
519 1605 628 1671 vivunt
639 1628 707 1670 ossa
719 1604 812 1671 haeci'
824 1607 863 1672 ut
875 1605 938 1671 dixi
949 1629 957 1671 ε
967 1606 1116 1682 Domine,
1129 1618 1163 1671 tu
1175 1608 1256 1684 scis,

221 1715 303 1804 »qui
323 1713 423 1782 iecisti
446 1712 525 1781 haec.
543 1713 584 1780 Et
601 1715 679 1780 dixit
694 1715 734 1780 ad
755 1737 807 1780 me
822 1736 831 1779 ε
849 1713 1044 1803 Prophetara
1065 1739 1161 1805 super
1182 1739 1258 1782 ossa

221 1852 234 1887 ι
250 1823 332 1900 hec,
348 1835 382 1889 et
396 1823 482 1890 dices
496 1823 541 1888 eis
555 1845 563 1887 :
579 1821 657 1889 Ossa
673 1823 772 1900 arida,
789 1823 896 1889 audite
911 1847 1089 1890 sermonem
1111 1824 1254 1891 Domini.

221 1937 324 2002 »Haec
338 1935 416 2000 dicit
428 1933 584 2000 Dominus
600 1934 723 2000 ossihus
738 1933 808 2000 his:
825 1934 922 2010 Ecce,
935 1958 993 2024 ego
1005 1935 1185 2022 superduco
1199 1957 1259 2000 su-

221 2073 234 2106 »
249 2066 308 2133 per
321 2067 375 2110 vos
387 2043 533 2132 spiritum
544 2043 629 2119 vitae',
641 2057 674 2109 et
685 2044 768 2111 daho
779 2067 874 2133 super
886 2067 940 2110 vos
952 2067 1078 2120 nervos,
1090 2056 1123 2108 et
1132 2045 1259 2112 reduco

222 2183 234 2216 s
250 2173 416 2242 supervos
431 2173 575 2226 carnem,
590 2162 623 2216 et
637 2153 806 2219 extendam
818 2175 913 2241 super
928 2174 982 2218 ros
994 2165 1115 2228 cutem,
1126 2164 1159 2218 et
1171 2152 1259 2218 daho

222 2293 235 2326 ι
251 2263 396 2353 spiritum
415 2282 524 2328 meum
539 2263 570 2327 in
583 2285 651 2339 ros,
667 2274 700 2329 et
715 2264 836 2339 vivetis,
853 2277 886 2329 ct
898 2264 1094 2353 cognoscetis
1110 2263 1183 2352 quia
1195 2288 1259 2354 ego

222 2403 235 2436 ι
252 2396 322 2440 sum
337 2372 502 2438 Dominus.
521 2372 562 2437 Et
576 2371 775 2460 prophetavi,
791 2372 874 2437 sicut
888 2372 1040 2461 precepit
1055 2371 1132 2439 mihi
1144 2371 1260 2438 Domi·-

224 2513 236 2546 s
251 2506 321 2550 nus.
335 2483 376 2548 Et
391 2480 572 2546 factumest
587 2501 664 2545 cum
684 2479 920 2568 prophetarem,
936 2492 969 2546 et
982 2503 1058 2548 ecce
1078 2491 1169 2547 terrae
1184 2503 1259 2546 mo-

224 2623 236 2655 ι
251 2606 314 2668 tus,
330 2603 363 2657 et
379 2589 622 2656 adducebantur
635 2611 705 2656 ossa
721 2589 972 2677 unumquodque
983 2590 1022 2655 ad
1035 2590 1260 2680 compaginem

224 2724 341 2768 »suam
357 2723 365 2767 τ
379 2711 412 2764 et
423 2699 501 2774 vidi,
512 2711 545 2764 et
555 2720 633 2765 cccc
649 2720 795 2787 superea
812 2699 901 2764 nervi
912 2709 945 2764 et
961 2721 1072 2764 carnes
1083 2698 1260 2764 nasceban-

224 2841 236 2872 ι,
250 2823 315 2888 tur,
328 2821 361 2876 ct
373 2807 588 2874 ascendebant
598 2829 694 2896 super
704 2829 741 2872 ea
753 2819 842 2873 cutes
854 2807 1001 2895 desuper,
1010 2819 1042 2872 et
1053 2807 1180 2897 spiritus
1191 2830 1258 2874 non

224 2951 237 2983 a
253 2932 320 2986 erat
333 2920 364 2985 in
376 2919 432 2986 eis.
449 2919 489 2984 Et
501 2919 579 2984 dixit
593 2918 697 2984 adme
711 2941 719 2982 :
733 2916 784 2984 Ad
799 2917 943 3006 spiritum
955 2916 1123 3006 propheta,
1136 2915 1180 2982 fili
1196 2917 1258 2983 ho-

225 3062 238 3094 »
254 3030 359 3107 minis,
373 3042 405 3097 et
416 3030 470 3096 dic
480 3029 603 3119 spiritui
616 3051 625 3093 r
640 3029 716 3094 Haeo
727 3027 805 3094 dicit
819 3027 996 3094 Dominus:
1011 3017 1188 3116 Aquatuor
1197 3030 1259 3116 spi-

225 3141 365 3206 »ritihus
387 3139 471 3214 veni,
496 3149 528 3204 et
547 3137 671 3203 insuffla
692 3135 724 3202 in
747 3147 890 3202 mortuos
910 3137 1000 3212 istos,
1020 3149 1053 3202 et
1074 3137 1191 3203 vivant.
1217 3138 1258 3202 Et

226 3247 452 3338 »prophetam
477 3244 748 3336 quemadmodum
769 3246 920 3334 praecepit
940 3245 1018 3311 mihi
1036 3245 1206 3322 Dominus,
1226 3258 1259 3310 ct

226 3359 382 3423 »intrarit
402 3357 436 3422 iu
453 3380 507 3422 eos
531 3357 672 3445 spiritus,
695 3367 728 3421 et
750 3356 906 3431 vixerunt,
932 3361 964 3422 et
985 3367 1141 3422 steterunt
1163 3379 1257 3445 supra

145 3459 147 3462 ’
227 3499 241 3530 s
255 3467 352 3558 pedes
367 3488 440 3532 suos
456 3465 601 3533 collectio
622 3463 724 3531 multa
744 3462 866 3530 valde⁸.
885 3493 899 3529 a
915 3467 955 3530 Et
973 3489 1081 3531 rursus
1097 3466 1163 3554 ipsc
1185 3467 1254 3531 ait:

236 3607 249 3640 ι
263 3579 339 3644 llaec
354 3576 431 3643 dicit
445 3577 620 3642 Dominus:
636 3576 733 3652 Ecce,
749 3599 808 3664 ego
819 3576 959 3666 aperiam
973 3589 1180 3642 monumenta
1194 3601 1260 3643 ves-

228 3718 240 3754 »
255 3699 317 3764 tra,
329 3696 362 3752 et
373 3684 508 3762 educam
520 3709 575 3752 ros
586 3686 625 3752 dc
637 3686 852 3752 monumentis
863 3686 987 3763 vestris,
999 3698 1031 3751 ct
1042 3687 1192 3753 inducam
1205 3711 1259 3753 vos

229 3798 421 3862 »interram
439 3793 536 3861 lsrael
550 3819 558 3861 z
571 3805 603 3860 ct
621 3796 817 3886 cognoscetis
829 3795 901 3885 quia
922 3819 980 3885 ogo
999 3819 1070 3862 sum
1089 3795 1256 3872 Dominus,

261 3929 270 3973 l
283 3927 330 3977 lra.
342 3943 408 3988 narr,
424 3941 462 3991 ¹9·
478 3924 600 3974 -21h'1h
615 3928 728 3988 carnai,
742 3925 780 3985 ad.
794 3925 937 3976 -1uzecu
956 3943 1051 3988 xxxva,
1065 3935 1110 3977 rct
1122 3943 1197 4002 seqq.
