2448 4610
293 292 359 344 curs
382 291 472 334 ursus
494 287 664 333 sacrarun-
929 269 988 346 ddi

38 415 140 503 udoque
152 433 187 476 ac
200 405 410 497 supercoelesti
428 404 543 490 mentis
558 402 786 470 consideranda
800 403 965 500 profundo
980 429 988 472 :

38 517 270 610 operiunctorie
294 515 361 582 haec
382 515 512 580 auribus
533 511 727 587 haurienda,
750 509 805 578 sed
830 513 874 577 ita
895 526 932 579 ut
953 516 994 582 ad

37 651 92 696 sum
110 625 268 694 Salvatoris
283 623 427 712 spiritum
442 643 481 690 ac
499 619 663 688 sententie
683 641 837 690 oreonum
852 620 994 690 animum

37 739 184 828 usitamus.

41 843 82 914 ll.
97 845 229 913 iucunda
252 859 338 912 certe
360 844 496 912 Domino
517 854 627 910 nostro
648 866 687 910 ac
712 841 865 910 Salvatori
886 843 993 912 oblata

35 957 109 1022 ustio
124 954 198 1031 est¹‚
216 955 274 1043 ipsi
292 954 442 1020 nimirum
466 951 776 1026 convenientissima
801 975 916 1040 nempe
934 956 994 1020 olr-

35 1065 175 1153 trquaestio
188 1063 267 1131 Vite
283 1064 323 1130 de
337 1063 412 1139 vita,
430 1059 585 1128 Salvatori
601 1060 641 1127 de
662 1058 775 1136 salute,
790 1059 938 1150 Magistro
955 1086 994 1132 ae

34 1175 102 1242 tutori
119 1174 154 1240 de
173 1174 273 1263 capite
293 1195 405 1239 eorum
428 1193 498 1259 quae
520 1171 668 1260 dogmate
694 1170 911 1249 trudebantur,
929 1171 994 1239 Ve-

34 1283 72 1350 ati
86 1281 119 1348 do
138 1305 204 1348 vera
225 1278 474 1356 immortalitate,
492 1276 599 1346 Verbo
623 1278 662 1344 de
678 1290 812 1367 paterno
829 1281 926 1347 verbo
944 1292 996 1347 at·

33 1392 203 1468 tadoctrina,
224 1390 370 1458 Perlec'to
391 1389 432 1456 de
455 1388 595 1479 perlecta
615 1389 737 1476 requie,
757 1389 994 1480 Incorruptibili

32 1501 129 1568 slirma
150 1500 395 1589 incorruptione
422 1499 470 1565 De
492 1495 551 1564 illis
577 1495 681 1564 oblata
706 1497 751 1564 illi
773 1499 904 1588 quaestio
926 1512 993 1578 est,

32 1612 207 1678 rorumetiam
218 1633 316 1678 causa
332 1609 550 1684 descenderat,
561 1609 676 1698 quibus
692 1609 839 1688 instituit,
854 1634 925 1700 quac
940 1611 994 1678 do·

31 1731 56 1796 t,
68 1743 123 1808 quc
136 1723 261 1809 praehet,
281 1732 317 1786 ut
333 1719 479 1786 ostendat
495 1717 654 1808 Evangelii
672 1732 895 1809 argumentum
912 1744 992 1798 esse.

31 1827 94 1894 trita
111 1841 216 1896 aterna
235 1831 303 1918 ipsa
319 1829 485 1894 tribuatur.
507 1828 694 1895 Praesciebat
713 1840 820 1894 autem
839 1841 875 1894 ut
892 1830 992 1908 Deus,

30 1961 126 2027 mquae
143 1940 380 2030 interrogandus
398 1951 478 2012 erat.
495 1953 565 2003 tum
585 1938 672 2025 quod
690 1962 876 2030 responsum
895 1941 995 2008 inter-

29 2065 95 2134 tgaus
106 2060 176 2114 esset
187 2061 388 2138 accepturus.
404 2048 484 2128 Quis
501 2048 588 2113 enim
603 2047 636 2112 id
653 2048 756 2135 potius
772 2049 882 2117 fecerit
897 2075 994 2140 quam

29 2155 125 2243 topheta
139 2159 376 2246 prophetarum,
390 2157 556 2244 omnisque
571 2157 747 2245 prophetici
764 2159 890 2250 spiritus
908 2163 994 2248 arhi-

28 2281 84 2330 rac
94 2264 248 2332 domiuus?
259 2265 401 2335 Vocatus
412 2276 520 2332 autem
538 2265 654 2341 honus,
671 2288 688 2330 a
703 2266 806 2354 primo
822 2268 884 2336 boo
897 2275 992 2341 verbo

28 2385 103 2461 mpta
115 2377 272 2442 occasione
296 2374 368 2442 inde
385 2376 481 2441 etiam
503 2373 681 2440 doctrinam
703 2377 895 2464 auspicatur,
917 2403 995 2448 cou-

28 2491 103 2546 utens
111 2482 244 2572 discipuli
256 2485 400 2550 animum
416 2483 449 2549 in
465 2483 570 2550 Deum
585 2484 721 2564 bonum,
738 2486 940 2576 primumque
956 2513 995 2558 ao

28 2583 153 2659 lauritae
169 2603 293 2661 eternae
310 2593 524 2683 praebitorem,
537 2615 630 2681 quam
641 2595 681 2660 ab
698 2617 738 2660 eo
755 2607 918 2686 acceptam
933 2623 994 2666 no-

28 2695 151 2768 bcoolert
160 2703 266 2772 Filius.

28 2806 95 2876 tlt.
108 2813 208 2905 ltaque
226 2818 400 2884 maximum
415 2828 447 2883 et
462 2819 656 2908 praecipuutn
670 2818 936 2888 documentorum
953 2825 995 2891 ad

28 2917 300 3011 humectantium,
313 2929 352 2994 alr
365 2928 453 2994 initio
464 2928 570 2994 statim
585 2929 691 2995 animo
705 2931 907 2998 inserendum
921 2947 970 3000 est
985 2960 994 3002 ε

28 3021 245 3104 tlleus'aeteruus
261 3060 329 3104 esse
344 3047 581 3106 coaeternorum
594 3038 696 3112 dator,
709 3055 917 3128 agnoscatur:
931 3045 994 3132 prl-

28 3153 128 3228 ttmque
138 3167 173 3210 ac
189 3169 387 3236 supremum,
402 3157 434 3210 et
450 3167 548 3212 unum
564 3169 602 3212 nc
618 3148 739 3212 bonum
755 3148 873 3225 Deum,
890 3150 995 3218 Deum

28 3247 80 3312 olis
91 3273 139 3336 per
151 3255 311 3321 scientiam
328 3265 360 3320 et
378 3255 693 3343 comprehensionem
705 3255 911 3324 vindicemus.
926 3261 996 3330 Hoc

28 3353 74 3420 uin
90 3359 239 3430 immobile
258 3364 545 3452 inconcussumque
566 3365 756 3454 principium
771 3377 803 3432 et
823 3367 997 3458 principale

28 3461 63 3528 ita
72 3466 287 3548 fulcimentum,
300 3473 371 3550 Dei.
384 3473 437 3562 qui
449 3486 593 3551 estsere,
605 3475 748 3550 scientia,
760 3476 857 3564 etqui
872 3499 909 3542 ea
924 3501 995 3566 qum

28 3585 65 3638 ΙΙΙ
83 3575 201 3662 [eterna
215 3583 358 3673 scilicet)
381 3583 527 3672 largitur:
549 3606 669 3673 exque
687 3584 782 3650 etiam
801 3584 867 3651 aliis
880 3610 996 3676 provo,-

28 3681 88 3753 ltut
104 3711 163 3757 esse
177 3695 343 3784 accipiant,
358 3718 460 3784 eoque
480 3692 650 3760 incolumia
668 3695 740 3762 sint.
760 3696 862 3784 Hujus
878 3699 994 3790 quippo

28 3799 131 3878 ponus
146 3825 227 3870 mors
241 3817 306 3877 esta
327 3805 465 3895 cognitio
483 3827 558 3870 vero
576 3816 610 3870 et
626 3804 825 3874 necessitudo
843 3820 937 3897 atque
953 3811 994 3876 ud

36 3916 99 3973 ¹lide
108 3927 133 3978 D.
144 3930 349 3998 Guillomptltt.

808 4040 858 4103 ²9·
