2570 4614
211 291 276 400 ξεί)
525 329 696 374 cuttflttrts
722 329 932 372 stetinum!

212 474 225 507 a
241 459 307 512 tem
322 469 378 510 vos
393 446 547 533 sapientes
559 445 691 533 quidem
706 468 774 510 esse
796 445 838 510 ad
856 447 989 520 bouum,
1012 443 1178 533 simplices
1197 466 1252 506 an·

211 585 225 618 s
239 567 305 620 tem
320 554 361 620 ed
374 554 528 621 melum¹.
550 554 682 642 »Neque
701 554 787 620 enim
808 578 926 620 nomen
941 569 989 614 :oe
1003 567 1100 624 νηπίου
1123 575 1141 615 a
1163 551 1254 617 nobit

213 665 399 757 intelligitur
414 675 475 755 pcr'
486 666 710 754 privationem,
720 665 862 752 quemvis
880 689 897 728 a
911 663 1134 754 grammaticis
1149 663 1255 727 statui·

212 792 267 843 tur
280 792 311 852 νὴ
326 801 394 844 esse
408 777 594 866 privativam
616 774 816 863 particulam.
842 775 876 841 si
897 775 951 862 qui
975 776 1064 842 enim
1085 774 1255 847 infantiam

214 889 417 966 insectantes,
441 910 500 952 nos
522 898 637 952 vocant
656 886 853 974 insipientes,
869 885 973 950 videte
997 883 1172 974 quomodo
1194 883 1256 948 lio-

215 1000 339 1070 minum
347 996 550 1086 blasphemiis
563 1008 598 1060 et
612 993 788 1064 maledictis
801 997 970 1084 impetunt,
982 995 1062 1061 dum
1073 1019 1138 1061 eos
1150 994 1254 1060 existi-

213 1115 304 1177 mant
328 1108 510 1198 insipientes
535 1107 589 1195 qui
610 1106 651 1172 ad
666 1106 770 1172 Deum
792 1102 1013 1193 confugerunt.
1045 1104 1109 1170 Sin
1140 1115 1254 1177 autem,

150 1249 158 1269 ·
216 1221 303 1309 quod
317 1219 417 1308 magis
439 1240 565 1307 queque
586 1215 827 1306 intelligendum
842 1227 903 1290 est,
923 1215 981 1303 ipsi
999 1215 1040 1279 de
1055 1211 1253 1303 simplicibus

215 1331 351 1398 infantes
365 1327 751 1419 acceperintagaudemus
770 1324 991 1416 appellatione.
1010 1325 1165 1392 lnlantes
1180 1322 1253 1390 enim

217 1453 291 1508 sunt
303 1451 426 1507 mentes
434 1457 523 1505 novoe
534 1436 676 1504 in-reteri
689 1437 961 1526 insipientia,quae
968 1459 1074 1527 nuper
1091 1445 1253 1502 evaseruut

215 1549 403 1641 prudentes,
427 1571 497 1638 quae
518 1547 695 1616 secundum
722 1547 846 1615 Novum
870 1546 1122 1614 Testamentum
1151 1557 1251 1612 exona

157 1731 160 1738 ,
218 1673 303 1726 sunt.
322 1651 451 1749 Quippe
465 1681 541 1725 cum
556 1659 642 1726 Deus
663 1681 721 1748 per
741 1657 858 1725 Christi
879 1658 1051 1724 adventum
1066 1681 1183 1748 nuper
1196 1681 1251 1745 cup

197 1845 202 1853 ,
218 1771 305 1838 nitus
314 1771 376 1845 'sit3
390 1797 403 1832 ι
417 1771 521 1838 Deum
534 1771 621 1836 enim
636 1792 731 1838 nemo
744 1771 832 1836 novit
844 1769 905 1836 nisi
918 1768 1031 1846 Filius,
1045 1782 1080 1836 et
1099 1771 1162 1836 cui
1171 1767 1249 1836 iliius

221 1910 233 1942 s
246 1879 462 1947 revelaverit².
474 1880 634 1948 »iuvenes
646 1905 721 1972 ergo
731 1880 1003 1970 populur‘acuus,
1016 1893 1054 1946 ut
1064 1881 1248 1970 distinguan-

220 2003 275 2056 tur
291 2014 309 2056 a
327 1991 425 2058 veteri
448 1989 579 2081 populo,
597 1991 618 2056 ii
640 2002 714 2056 sunt
734 1991 788 2078 qui
808 2013 888 2056 nova
903 1992 987 2057 bona
1003 1989 1213 2056 didicerunt:
1225 2000 1251 2054 et

221 2112 270 2167 est
280 2101 372 2167 nobis
383 2103 463 2168 uber
473 2102 573 2168 aetatis
584 2102 650 2190 ipsa
662 2102 811 2190 juventus
822 2121 934 2189 expers
945 2098 1058 2176 senii⁸,
1068 2099 1108 2164 in
1117 2122 1182 2189 qua
1190 2119 1251 2164 sent

220 2209 434 2300 porrigemus
450 2211 491 2276 ad
505 2209 744 2300 intelligentiam
762 2223 795 2276 et
809 2210 924 2278 mentis
940 2211 1173 2300 agitationem,
1188 2233 1251 2276 sera

221 2340 279 2407 per
304 2318 447 2406 juvenes,
470 2329 503 2382 et
522 2339 647 2408 semper
664 2317 837 2418 mansueti,
851 2330 883 2382 et
900 2341 1026 2407 semper
1053 2332 1207 2386 recentes
1224 2337 1252 2383 ac

224 2428 310 2495 nori.
327 2427 463 2517 Oportet
478 2429 564 2494 enim
579 2451 677 2495 noros
692 2451 774 2508 esse,
786 2430 840 2519 qui
854 2431 927 2496 novi
937 2429 1037 2498 Verbi
1049 2429 1191 2497 fuerunt
1200 2451 1252 2519 par

224 2538 346 2626 ticipes.
367 2537 462 2618 Quod
482 2550 590 2604 autam
605 2539 788 2606 aeternitatis
803 2549 852 2606 est
869 2540 1040 2628 particeps,
1062 2540 1096 2606 oi
1114 2540 1203 2629 quud
1216 2550 1253 2604 est

225 2649 447 2736 incorruptum
462 2647 542 2714 solet
556 2647 719 2716 assimilari
740 2671 748 2713 ε
770 2658 806 2714 ut
825 2647 955 2739 puerilis
978 2649 1080 2716 aetatis
1097 2647 1253 2740 appellnda

226 2757 266 2822 sit
290 2757 382 2824 nobis
402 2781 458 2824 ver
472 2758 569 2824 totius
589 2758 673 2835 ritae,
695 2769 864 2847 propterea
884 2757 971 2846 quod
990 2756 1032 2822 sit
1049 2759 1139 2824 senii
1160 2777 1254 2847 expet

227 2857 297 2956 quar
311 2868 407 2935 est-in
420 2869 511 2936 nobis
526 2868 652 2945 veritas,
670 2879 703 2932 ot
718 2890 822 2934 mores
838 2867 950 2942 nostri,
968 2866 1023 2955 qui
1039 2879 1124 2934 sunt
1141 2867 1254 2934 venato

226 2975 356 3064 perfusi.
378 2974 539 3065 Sapientia
560 2987 667 3042 autem
683 2999 808 3066 semper
827 2977 1021 3066 germinans,
1045 2999 1254 3068 quasvsempc

227 3083 370 3152 similiter
390 3098 424 3151 et
445 3085 560 3152 eodem
580 3086 678 3153 modo
693 3109 726 3152 se
740 3087 851 3162 hebet,
869 3099 902 3152 et
917 3110 1083 3177 nunquam
1112 3101 1255 3160 munta.

227 3192 367 3272 »puelli
382 3196 507 3283 inquit,
522 3219 634 3264 eorum
657 3220 752 3287 super
771 3197 922 3266 humeros
937 3196 1106 3276 tollentur,
1125 3214 1162 3266 et
1179 3221 1257 3290 super

228 3327 358 3393 »genua
374 3303 624 3373 consolationem
642 3307 799 3396 accipient
815 3330 823 3372 z
841 3309 974 3397 perinde
989 3331 1028 3376 ac
1043 3309 1069 3375 si
1086 3325 1196 3380 mater
1215 3309 1257 3376 eli

230 3436 354 3501 »quom
365 3413 559 3495 consoletur,
574 3417 617 3484 ita
628 3439 687 3506 ego
703 3439 828 3507 quoque
839 3440 894 3485 vos
906 3417 1098 3510 consolabor
1108 3419 1134 3484 ⁴.
1150 3418 1257 3492 allate

231 3523 361 3611 quidem
375 3526 417 3592 ad
430 3551 464 3595 se
479 3550 595 3617 pueros
621 3528 752 3595 adducit
773 3551 782 3593 ε
807 3541 840 3594 et
860 3552 918 3595 nos
937 3541 1075 3598 matrem
1095 3531 1257 3618 quaerimus

150 3732 154 3742 f
231 3631 415 3713 Ecclesiam.
433 3638 598 3726 Quidquid
613 3636 719 3728 itaque
730 3649 778 3706 cst
792 3635 993 3707 imbecillum
1006 3652 1040 3705 et
1055 3651 1218 3718 tenerum,
1230 3649 1259 3704 ut

266 3841 362 3896 tuom.
373 3861 422 3906 ιιι,
438 3819 476 3911 ip.
487 3873 518 3884 -
527 3847 538 3880 ²
548 3847 638 3901 Matth.
652 3865 687 3910 ιι,
698 3866 735 3913 ²7·
748 3848 809 3900 Luc.
822 3864 847 3908 ι,
860 3865 899 3898 22.

170 3947 175 3958 ι
266 3914 350 3970 ‘Vide
361 3919 392 3967 D.
403 3917 515 3975 (tuition,
546 3921 621 3979 ,lan

271 3989 350 4042 tissi.
365 4009 429 4053 ιινι,
444 4011 484 4054 ra,
499 3996 536 4044 ιδ.
