2452 4602
243 315 251 324 ,ἱ
311 260 511 316 rnnuooeus,
535 263 597 306 usn.
624 263 672 312 ur.
878 256 882 263 '
945 245 1007 322 doh

9 375 308 450 monuerimus
319 387 427 442 sutem
438 377 605 466 possessio,
614 379 742 444 hentum
754 369 870 444 reddit.
885 378 1008 446 hninsae

9 485 671 576 utenhuetusesthenignoeommuniuutio.
679 487 1005 578 Divitinergosuntin

9 597 100 666 uinta,
110 596 181 664 dum
187 617 258 664 vero
265 599 349 664 hone
358 598 511 687 possideri
520 597 622 664 solum
634 607 766 686 possunt
777 621 795 663 e
806 599 898 664 honis
908 621 917 662 :
928 597 1006 664 honi

9 719 90 772 tutem
110 707 282 774 Christiani.
300 709 405 775 Homo
425 721 534 775 autom
553 708 703 796 insipiens
719 705 769 774 vol
791 708 1005 796 intemperans

9 837 87 903 tepus
99 815 173 881 honi
186 839 310 884 sensum
325 818 451 884 hahere·
464 829 582 908 potest,
598 839 703 906 nequo
717 819 868 906 consequi
883 839 1006 906 posses-
1123 889 1128 896 ,

9 925 121 990 ionem:
134 949 151 992 s
163 925 233 991 soiis
243 949 319 1015 erugo
333 925 521 992 Christianis
533 937 666 1015 possunt
675 928 760 992 hono
771 928 934 1014 possideri.
949 929 1006 994 His

9 1046 89 1100 uteru
96 1035 184 1102 honis
194 1035 269 1101 nihil
279 1047 328 1101 est
339 1036 485 1102 divitius:
498 1035 532 1102 hi
541 1045 615 1102 sunt
623 1057 699 1124 ergo
711 1034 769 1101 soli
778 1037 900 1103 divites.
912 1037 1006 1104 voro

9 1145 69 1211 nius
87 1157 159 1211 sunt
181 1147 306 1222 divitie,
322 1146 455 1232 justitie,
471 1157 504 1210 et
522 1145 639 1233 Logos,
658 1145 712 1232 qui
734 1156 783 1210 est
803 1146 913 1232 quovis
934 1146 1006 1211 the-

9 1277 74 1320 ruro
87 1257 254 1344 pretiosior.
276 1257 356 1336 Quae
372 1256 500 1344 quidem
519 1255 638 1320 diritiae
650 1277 690 1320 ex
700 1256 869 1343 pecoribus
883 1269 914 1321 et
925 1279 1004 1346 prse-

9 1363 46 1430 Ὴι
55 1387 112 1431 nou
121 1378 285 1454 augentur,
297 1367 353 1432 sod
364 1391 382 1432 s
394 1367 461 1433 Deo
473 1367 644 1443 donentur,
673 1367 789 1432 diritiae
804 1389 874 1454 quse
891 1368 1007 1432 suferri

9 1493 50 1538 ton
59 1485 193 1561 possunt,
205 1497 340 1562 quarum
354 1485 403 1538 ost
417 1473 583 1554 thesaurus
598 1473 664 1540 solo
678 1475 795 1550 enimn,
808 1476 963 1564 possessio
974 1475 1004 1540 ei

9 1581 41 1668 pi
58 1580 135 1647 idun
149 1582 433 1671 possidetoptimn,
454 1605 524 1670 quse
538 1581 702 1648 hominem
718 1607 790 1662 ves-e
810 1584 915 1650 reddit
929 1586 1003 1650 hes-

9 1709 64 1754 m.
77 1689 132 1755 Cui
145 1690 229 1757 enim
244 1690 346 1766 adest,
358 1689 438 1756 nihil
458 1713 571 1756 eorum
587 1700 621 1756 ut
634 1703 760 1781 expetnt
772 1715 842 1779 quae
854 1715 918 1758 non
931 1704 1005 1757 sunt

9 1810 127 1864 nnostrs
137 1809 303 1888 potestate,
315 1821 352 1864 es
364 1810 473 1865 autern
484 1822 556 1886 quae
567 1801 698 1887 expetit,
712 1811 749 1864 ut
766 1812 1001 1889 consequetur:

9 1905 227 1998 unumque
243 1920 353 1976 sancte
371 1908 542 1985 desideret,
554 1932 591 1974 eo
603 1930 679 1976 eum
691 1909 813 1997 petits
826 1909 896 1976 Deo
907 1920 943 1974 ut
953 1931 1006 1975 se·

9 2013 86 2102 ipirt,
99 2041 160 2105 quo
179 2017 278 2083 modo
292 2040 358 2084 non
372 2018 398 2082 is
414 2016 526 2094 muita,
544 2017 608 2083 imo
627 2040 701 2082 voro
722 2020 829 2086 omnio
849 2019 1002 2108 possidet,

9 2126 41 2212 pi
56 2125 233 2194 thesaurum
250 2141 420 2204 ueternum,
436 2151 552 2216 nempe
572 2129 689 2204 Deum,
705 2128 825 2196 hahet?
841 2131 1001 2206 «Petenti,

19 2233 126 2322 benit.
140 2239 278 2314 dnhitur,
291 2250 324 2304 et
337 2235 475 2328 pulsanti
485 2237 678 2328 operietur¹.
693 2238 750 2305 »Si
762 2240 847 2305 Deus
858 2239 937 2306 nihii
949 2263 1002 2306 ne·

10 2357 49 2430 pt,
60 2349 211 2436 ejussunt
225 2347 332 2419 omnis
352 2349 405 2436 qui
424 2348 495 2438 pius
512 2360 575 2415 est.

361 2582 511 2652 CAPUT
534 2583 613 2650 vlt.

96 2785 180 2866 Quod
189 2781 342 2861 pulchrum
352 2785 486 2844 othum
501 2781 656 2843 ctutum
669 2780 881 2865 sitjrugalitas.

33 2984 146 3056 Ddieiae
160 2999 361 3075 nutem,quae
374 2987 409 3054 in
422 2983 636 3076 voluptatibus
648 2997 814 3076 reguntur,
823 3008 917 3074 grave
931 2994 1007 3050 sunt

11 3099 153 3166 tninihus
166 3097 378 3186 naufragium.
392 3095 422 3164 A
435 3096 606 3164 reru-enim
620 3096 746 3170 honesti
756 3095 877 3172 studio,
889 3108 922 3162 et
933 3119 1004 3184 quae

11 3204 50 3272 iro
60 3209 139 3274 hono
152 3206 347 3274 conveniunt
363 3203 586 3294 voluptatibus,
598 3203 700 3280 alienu
715 3216 763 3272 est
776 3204 846 3270 huc
862 3205 1004 3293 jucunda

11 3312 124 3384 thudis
146 3339 258 3406 expers
280 3313 456 3382 multorum
477 3313 548 3382 vitu.
572 3315 677 3393 Homo
703 3315 790 3380 enim
815 3326 864 3380 est
890 3325 1003 3384 natura

12 3423 132 3494 nohum
145 3437 178 3494 ot
192 3437 337 3492 ereetum
354 3421 485 3499 enimsi,
500 3435 533 3500 et
547 3425 634 3512 quod
647 3424 713 3491 reri
734 3423 896 3512 quaerendi
917 3423 1003 3492 desi-

12 3533 66 3600 hrio
79 3547 211 3613 tenetur,
224 3545 261 3610 ut
275 3535 330 3625 qui
344 3533 442 3601 Unius
453 3558 533 3624 opus
547 3534 598 3608 sit,
613 3535 658 3606 Eu
674 3544 782 3600 autom
797 3557 868 3620 quse
882 3534 915 3600 in
930 3557 1003 3602 ven-

12 3661 61 3708 um
70 3645 232 3721 inoumhit,
244 3645 315 3735 ejus
326 3645 401 3720 ritu,
414 3643 494 3710 nihil
507 3643 606 3708 hshot
616 3644 753 3730 augusti,
769 3666 844 3708 cum
857 3644 898 3710 sit
909 3643 1017 3733 dignu·

12 3755 156 3838 witrio,
173 3769 206 3824 et
229 3755 327 3834 ioeds,
343 3767 375 3821 et
395 3752 539 3830 ridiculo.
558 3753 586 3820 A
601 3753 705 3818 divine
723 3765 829 3822 autur
843 3755 906 3822 vitu
923 3753 1002 3832 nihil

26 3887 121 3946 ¹ttuu.
130 3911 174 3956 vu,
186 3913 210 3962 7,
223 3895 248 3944 8.
