2614 4628
234 263 294 326 ηδ
366 239 375 268 '
559 279 734 325 cusurtaris
760 279 972 326 ssrxauoams

227 391 369 465 dimitus‚
388 399 420 456 et
434 389 654 478 temperantias
674 386 756 454 loliis
769 387 907 464 cinctus,
923 401 993 455 toto
1005 389 1112 456 animo
1124 392 1270 466 enitere,

227 516 262 569 ut
273 500 436 566 Christum
447 499 596 566 invenias.
609 498 837 590 Namegosum
845 499 991 575 ostium¹‚
1005 500 1107 588 iuquit
1119 501 1270 588 quodam

226 617 259 681 in
274 613 361 684 loco;
388 611 475 699 quod
493 611 622 698 quidem
644 609 832 676 discendum
846 609 884 676 iis
899 621 948 676 ost
963 612 1017 699 qui
1033 612 1075 679 ad
1094 611 1154 678 Dei
1178 615 1270 678 uoti-

226 729 302 793 tiam
314 724 479 815 pervenire
494 723 642 811 cupiunt,
656 733 690 786 ut
706 720 801 788 simul
814 722 975 788 universas
987 721 1145 790 coelorum
1157 735 1270 812 portas

226 837 318 902 nobis
333 835 464 924 aperiat.
483 831 566 898 Sunt
581 831 667 898 enim
678 829 848 896 rationales
859 831 1000 898 Rationis
1011 855 1066 898 seu
1078 833 1180 899 Verbi
1196 857 1272 921 por

227 959 279 1018 tm,
290 957 322 1008 et
333 943 408 1010 fidei
419 940 508 1009 clave
519 940 722 1030 panduntur..
735 966 748 1000 ι
759 939 863 1007 Deum
873 961 969 1008 nemo
981 942 1070 1008 uovit
1079 941 1141 1009 uisi
1151 941 1269 1018 Filius,

227 1085 239 1118 s
256 1070 288 1120 et
303 1056 356 1153 cui
377 1052 513 1120 voluerit
531 1049 630 1117 Filius
650 1049 791 1117 revelare
801 1050 824 1116 ².
847 1079 860 1116 a
877 1052 943 1119 Nec
959 1051 1037 1118 mibi
1051 1051 1190 1118 dubium
1205 1064 1270 1128 est,

227 1164 304 1254 quin
323 1163 351 1228 is
366 1161 421 1250 qui
443 1173 567 1249 portam
588 1160 724 1226 antebac
745 1151 885 1228 clausam
907 1159 1044 1249 aperuit.
1061 1161 1202 1249 postbac
1232 1183 1270 1227 oa

227 1295 297 1361 quae
320 1273 406 1336 intus
433 1269 534 1336 latent
551 1268 715 1346 revelabit,
732 1292 834 1359 eaque
858 1269 950 1335 nobis
975 1270 1122 1336 ostendet
1146 1271 1226 1360 'quae
1251 1294 1269 1336 a

227 1379 354 1448 nemine
370 1400 510 1465 uuquam
525 1376 674 1465 cognosci
690 1362 875 1463 potuerunt,
890 1375 950 1441 uisi
963 1377 1016 1465 qui
1030 1401 1088 1466 per
1099 1377 1268 1462 Christum

227 1492 385 1580 ingressus
400 1487 508 1562 luerit,
524 1507 691 1575 perquem
707 1483 811 1551 solum
825 1485 911 1551 Deus
923 1487 1075 1553 cernitur.

205 1661 210 1674 ,
273 1599 313 1666 ll.
333 1595 437 1664 Nolite
456 1596 552 1685 igitur
573 1594 725 1662 scelerata
746 1595 906 1685 impiaque
926 1595 1019 1685 adyta
1038 1599 1195 1666 curiosius
1211 1625 1268 1666 ex·

228 1706 372 1799 plorare,
398 1728 460 1772 uec
494 1705 727 1794 profundorum
756 1716 922 1771 antrorum
951 1703 1070 1780 hiatus,
1100 1709 1269 1799 prestigiis

227 1817 439 1904 monstrisque
455 1815 579 1905 plenos,
596 1828 651 1882 eut
666 1815 906 1904 Thesprotaeum
929 1813 1081 1892 lebetem,
1093 1830 1144 1884 aut
1158 1819 1270 1906 tripo-

227 1931 301 1995 dem
323 1928 515 2007 Cirrhaeum‚
532 1939 587 1994 aut
602 1950 727 1994 aeueum
742 1925 886 1993 Dodouae
907 1927 1155 2001 tintinnabulum
1176 1952 1184 1994 t
1204 1930 1269 1996 Ge-

228 2041 390 2129 randryon
403 2051 509 2104 autem
524 2036 605 2104 illud
615 2037 747 2104 desertis
763 2035 839 2104 olim
854 2039 887 2103 in
902 2038 1005 2104 arenis
1016 2037 1154 2116 cultum,
1166 2042 1269 2128 quod·

227 2175 290 2240 que
313 2150 433 2216 ibidem
459 2147 681 2216 celebrabatur
707 2146 885 2224 oraculum,
905 2149 970 2237 jam
1001 2171 1076 2238 vero
1103 2173 1180 2216 cum
1202 2151 1268 2240 ipsa

227 2285 348 2351 quercu
372 2283 502 2350 prorsus
529 2260 699 2335 emarcuit,
724 2257 861 2326 raucidis
883 2281 921 2338 ao
941 2271 1096 2326 vetustate
1121 2263 1266 2328 contritis

226 2371 341 2442 fabulis
365 2369 543 2459 relinquite.
566 2370 737 2438 ‘Enimvero
762 2368 847 2434 siluit
867 2370 975 2458 utique
994 2367 1065 2436 sous
1085 2368 1138 2435 ille
1158 2371 1268 2438 Casta·

228 2483 303 2561 lius,
315 2483 402 2549 siluit
416 2481 634 2571 Colophonius
648 2478 743 2554 alter,
752 2490 797 2546 'ac
813 2478 941 2569 reliquas
957 2479 1051 2547 simul
1065 2505 1179 2548 omues
1193 2483 1267 2550 fati·

228 2593 307 2658 dioae
325 2591 418 2658 undae
433 2601 597 2664 aruerunt,
614 2612 693 2677 quas
708 2601 839 2655 ventoso
858 2590 953 2667 fastu,
969 2615 1040 2657 sero
1054 2589 1143 2668 licet,
1161 2593 1266 2682 palam

227 2711 334 2764 tamen
354 2697 522 2785 aliquando
543 2696 690 2787 spoliatas
705 2696 866 2775 viderunt,
884 2713 1092 2792 posteaquam
1115 2701 1180 2770 illae
1204 2707 1266 2772 suis

229 2835 305 2879 cum
321 2807 443 2876 labellis
466 2809 596 2878 omniuo
620 2807 838 2876 diffluxissent.
863 2811 1004 2878 Decanta
1026 2824 1063 2878 tu
1083 2815 1196 2891 nobis,
1212 2839 1267 2905 per

228 2945 280 2990 me
294 2921 383 2996 licet,
401 2918 521 3009 reliqua
542 2919 772 2987 vaticinationis
788 2932 844 2987 aut
858 2920 983 2988 firriosae
998 2923 1104 3013 potius
1118 2925 1265 2992 vanitatis

228 3031 369 3116 oracula,
385 3028 540 3108 Clarium,
553 3030 716 3118 Pythium,
729 3030 897 3119 Didymae,
911 3031 1153 3122 Amphiaraiim,
1171 3033 1265 3124 Apol

228 3144 338 3222 linem,
360 3140 608 3232 Amphilocbum
628 3164 636 3205 ι
659 3141 752 3218 adde,
773 3142 798 3207 si
813 3140 915 3219 lubet,
935 3142 1153 3232 prodigiorum
1170 3145 1266 3210 inter

61 3311 68 3326 .
134 3275 140 3292 ¹
228 3269 346 3344 pretes‚
359 3253 440 3320 addo
452 3275 599 3343 augures,
610 3263 642 3318 et
657 3253 853 3319 somniorum
869 3254 1078 3339 conjectores.
1095 3254 1184 3334 Quin
1197 3277 1267 3344 age-

229 3365 283 3436 sis,
302 3387 339 3429 ao
355 3360 448 3430 simul
464 3385 517 3428 eos
530 3385 639 3428 coram
651 3361 765 3450 Pythio
775 3373 891 3439 statue,
905 3363 960 3450 qui
972 3362 1180 3430 divinationes
1192 3389 1264 3430 suas

229 3469 328 3536 larius
353 3471 512 3538 bordoove
535 3470 717 3559 perficiunt,
740 3471 858 3561 quique
881 3495 898 3537 a
917 3470 1060 3562 plurimis
1086 3475 1264 3542 etiamnum

230 3580 438 3645 observantur
451 3577 676 3668 ventriloquos.
695 3578 768 3646 Jam
782 3604 859 3647 varo
873 3593 906 3648 et
922 3581 1145 3672 AEgyptiorum
1164 3608 1267 3676 pcne-

230 3688 333 3764 tralia,
344 3701 376 3755 et
388 3690 528 3755 manium
539 3692 626 3780 apud
637 3692 809 3759 Hetruscos
824 3694 1062 3762 vaticinationes
1074 3687 1110 3767 iri
1123 3697 1264 3764 tenebris
1286 3699 1290 3706 ’

229 3800 355 3887 jaceant
382 3822 389 3862 ε
414 3821 536 3867 vosouae
554 3802 698 3890 prolecto
718 3801 778 3872 illae
799 3817 872 3872 suut
893 3804 1070 3876 infidelium
1097 3807 1264 3876 bominum

263 3929 352 3978 ¹Joou.
368 3945 392 3986 x,
407 3929 500 3975 ιι.---1
516 3931 604 3979 llattlt.
616 3949 650 3992 xr,
662 3950 701 3996 ²7·
