2478 4594
351 284 544 329 srnouaruu
566 285 628 328 nur.
656 287 697 329 vr.
985 291 1043 356 271

52 410 104 475 2⁰.
115 409 216 477 Verae
229 400 466 504 philosophia
477 409 599 502 origo¹
616 434 624 476 z

47 556 149 637 Quod
164 555 189 622 si
205 556 248 622 ita
264 568 330 633 est,
342 579 381 622 ex
394 552 558 646 disciplina
574 555 713 648 cognitio
727 569 760 622 et
776 557 907 626 scicntia
930 584 938 625 ε
957 562 983 626 si
1001 575 1049 629 est

6 675 113 732 tutem
141 663 323 754 disciplina,
351 689 480 731 necesse
506 677 555 730 est
575 688 716 758 quaerere
742 667 939 756 magistrum.
967 671 1047 738 Nam

6 771 176 839 Cleanthes
199 773 329 860 quidem
353 773 412 839 sibi
435 773 623 864 magistrum
647 774 779 842 ascribit
801 773 984 853 Zenonem,
1015 792 1049 845 et

6 877 243 968 l'heopbrastus
270 877 490 955 Aristotelem,
518 891 552 945 et
577 879 776 946 Metrodorus
804 881 1000 970 Epicurum,
1015 897 1048 950 et

6 983 95 1050 usto
107 986 285 1052 Socratem.
305 983 369 1050 Sed
383 985 442 1049 etsi
458 1007 576 1050 venero
587 983 630 1051 ad
640 983 852 1074 Pythagoram
862 1037 871 1062 ,
883 997 916 1051 et
931 986 1048 1054 Phere-

6 1093 137 1182 rydem,
153 1105 185 1159 et
200 1091 385 1168 Thaletem,
402 1087 566 1181 et‘primos
582 1091 764 1181 Sapientes,
777 1094 916 1159 consisto
932 1119 1046 1161 eorum

6 1224 150 1290 quaerens
166 1200 364 1290 magistrum.
386 1201 427 1266 Et
446 1224 501 1266 seu
518 1199 634 1267 dixeris
652 1199 838 1290 AEgyptios,
856 1225 911 1267 seu
930 1203 1044 1279 Indos,

6 1333 58 1375 teu
75 1307 288 1400 babylonios,
302 1332 358 1375 seu
372 1307 479 1400 Magos
492 1310 598 1399 ipsos,
615 1332 680 1376 non
696 1311 828 1376 cessabo
843 1334 956 1377 eorum
974 1313 1049 1378 doc·

6 1441 111 1484 :orem
123 1419 293 1506 requirere.
307 1418 406 1484 Porro
417 1429 526 1485 autem
539 1429 571 1483 te
583 1442 711 1507 quoque
725 1417 851 1485 deduco
860 1419 1048 1509 adprimum

6 1539 117 1594 ortum
127 1525 316 1605 hominum,
335 1539 368 1594 et
380 1527 467 1594 illinc
482 1528 601 1617 incipio
617 1551 760 1618 quaerere
777 1529 848 1617 quis
868 1528 962 1595 suerit
978 1553 1049 1597 ma-

6 1635 123 1726 gister:
140 1633 245 1702 nullus
261 1637 391 1726 quidem
410 1662 450 1702 ex
470 1635 674 1712 hominibus,
700 1636 846 1702 nondum
860 1638 947 1702 enim
964 1639 1047 1705 didi-

6 1757 126 1813 cerant.
142 1745 206 1812 Sed
225 1769 285 1812 nec
303 1745 412 1834 aliquis
428 1769 468 1811 ex
483 1744 632 1834 Angelis:
654 1767 759 1832 neque
777 1746 864 1811 euim
887 1747 1047 1833 quomodo

6 1853 151 1921 'udicant
167 1853 279 1945 Augeli
292 1866 449 1943 quatenus
462 1851 595 1944 Angeli‚
611 1853 655 1918 ita
669 1852 802 1919 audiunt
815 1852 973 1918 hominos.
992 1854 1051 1920 Ne-

6 1986 64 2050 que
84 1964 172 2029 enim
189 1963 351 2054 quomodo
368 1973 443 2027 sunt
462 1962 554 2026 nobis
572 1983 684 2037 aures,
710 1961 754 2026 ita
775 1972 823 2050 est
844 1959 904 2025 illis
922 1959 1048 2052 lingua:

6 2093 108 2160 reque
131 2073 342 2138 instrumenta
365 2071 452 2136 vocis
468 2069 540 2158 quis
558 2068 682 2134 dederit
706 2065 854 2156 Angelis,
872 2065 979 2146 labra,
1000 2071 1050 2134 in-

6 2201 121 2268 quam,
138 2191 171 2244 et
187 2201 257 2267 quae
274 2178 363 2267 juxta
382 2201 419 2243 ea
435 2177 494 2241 sita
509 2189 603 2250 sunt,
621 2187 654 2240 et
676 2187 805 2263 guttur,
830 2187 863 2239 et
882 2177 1048 2255 arteriam,

6 2299 29 2354 rt
44 2289 189 2364 viscera,
202 2299 234 2352 et
247 2287 411 2375 spiritum,
427 2297 459 2350 et
470 2291 575 2351 aerem
592 2285 645 2373 qui
661 2282 814 2374 pulsatur.
837 2284 973 2386 Multum
997 2313 1050 2354 au-

6 2419 68 2464 em
87 2397 179 2461 abest
191 2407 225 2458 ut
235 2393 322 2459 Deus
338 2394 463 2459 insonet
478 2393 646 2459 sanctitate
662 2415 732 2481 quae
748 2392 827 2458 adiri
843 2417 908 2458 non
928 2406 1048 2481 potest,

6 2505 56 2596 qui
75 2503 146 2591 ipse
162 2525 287 2591 quoque
302 2513 465 2591 separatus
491 2513 539 2566 est
566 2503 606 2568 ab
630 2499 848 2592 Archangelis.
878 2499 951 2568 Jam
975 2527 1049 2569 vcro

6 2605 145 2697 Angelos
162 2631 291 2695 quoquc
311 2606 493 2697 accepimus
511 2605 657 2671 didicisse
672 2606 857 2682 veritatem,
882 2617 914 2670 at
935 2607 989 2694 qui
1004 2608 1049 2673 eis

6 2727 147 2806 uaesunt
157 2716 373 2806 principatus:
392 2727 499 2781 ortum
518 2715 604 2780 euim
620 2713 773 2780 habuere.
799 2713 908 2781 Restat
919 2738 997 2805 ergo
1014 2730 1049 2782 ut

6 2843 58 2888 ros
84 2843 214 2907 quoque
232 2819 438 2886 ascendentes
455 2842 601 2908 ‚eorum
626 2818 841 2884 desideremus
866 2821 1043 2887 doctorem.

6 2929 166 3012 Quoniam
183 2941 288 2996 autem
303 2953 402 2996 uuum
423 2942 470 2994 est
489 2929 684 3018 ingenitum,
709 2951 825 3017 nempe
841 2930 927 2994 Dens
940 2932 1048 2995 omni-

6 3051 135 3127 potens,
159 3063 260 3105 unum
282 3051 330 3104 est
353 3039 448 3104 etiarn
470 3037 696 3127 praegenitum‚
716 3061 801 3126 aper
829 3038 916 3126 quod
938 3039 1047 3104 omnia

6 3147 106 3213 nacta
124 3159 221 3224 suut,
246 3160 279 3212 et
295 3148 363 3213 sine
382 3147 450 3236 ipso
467 3145 650 3212 factumest
673 3143 762 3210 nihil.
787 3144 873 3210 Unus
885 3147 982 3210 'enim
998 3159 1046 3211 est
1060 3135 1064 3145 ¹

6 3277 132 3321 »revera
145 3256 249 3332 Deus,
267 3257 322 3345 qui
338 3255 413 3322 lecit
429 3255 619 3345 principiam
634 3251 907 3329 universorum²,»
922 3254 1045 3343 signifi-

6 3387 76 3432 >ens
96 3365 344 3454 primogenitum
364 3362 488 3440 lilium,
505 3363 616 3432 scribit
630 3361 762 3438 Petrus,
777 3360 930 3452 praeclare
946 3362 1043 3429 intel-

6 3471 210 3563 igensillud:
233 3475 290 3540 «ln
303 3473 461 3564 principio
477 3472 550 3538 lecit
562 3472 647 3552 Deus
657 3469 774 3536 coelum
786 3470 997 3537 etterram⁸.s
1013 3473 1043 3538 ls

6 3591 110 3644 autem
127 3579 286 3644 dictusest
298 3579 457 3667 Sapientia
472 3574 844 3665 abomnibusProphetis
856 3627 865 3651 ,
877 3575 903 3641 is
918 3589 965 3642 est
976 3600 1043 3643 ma-

6 3685 98 3774 gister
113 3685 258 3750 omnium
273 3709 344 3773 quae
360 3696 429 3750 orta
446 3695 537 3759 sunt,
552 3682 612 3748 Dei
628 3679 826 3748 consiliarius
844 3682 899 3770 qui
913 3683 1042 3771 praesci-

39 3831 48 3857 ¹
67 3837 125 3899 Pag.
138 3835 189 3902 769
202 3848 226 3884 er
237 3852 305 3901 seqq.

37 3923 168 3987 'Joan.r,
186 3923 270 3974 3.-¹
283 3927 337 3973 Gen
357 3941 381 3986 1,
397 3939 419 3974 r.
