2522 4608
313 329 513 408 ruaacocas,
537 329 598 372 arn.
626 329 678 370 us
929 305 1006 383 aa·

17 431 121 538 quidem
133 445 297 536 refrigerat,
313 446 383 512 haec
398 467 473 512 vero
490 446 629 512 incendit
645 457 678 512 et
694 445 880 512 inllannnat.
896 443 937 510 Ut
950 468 1013 509 uno

16 571 101 624 auem
119 560 207 624 rerba
228 555 479 646 absolvam,qui
497 569 612 647 praeter
626 569 790 646 aspectum
810 578 885 621 usus
900 577 1014 619 eorum

13 669 169 758 percipitur,
184 667 354 757 petulantia
369 679 417 741 est
432 679 464 733 et
483 667 595 745 libido,
616 693 680 735 uon
701 679 808 734 autem
830 664 1019 732 delectatio..
1103 741 1107 750 Ι

13 777 147 844 Oblectati
161 789 262 844 autem
277 802 335 844 nos
351 779 483 846 honeste
498 791 626 868 oportet
639 789 790 866 tanquam
805 777 839 843 in
853 776 1011 866 paradiso,

13 879 178 976 Scriptorum
194 911 265 956 vere
277 883 445 977 soquentes
460 911 467 954 :
483 888 623 955 mulieris
635 887 764 977 quidem
775 909 896 954 corona
907 886 955 952 vir
964 898 1014 951 est

12 997 218 1076 existimandus,
230 999 288 1064 viri
305 1012 412 1065 autem
426 1000 677 1075 matrimonium,
694 998 887 1065 matrimonii
906 1009 1018 1064 autem

11 1106 87 1174 flores
107 1109 263 1176 amborum
283 1108 390 1186 liberi,
410 1134 489 1200 quos
506 1110 636 1199 quidem
654 1109 830 1177 carnalium
847 1121 1019 1199 pratorum,

12 1217 111 1284 divium
124 1217 237 1309 colligit
251 1217 398 1308 agricola}
418 1247 431 1280 ι
447 1219 568 1286 Senum
583 1233 689 1286 nutem
705 1243 831 1286 ceronae
847 1232 920 1286 sunt
934 1218 1014 1284 lilio-
1118 1227 1130 1252 0

13 1349 92 1392 »ram
104 1327 151 1393 lilii
163 1351 171 1392 ε
184 1327 255 1394 liliis
270 1342 379 1395 autem
391 1327 502 1418 gloria,
517 1331 640 1416 iuquit,
653 1343 727 1396 suut
738 1328 862 1419 patres¹
876 1351 885 1393 ε
900 1328 1017 1394 euobis

14 1444 97 1498 auen
118 1434 202 1500 Pater
224 1438 463 1512 universorum,
490 1449 524 1502 et
546 1439 696 1504 uuiversae
720 1437 869 1505 Ecclesiae
895 1461 1019 1506 corona,

15 1539 131 1610 Cbristus
144 1557 197 1612 est.
217 1546 499 1626 Quemadmodum
513 1560 621 1613 autem
641 1549 763 1615 radices
780 1561 813 1614 et
832 1548 953 1624 berbae,
969 1549 1017 1614 ita

12 1653 87 1718 etiam
100 1653 184 1721 llores
198 1658 342 1746 proprias
357 1658 477 1724 hahent
492 1658 675 1746 qualitatem
690 1673 722 1726 et
737 1659 794 1726 has
810 1659 939 1747 quidem
955 1660 1020 1724 nti-·

10 1761 55 1838 lea,
69 1763 129 1830 illas
142 1788 210 1831 roro
230 1769 354 1844 noxias,
371 1765 447 1832 alias
462 1779 568 1834 autem
584 1767 787 1857 periculosus.
811 1757 935 1832 Hedera
953 1769 1017 1832 itas

9 1895 59 1960 qua
71 1875 219 1964 refrigerat
234 1901 244 1942 ι
261 1901 328 1942 nux
343 1887 452 1942 autem
466 1876 582 1943 emittit
604 1877 750 1966 spiritum
773 1877 828 1968 qui
851 1887 1017 1966 torperem

9 1983 142 2062 immittit,
155 1997 186 2052 ut
200 1985 250 2053 vel
268 1987 336 2077 ipsa
352 1985 490 2053 ostendit
505 1986 644 2053 nominis
663 1985 864 2076 etymologia.
884 1985 1013 2054 Narcis-

8 2117 57 2160 sus
69 2118 135 2162 vero
149 2095 197 2164 llos
217 2109 266 2165 est
282 2099 385 2188 grauis
407 2097 514 2164 odoris
543 2121 552 2162 τ
576 2098 610 2163 id
628 2109 737 2163 autem
751 2098 854 2187 arguit
875 2097 1012 2166 nominis

6 2202 162 2292 appellatio,
175 2220 207 2273 ut
221 2209 276 2298 qui
292 2208 397 2275 neruis
413 2215 520 2290 νάρκην,
534 2208 597 2274 huc
611 2220 673 2284 est,
690 2223 867 2296 torperem,
888 2207 1010 2276 afferat.

4 2311 140 2382 &aarum
152 2330 258 2391 autem
278 2331 311 2385 et
333 2317 488 2385 violarum
509 2319 562 2406 qui
578 2319 768 2384 emittuntur
788 2318 916 2391 odores.
939 2341 1013 2384 cum

3 2421 58 2486 sint
73 2426 181 2492 modice
194 2427 314 2518 frigidi,
329 2428 515 2518 gravedines
528 2429 640 2519 eapitis
652 2429 868 2518 comprimunt
879 2439 911 2494 et
926 2433 1016 2494 coar-

2 2545 72 2600 eaat.
88 2535 178 2604 Nubis
192 2549 299 2604 autem
320 2537 411 2605 nullo
433 2538 531 2606 mode
552 2565 617 2608 uon
635 2539 744 2608 solum·
762 2563 825 2606 una
848 2539 1010 2614 inebriari,

2 2643 89 2710 tedae
101 2646 171 2714 uine
180 2648 312 2738 quidem
327 2648 453 2740 impleri
467 2651 657 2739 permissum
672 2663 729 2718 est.
747 2651 932 2732 Quinetiam
944 2673 1012 2716 cro-

2 2767 83 2820 ruset
94 2755 149 2823 llos
160 2756 281 2847 ligustri
299 2759 331 2824 in
346 2781 493 2826 somnum
508 2761 639 2826 minime
651 2760 820 2828 molestum
832 2762 1012 2830 deducunt..

2 2857 79 2930 Porro
98 2879 202 2932 autem
216 2867 317 2934 multa
334 2892 373 2934 ex
388 2868 425 2934 iis
444 2871 612 2936 cerebrum
634 2871 721 2960 qnod
735 2885 782 2938 est
797 2885 910 2940 natura
925 2873 1010 2962 stigi-

2 2971 72 3052 dum,
88 2979 147 3044 suis
162 2977 270 3044 forent
285 2979 449 3059 odoribus,
467 2979 544 3046 dum
560 2994 760 3049 excrementa
775 2983 898 3049 cerebri
912 2985 1011 3048 subtis

2 3079 60 3149 ton
72 3087 219 3155 efficiunt.
238 3089 323 3156 Hinc
340 3091 437 3157 ctiam
458 3091 569 3158 dicunt
583 3073 688 3159 rosum
706 3117 808 3182 graeca
823 3097 903 3174 ῥόδον
914 3091 1010 3160 fuisse

2 3197 182 3276 luminatum,
202 3201 289 3288 quod
303 3200 410 3267 odoris
425 3201 548 3270 fluxum
566 3204 682 3269 emittit
697 3204 870 3292 ingentem,
888 3215 922 3268 ct
937 3202 1010 3270 idco

2 3304 47 3372 tito
61 3311 231 3376 marcescit.
252 3311 411 3378 Ceterum
432 3335 492 3380 nec
509 3314 595 3404 apud
614 3315 760 3402 antiquos
775 3313 905 3401 quidem
920 3312 1010 3377 Grae-

2 3435 41 3479 eos
53 3416 106 3484 init
120 3418 201 3485 nllus
217 3419 325 3487 adhuc
344 3444 534 3488 coronarum
557 3445 631 3488 usus
648 3446 657 3488 z
675 3445 780 3510 nequa
797 3419 884 3488 cuim
906 3422 1008 3509 proci,

2 3545 45 3590 tec
58 3527 106 3614 qui
119 3526 313 3595 luxuriosam
330 3530 425 3598 vitam
445 3533 593 3619 agebant,
609 3531 771 3606 Phaeaces,
791 3531 835 3595 cis
856 3530 903 3595 usi
917 3543 1005 3596 suut.

2 3631 253 3706 bacnominibus
268 3653 389 3718 autem,
413 3642 516 3731 primo
531 3643 651 3708 denum
671 3639 797 3707 athletis
818 3640 926 3706 datum
947 3653 1009 3719 est,

2 3749 239 3816 mutuantem
263 3750 392 3841 plausus
407 3765 440 3819 et
462 3753 623 3829 excitatio,
647 3752 740 3817 tertio
762 3750 910 3818 loliorum
929 3777 1008 3820 con-

2 3853 87 3936 cutio,
99 3858 209 3928 ultimo
221 3872 329 3930 autem
344 3861 405 3929 fuit
416 3852 546 3941 mroua,
560 3887 635 3932 eum
647 3863 766 3932 Graecia
780 3876 851 3954 post
867 3876 1008 3954 tempora

21 3989 106 4044 'Pron
118 4011 182 4056 utar,
191 3996 216 4045 6.
