2532 4608
165 253 229 330 554
304 259 306 267 ’
393 209 398 224 .
476 269 652 314 ιιιιιιιιιτιι
676 267 892 314 remeantur

164 395 301 464 maxime
314 391 449 482 regalem
461 391 584 460 culum
594 391 825 459 amenitatem
839 391 1019 468 exhibent,
1034 390 1091 478 qui
1105 389 1142 455 lit
1152 412 1206 479 per

165 505 252 592 piam
266 513 407 570 mentem
418 511 451 566 et
464 501 689 589 cognitionem.
703 501 760 566 Est
771 522 848 588 ergo
864 499 974 564 omnis
985 496 1208 587 quoquelocns

166 633 241 677 vere
262 631 371 702 sacer,
389 619 423 674 et
446 607 543 674 etiam
564 629 659 674 omne
683 619 810 695 tempus
826 607 861 672 in
883 629 953 693 quo
977 606 1092 672 Deum
1115 618 1209 670 mente

168 713 374 804 concipimus.
394 711 532 793 Quando
548 723 654 778 autem
677 712 703 777 is
722 713 815 799 cujus
827 723 879 776 est
892 713 984 776 bona
1006 733 1124 786 mens,
1148 735 1208 800 gra-

167 837 282 911 tusque
299 822 442 897 animus,
455 821 535 910 petit
546 843 604 910 per
622 820 800 886 orationem
810 868 820 896 ,
832 818 1091 908 quodammodo
1106 818 1208 906 ipsesd

168 929 386 1019 acceptionem
405 926 526 1016 aliquid
540 927 682 1002 confert,
698 950 737 992 eo
756 927 846 1014 quod
859 950 901 992 ex
923 927 1121 1016 precatione
1134 951 1207 1016 appu

168 1050 253 1113 reat,
269 1059 345 1103 eum
360 1033 498 1105 libenter
514 1036 659 1125 accipere
674 1034 761 1123 quod
775 1033 955 1101 desiderat.
978 1035 1127 1115 Quando
1138 1035 1203 1101 enin

167 1157 309 1212 nostram
325 1144 570 1234 propensionem
584 1143 743 1232 acceperit
754 1143 780 1209 is
794 1143 852 1232 qui
868 1155 920 1208 est
933 1143 1038 1209 dator
1052 1145 1201 1218 honorant,

169 1254 237 1343 ejus
251 1252 494 1343 conceptionem
510 1252 616 1318 omnia
635 1249 729 1318 simul
744 1253 827 1318 bona
843 1264 1114 1339 consequuntur.
1130 1253 1199 1317 Cute

169 1385 226 1452 per
242 1362 419 1428 orationem
430 1360 650 1426 examinantur
660 1381 785 1436 mores,
798 1359 973 1447 quomodo
986 1383 1026 1426 se
1035 1357 1196 1426 habeantal

171 1469 323 1536 officium.
339 1469 372 1536 Si
388 1481 495 1534 autem
509 1490 569 1533 vox
588 1479 621 1534 et
633 1465 755 1554 loquela
773 1467 867 1533 nobis
880 1467 961 1534 data
983 1479 1040 1534 est
1058 1481 1092 1532 nt
1105 1492 1151 1534 nes
1162 1469 1195 1534 ir

172 1579 275 1644 vicem
287 1575 515 1666 intelligamus,
528 1576 692 1664 quomodo
700 1574 873 1664 nouipsam
882 1575 1040 1642 animam
1048 1588 1188 1641 dmentem

172 1683 258 1750 Deus
269 1682 414 1757 exaudit,
430 1702 506 1748 cum
517 1681 582 1769 jam
594 1691 680 1746 certe
693 1678 976 1756 animaanimam,
995 1692 1033 1746 et
1044 1702 1183 1746 musmo

173 1803 239 1856 tem
254 1789 423 1856 exaudiet?
445 1787 535 1854 Unde
558 1787 707 1877 loquaces
722 1787 807 1854 Deus
821 1785 954 1876 linguas
980 1812 1050 1854 non
1064 1799 1183 1876 expectat.

173 1911 210 1966 ιιι
224 1897 394 1964 hominum
408 1897 615 1985 interpretes,
632 1893 688 1960 sed
706 1895 870 1984 cognoscit
884 1895 1061 1972 omnium,
1076 1909 1106 1960 nt
1118 1892 1192 1960 seusei

173 2007 296 2083 dimm,
312 2015 451 2076 mentem
466 2015 499 2068 et
510 2002 598 2092 quod
608 2002 700 2068 nobis
716 2001 975 2091 consignificat,
990 2003 1059 2070 hoc
1070 2004 1193 2069 neone

174 2127 222 2180 tro
238 2111 379 2200 loquitur
392 2109 562 2200 cogitatio,
579 2133 676 2198 quam
687 2109 787 2175 etiam
796 2120 870 2174 ante
886 2111 1091 2177 creationem
1100 2111 1195 2176 sciehat

173 2245 241 2288 esse
262 2231 430 2286 venturam
446 2218 479 2284 in
502 2229 654 2284 mentem.
676 2217 764 2284 Licet
784 2240 861 2307 ergo
883 2218 989 2284 etiam
1006 2221 1120 2308 absque
1139 2239 1196 2284 rect

173 2326 321 2393 emittere
346 2324 550 2399 orationem,
571 2321 670 2389 modo
685 2322 754 2411 quis
773 2322 934 2411 quidquid
958 2336 1011 2389 est
1034 2325 1197 2390 intrinsecos

173 2431 331 2524 spiritale,
348 2430 491 2499 intendat
506 2431 539 2496 in
555 2453 753 2519 vocemque
766 2442 875 2497 mente
891 2433 1093 2522 percipitur,
1106 2431 1195 2520 perir-

173 2540 329 2608 divulsam
359 2541 401 2608 ad
423 2540 528 2606 Deum
558 2538 808 2618 conversionem.
834 2540 1007 2619 Quoniam
1036 2553 1129 2608 autern
1144 2538 1191 2602 diri

173 2647 287 2716 natalis
301 2648 406 2737 imago
422 2658 470 2712 est
483 2645 620 2722 Oriens,
642 2655 736 2733 atque
759 2643 845 2712 illinc
868 2669 1009 2738 quoque
1025 2648 1074 2714 lm
1084 2658 1192 2734 angen·
1264 2725 1265 2738 p

175 2779 246 2848 quae
268 2755 407 2844 primum
428 2751 531 2819 illuxit
551 2777 590 2819 ex
611 2753 768 2830 tenebris,
788 2754 890 2842 iisque
910 2757 972 2844 qui
993 2753 1197 2823 volutantnrin

175 2863 371 2954 ignoratione
385 2871 513 2928 exortus
529 2873 577 2928 est
596 2861 661 2927 dies
682 2860 867 2950 cognitionis
888 2865 1059 2942 veritatis,
1074 2859 1199 2953 med

175 2971 307 3064 modum
320 2968 365 3036 sol
377 2970 490 3046 oritur,
503 2969 575 3034 ideo
589 2968 629 3034 ad
645 2980 750 3034 ortum
767 2969 967 3036 matutinum
979 2971 1137 3038 habentur
1145 2991 1199 3058 pre

175 3101 240 3146 ces.
266 3079 356 3144 Unde
375 3077 472 3143 etiam
492 3074 686 3164 templorum
706 3076 926 3166 antiquissima
947 3075 1204 3168 respiciebantad

177 3187 409 3263 Occidentem,
431 3198 467 3250 ut
487 3185 548 3272 qui,
562 3182 652 3251 vultu
680 3185 825 3283 stantud
849 3185 1026 3256 simulacra
1050 3209 1205 3260 concern,

177 3296 353 3388 doceantur
371 3294 451 3360 verti
472 3293 512 3360 ud
531 3292 707 3358 Orientem.
727 3319 740 3354 ι
756 3293 922 3386 Dirigatur
940 3297 1047 3363 oratio
1070 3319 1140 3362 mea
1155 3308 1206 3360 tau

181 3427 298 3492 »quum
310 3403 473 3468 incensum
491 3401 523 3466 in
533 3412 710 3490 conspectu
726 3412 782 3468 tuo
797 3425 805 3466 ι
820 3400 957 3469 elevatio
970 3428 1125 3470 manuum
1140 3425 1207 3468 mee

178 3534 273 3577 »rum
288 3491 771 3597 sucrificiumvoepeminm-⁴,›
794 3509 885 3575 aiunt
894 3510 1033 3590 Psalmi.
1056 3510 1208 3594 Scelerati⁴

177 3637 253 3704 ergo
268 3613 449 3681 hominibus
462 3613 582 3689 oratio,
599 3636 662 3679 non
678 3611 782 3679 selum
793 3611 880 3690 aliis,
896 3615 957 3682 sed
974 3618 1073 3685 etiam
1086 3617 1208 3693 sibimet·

178 3719 252 3824 ipsis
271 3733 320 3788 est
340 3720 603 3822 perniciosissima
619 3710 631 3796 ’,ε
654 3721 811 3811 siquidem
829 3723 958 3791 etiamsi
974 3749 1014 3795 ac
1033 3749 1105 3815 qua
1123 3713 1208 3822 irum

101 3915 104 3920 -
186 3867 423 3936 l':¹⁰.¹¹l·⁰¹'¹·¹,'²·
465 3921 501 3934 ,.
548 3893 585 3930 ι’·
