2522 4608
215 251 279 318 506
530 274 702 321 cssusnrrs
726 273 936 320 rtnxsnnsrnr

215 393 315 484 possit
334 391 470 460 efficere.
493 390 631 482 Vespere
651 405 772 468 autem,
790 405 932 482 ternpore
952 413 1053 458 coeue
1068 375 1224 462 rino‘rtsr·

216 503 293 572 dum
309 516 357 574 est
374 527 383 570 ι
402 502 532 592 quondo
546 504 658 570 sobriis
672 527 711 570 ac
726 505 814 570 scriis
830 502 1019 570 lectionibus
1038 526 1104 570 non
1116 503 1224 594 amplior

216 637 345 704 operam
363 613 487 684 damus.
503 613 595 682 Tunc
608 627 642 682 et
656 614 799 704 frigidior
812 613 849 680 lit
868 621 923 682 adr
935 614 1097 690 ambiens,
1111 627 1149 680 ut
1156 615 1224 681 intre-

216 725 314 792 ducto
333 723 438 801 calare
459 723 613 792 fovendus
634 724 675 790 sit
696 735 789 814 tepor
809 724 950 800 innatus,
968 723 1024 814 qui
1044 723 1165 792 delicit.
1182 725 1226 790 sot

215 834 268 902 hic
283 857 411 922 quoque
433 833 507 899 vino
525 845 573 902 est
591 833 705 922 exiguo
725 831 881 900 utendum
898 855 906 899 ε
923 856 1028 922 neque
1044 833 1139 900 enim
1154 858 1225 922 usqua

215 944 255 1010 ad
271 941 472 1014 contumeliae
484 955 622 1010 crateres
637 941 855 1008 accedendum
871 954 930 1008 cst.
946 943 986 1008 lis
1000 953 1114 1008 eutem
1127 941 1226 1032 qrrijan

216 1066 289 1122 sunt
315 1053 520 1144 provectioris
542 1054 658 1129 aetatis,
677 1051 807 1119 hilarius
833 1065 912 1144 potu
934 1055 979 1119 uti
1001 1053 1225 1143 permittendum

214 1175 276 1239 est,
291 1175 328 1228 ut
340 1161 487 1253 frigidum
501 1175 640 1239 aetatem,
657 1186 726 1251 quas
742 1175 886 1252 tempore
901 1163 1226 1252 quodammodoennr·

215 1276 295 1351 cuit,
311 1273 382 1340 vitis
397 1273 630 1340 medicamento
641 1271 720 1339 citro
735 1295 854 1338 noxam
866 1273 1029 1339 suscitent.
1044 1273 1158 1362 Neque
1166 1273 1225 1339 cun

215 1384 377 1451 seniorum
404 1383 612 1474 appetitiones
637 1383 721 1449 circo
742 1382 904 1450 ebrietatis
926 1383 1227 1474 naufragisampto

216 1493 372 1562 fluctuare
387 1491 499 1560 solent.
518 1491 652 1560 Rstiorie
665 1493 752 1559 enim
768 1515 806 1560 ac
825 1504 983 1582 tempore,
998 1492 1104 1561 veluti
1125 1496 1224 1583 quibus·

217 1603 291 1670 dam
306 1602 469 1696 anchoris,
482 1602 516 1668 in
529 1612 623 1691 portu
634 1601 771 1679 fundati,
787 1603 999 1692 cupiditatum
1014 1617 1224 1694 tempestatem,

216 1738 287 1805 quae
304 1737 344 1781 ex
364 1713 517 1782 ebrietate
539 1714 705 1788 excitatur,
723 1713 830 1779 feramt
848 1713 972 1782 facilius
990 1739 998 1781 ε
1016 1716 1142 1804 quibus
1157 1715 1224 1780 edm

217 1827 250 1894 iu
264 1823 415 1894 conviviis
429 1821 506 1890 lieet
516 1822 634 1922 pquuid
645 1827 767 1892 urbane
784 1823 891 1891 dicere
905 1845 944 1892 sc
960 1824 1081 1916 lepide.
1097 1825 1224 1894 cuono

217 1937 254 2006 iis
270 1959 399 2027 quoque
413 1936 453 2003 sit
466 1934 638 2025 potationis
655 1957 798 2024 corrsque
814 1934 984 2013 terminus,
999 1934 1083 2001 dum
1098 1949 1135 2002 et
1146 1933 1223 2002 ilbbc·

217 2047 366 2116 sectatam
387 2047 556 2124 rationem,
574 2058 608 2112 et
632 2066 691 2112 suo
712 2045 818 2114 officio
844 2045 1030 2135 fungentem
1049 2046 1225 2120 memorien,

214 2181 395 2248 corpusque
417 2158 491 2225 vino
514 2157 683 2223 immotum
710 2169 744 2222 et
772 2156 1002 2238 inconcussum
1028 2169 1225 2226 censer-rent:

219 2280 400 2360 ἀκροθώρακα,
415 2266 479 2334 hoc
493 2278 553 2345 cst,
570 2267 624 2356 qui
641 2288 736 2333 suum
747 2281 859 2361 pertus
870 2267 944 2334 vino
961 2266 1133 2357 insigniter
1146 2289 1226 2332 arro

94 2469 97 2476 Ι
218 2379 282 2454 eit,
301 2389 417 2445 vocant
432 2377 486 2466 qui
501 2377 704 2444 sunthorum
719 2398 828 2441 rerum
839 2376 943 2466 periti.
966 2375 1080 2442 Melius
1102 2390 1149 2444 est
1163 2399 1227 2465 orgo,

218 2513 259 2557 ne
273 2488 401 2565 labaris,
417 2499 509 2554 antea
526 2487 680 2554 desinere.
693 2485 839 2553 Artorius
858 2499 966 2572 autem
978 2487 1114 2576 quidam
1124 2489 1155 2556 in
1171 2485 1227 2553 tto

216 2599 264 2666 De
279 2598 371 2688 longa
390 2598 452 2664 sita
479 2597 544 2684 (sic
565 2597 652 2664 enim
675 2597 901 2687 commemini)
925 2599 1088 2666 existimat
1109 2609 1228 2689 eportet

214 2731 356 2797 cousque
367 2720 478 2796 potum
489 2705 692 2774 solummodo
704 2711 859 2806 praebere,
875 2707 979 2776 donec
990 2709 1054 2776 cibi
1067 2709 1230 2776 homoou-

216 2831 283 2895 tur,
299 2830 334 2884 ut
348 2817 440 2884 nobis
457 2816 551 2884 vitam
566 2840 714 2907 paremus
730 2817 917 2908 longiorem.
936 2817 1096 2885 Convenit
1112 2823 1229 2908 ergnrt

220 2931 328 2996 sinum
343 2926 395 2993 alii
410 2925 540 3014 quidem
556 2924 629 2994 loco
645 2925 811 2994 medicinas
825 2939 956 3017 propter
967 2925 1071 2996 solam
1089 2929 1231 2996 sanitates

217 3035 404 3108 adhibeant;
427 3031 478 3100 alii
497 3057 586 3111 vero,
605 3045 643 3101 ut
660 3058 694 3100 se
711 3032 853 3101 relaxent
871 3047 904 3100 et
929 3034 1116 3102 exhilarent.
1135 3034 1253 3123 virm

215 3147 303 3216 euim
315 3145 455 3236 primum
471 3144 601 3232 quidem
618 3144 693 3211 facit
708 3165 782 3210 eum
794 3145 848 3232 qui
861 3145 941 3212 bibit
952 3168 1023 3212 esse
1034 3147 1094 3212 sibi
1109 3147 1167 3236 ipsi
1180 3143 1235 3234 plor

214 3279 312 3345 quam
326 3267 418 3322 anteo
430 3277 571 3344 aequum,
584 3265 616 3320 et
635 3254 774 3322 convivis
791 3277 936 3332 suavem,
952 3267 986 3320 et
1002 3255 1128 3322 famulis
1146 3255 1234 3322 mitio

215 3391 296 3441 rem.
314 3379 347 3436 et
365 3365 475 3434 amicis
493 3363 717 3455 jucundiorem
737 3387 745 3429 ι
765 3363 959 3432 contumelia
979 3377 1088 3432 autern
1104 3365 1237 3440 affectes.

214 3477 354 3570 perpuri
377 3475 483 3543 refert.
504 3472 622 3542 Vinum
644 3474 744 3550 enim,
761 3496 836 3542 cum
855 3475 895 3540 sit
910 3473 1063 3553 calidum,
1083 3487 1113 3540 ot
1134 3475 1236 3541 nstra

215 3607 325 3652 suares
336 3607 462 3659 succos,
474 3583 639 3650 moderate
651 3593 876 3674 temperatum,
889 3585 994 3674 turpia
1008 3585 1133 3674 quidem
1145 3603 1241 3650 exere·

214 3705 323 3764 menta
344 3692 506 3784 liquefacit
526 3690 700 3771 caliditate,
724 3715 813 3762 acres
833 3706 942 3762 autem
964 3708 997 3762 ct
1019 3693 1115 3761 malos
1138 3713 1241 3761 socors

214 3809 301 3874 bono
315 3804 413 3872 odore
428 3816 658 3895 contemperat.
674 3802 757 3874 Illud
768 3829 845 3896 orgo
856 3807 940 3872 bene
954 3804 1076 3873 dictum
1086 3817 1152 3872 est:
1165 3804 1237 3868 «Ea-

213 3915 354 3982 rultatlo
370 3916 482 3982 enimse
501 3927 534 3981 ct
552 3915 669 3992 cordis,
683 3915 791 3982 vinum
811 3929 954 3982 creatum
975 3929 1024 3982 cst
1040 3915 1078 3980 ab
1097 3909 1237 3988 mitiori
