2412 4596
508 263 685 310 clausuris
711 261 922 306 dttxltttttttttt

290 388 407 458 linitur,
426 394 471 444 est
481 385 587 453 enixe,
602 386 627 443 si
641 381 743 443 stolidi
758 383 853 454 sieut,

297 486 442 555 dffliutor,
457 482 604 544 intuendo
618 481 700 560 quod
713 499 800 543 servo
813 482 928 552 melos,

290 589 453 662 Bonosque
468 583 574 665 perdo.
585 584 618 642 Si
630 581 726 642 bouus
738 600 844 655 servo,
858 593 961 640 tumen

288 683 361 746 Mihi
376 681 530 742 misellum
545 701 598 743 eor
607 683 717 741 timore
730 682 864 760 liquitur.

290 782 372 859 Quid
386 783 436 843 hio
448 783 520 842 boni
535 801 608 861 ergo
623 782 690 841 est?
706 784 826 841 unicum
842 799 945 842 onuoo
961 779 1061 840 suffieit

291 885 454 944 Effuudere
469 887 622 957 animem,
639 885 697 942 nisi
709 885 853 942 crucieris
864 880 1012 962 emplius?
1118 935 1125 951 ,

191 1041 231 1106 Et
250 1038 356 1106 adhue
367 1036 534 1106 simililer:

292 1228 300 1243 .
327 1229 333 1242 .
361 1226 368 1241 .
395 1227 403 1242 .
421 1184 513 1243 Vetus
527 1193 585 1243 etot
598 1181 671 1242 mihi
684 1184 860 1264 persuasio,

299 1285 438 1344 Plentere
454 1283 532 1344 lilius
547 1303 702 1360 nunquam
716 1282 871 1343 homiuem
885 1285 1036 1363 oportuit,

300 1387 379 1444 Dum
396 1385 492 1443 ceruit
505 1383 544 1442 ed
554 1395 627 1462 quot
640 1385 792 1462 gignimus
804 1394 889 1442 nelos
901 1385 992 1443 melu.

200 1537 239 1604 lo
252 1533 303 1600 his
318 1545 443 1609 autem,
459 1553 530 1620 quoe
551 1531 699 1620 deinceps
714 1542 908 1620 sequuntur,
928 1529 1075 1598 malorum
1091 1551 1168 1618 quoqu

197 1665 326 1712 eausam
341 1641 504 1707 evidenter
517 1640 640 1707 reducit
653 1641 694 1708 ud
706 1640 880 1729 principia,
895 1641 943 1706 sie
958 1641 1059 1708 dicens
1072 1663 1079 1703 :

295 1793 321 1850 0
340 1791 433 1848 miser
447 1787 553 1847 netusl
571 1788 718 1866 malisque
730 1788 882 1848 obnoxius

295 1891 420 1961 Editus,
434 1887 542 1963 homo,
554 1905 587 1950 es
599 1929 608 1962 ‚
621 1891 692 1948 riter
703 1899 822 1966 tuteque
834 1891 987 1948 miseriem

293 1993 375 2049 Hine
386 1987 536 2049 ioohoosli
550 1985 661 2068 ieoepit
670 1987 765 2048 esther
777 1990 921 2050 omnibus
989 2070 993 2076 Ι

294 2091 453 2168 Spirameu
466 2088 545 2148 uude
559 2089 644 2148 oleos
659 2089 776 2148 tradere
789 2090 969 2150 mortalibus
984 2109 992 2148 :

293 2189 428 2248 Mortalis
443 2208 522 2268 segre
537 2207 575 2250 ue
591 2191 669 2250 leros
685 2189 836 2250 mustolio.

195 2327 315 2396 Rursus
327 2339 435 2394 eutem
451 2325 501 2391 his
516 2323 628 2391 similia
644 2325 764 2392 trudit:

301 2471 476 2534 Mortullum
490 2474 629 2532 omnium
640 2471 745 2532 heolus
756 2491 816 2533 uun
830 2475 887 2532 luit

297 2573 486 2650 Quisquam,
499 2572 636 2633 molestie
648 2585 679 2633 et
692 2591 784 2632 nemo
796 2592 901 2634 eureus
917 2577 982 2635 luit.

196 2732 236 2798 Et
249 2729 365 2797 deiude
377 2753 486 2796 rursus
501 2754 509 2796 ε

180 2871 183 2878 “
298 2877 385 2936 fleu!
400 2888 534 2955 quante,
549 2890 685 2956 quotque
697 2875 873 2938 hominibus
884 2883 1027 2940 eveniunt
1041 2881 1116 2953 mels,

301 2978 400 3053 Quem
415 2981 495 3038 veriti
506 3019 516 3051 ‚
528 2995 660 3056 quorum
672 2979 820 3038 terminus
834 2979 937 3041 nullus
952 2981 1056 3041 detur?

199 3117 240 3183 El
257 3115 362 3183 adhue
378 3114 544 3181 similiter:

300 3267 397 3323 Nemo
407 3262 512 3323 beatus
524 3283 644 3345 semper
656 3275 702 3326 est
716 3267 900 3326 mortalium.

201 3425 269 3490 Heu
287 3424 394 3511 itaque
413 3423 537 3489 ratione
560 3420 671 3486 dieunt
693 3421 788 3488 stium
814 3422 1026 3513 Pythagoreos
1043 3423 1172 3490 abstineret
1199 3377 1201 3448 i

200 3532 295 3596 rebus
311 3531 462 3596 venereis.
480 3527 556 3594 Mihi
569 3540 677 3595 eutem
690 3540 799 3612 contro
819 3530 966 3596 videntur
983 3555 1080 3597 uxores
1091 3527 1172 3617 quidm

197 3637 334 3713 ducere,
351 3650 387 3702 ut
401 3636 517 3703 liberos
530 3635 722 3725 suscipiant,
739 3631 824 3702 velle
833 3623 939 3704 aulem
953 3664 970 3705 s
982 3662 1094 3705 venerer
1106 3631 1173 3718 rolq
1200 3637 1201 3658 ³

196 3755 260 3810 tete
276 3766 309 3808 se
325 3744 491 3810 continere
511 3755 583 3831 post
603 3755 767 3833 suseeptos
785 3741 914 3812 liberos.
944 3747 1068 3814 Proinde
1086 3739 1172 3828 mpsim

194 3852 239 3917 uti
252 3849 331 3918 labis
345 3850 534 3939 prohibent,
551 3875 617 3918 non
629 3852 715 3939 quod
728 3853 767 3918 sit
785 3849 934 3941 legumen
947 3853 1049 3924 llotum
1063 3851 1171 3922 erutae.
1187 3885 1201 3948 'r
