2532 4608
139 529 439 650 sunum
480 523 940 642 Hieromus
1036 658 1041 667 ,

329 803 752 880 DEMONSTRA'I'IO

22 1021 1048 1154 uscunrsrournurrcunrsre
1099 1089 1101 1094 ψ

239 1292 417 1371 (raaucrsco
434 1311 611 1352 couaerrsro
627 1285 844 1364 lausannam.)

368 1540 691 1583 ψ

57 1765 82 1830 l.
104 1764 201 1851 Quod
226 1765 268 1830 ita
292 1764 448 1828 desiderio
469 1763 635 1850 fatigabas,
658 1759 771 1825 Frater
794 1761 837 1826 mi
864 1759 1046 1826 charissime

7 1870 204 1959 Theophila,
220 1884 256 1935 ut
272 1894 290 1936 a
305 1893 356 1936 me
371 1871 428 1936 tibi
443 1871 605 1958 proposita
621 1869 723 1956 capita
739 1867 906 1956 diligenter
923 1867 1048 1956 perdis·

7 2003 121 2052 eerea;
137 2001 241 2067 operae
253 1978 391 2066 pretium
401 1977 521 2065 putavi,
534 1975 619 2042 velut
630 1998 669 2040 ex
686 1974 887 2051 sacrofonte,
902 1997 940 2040 ex
951 1974 1047 2040 sacris

2 2089 87 2176 ipsis
98 2086 219 2154 affatim
227 2086 399 2175 Scripturis
411 2085 598 2162 hauriendo,
610 2087 651 2152 oh
663 2084 772 2152 oeulos
783 2085 870 2172 quasi
882 2085 1047 2172 praesentia

2 2218 46 2262 ea
68 2218 188 2284 ponere
203 2195 243 2281 de
259 2196 375 2283 quibus
390 2195 523 2260 vertitur
538 2175 691 2282 quaestio:
711 2206 746 2259 ut
764 2194 882 2260 nedum
899 2193 1045 2259 humanis

2 2302 79 2368 haec
95 2303 225 2370 auribus
243 2301 459 2391 consignando
478 2299 603 2378 laeteris,
624 2301 681 2366 sed
702 2313 735 2366 et
753 2324 802 2366 res
824 2301 907 2388 ipsas
928 2303 1044 2368 virtute

2 2411 188 2487 lustrando,
203 2411 379 2500 peremnia
390 2411 492 2476 Deum
504 2409 633 2476 laudare
651 2411 761 2499 possis.
777 2411 846 2476 lloc
862 2411 947 2476 enim
963 2434 1042 2500 praa-

4 2520 91 2586 senti
109 2542 205 2607 quam
220 2520 342 2608 agimus
361 2521 436 2595 rita,
450 2521 687 2585 tutumanobis
704 2519 763 2585 tihi
774 2532 842 2585 esto
855 2519 924 2586 sitas
941 2519 1046 2607 praesi-

2 2629 111 2704 dium,
126 2652 190 2716 quo
204 2629 321 2718 parutis
336 2628 473 2706 inserens
491 2627 666 2694 rationibus
678 2651 717 2694 uc
732 2628 945 2704 sermonibus,
959 2626 1044 2693 velut

1 2750 91 2804 terra
102 2736 235 2814 munda,
248 2735 393 2803 incordis
405 2739 452 2801 tui
465 2735 631 2804 latifundio
640 2739 786 2804 semines.
800 2736 905 2804 Sedet
916 2735 978 2815 his,
991 2737 1044 2802 ad-

1 2857 167 2910 versantes
178 2841 306 2908 salutari
319 2843 471 2910 doctrine
483 2867 521 2910 ac
533 2845 788 2911 contradicentes
803 2845 836 2910 in
852 2844 1041 2910 sententiam

4 2973 112 3040 coges.
136 2949 177 3015 At
193 2949 264 3016 ride
283 2973 323 3016 no
339 2951 379 3016 ad
396 2951 575 3018 incredulas
591 2976 629 3019 ao
647 2951 817 3019 maledicas
833 2952 902 3020 haec
918 2951 1040 3043 linguas

1 3059 155 3126 traducas
175 3058 255 3144 (nee
274 3059 359 3125 enim
376 3059 438 3127 hoc
453 3059 520 3127 leve
536 3061 715 3150 periculum
734 3065 816 3153 est),
837 3063 893 3128 scd
912 3075 948 3128 ut
966 3065 1040 3130 viris

4 3168 160 3258 religiosis
177 3191 215 3236 ac
231 3166 378 3235 fidelibus
392 3170 445 3255 qui
461 3181 568 3236 sancte
582 3195 620 3238 ac
636 3174 719 3260 justo
731 3171 789 3238 Dei
809 3171 923 3238 timore
937 3174 1040 3240 vivere

4 3279 118 3356 velint,
135 3279 308 3368 impertias.
330 3278 401 3345 Nou
421 3280 506 3345 enim
522 3279 635 3346 frustra
658 3283 770 3347 heatus
789 3280 959 3370 Apostolus
974 3306 1039 3348 mo-

4 3391 114 3460 nendo
124 3389 330 3457 Timotheum
349 3391 413 3456 ait:
433 3414 446 3448 ι
463 3387 491 3453 0
507 3388 685 3467 Timothee,
705 3391 884 3482 depositum
901 3392 1036 3468 custodi,

5 3525 20 3562 s
38 3497 178 3566 devitans
197 3497 345 3588 profanas
362 3522 478 3566 vocum
496 3498 662 3576 vanitates,
680 3514 713 3566 et
735 3499 947 3589 oppositiones
970 3499 1054 3566 salsi⁴

7 3608 171 3674 »nominis
190 3609 342 3686 scientis,
358 3633 454 3699 quam
476 3609 605 3699 quidum
623 3609 820 3698 prolitentes,
839 3612 923 3677 circa
942 3610 1037 3677 tidem

9 3717 248 3784 sonaverunt&
268 3745 280 3780 s
298 3719 338 3785 Et
353 3741 461 3786 rursus
477 3743 511 3783 :a
527 3717 576 3784 Tu
593 3731 713 3796 autem,
729 3718 773 3785 lili
789 3719 846 3795 mi,
859 3719 1036 3786 confortare

8 3856 21 3890 a
36 3828 67 3892 iu
79 3827 174 3916 gratia
188 3850 257 3913 quae
270 3829 360 3896 estin
374 3827 499 3896 Christo
512 3827 587 3896 Jcsu
602 3851 610 3891 ε
625 3841 657 3894 et
669 3852 738 3915 quae
750 3828 863 3894 audisti
879 3851 895 3893 a
912 3852 963 3894 me
978 3851 1036 3917 per

41 3955 50 3991 l
66 3957 151 4008 tl'im.
164 3976 197 4020 rt,
213 3975 248 4009 sc.
