2382 4592
177 217 239 286 168
489 237 661 290 cumrts
684 227 894 286 numeruntur

535 359 769 430 ARTIGULUS
790 361 846 428 111.

545 521 586 566 ΒΕ
600 521 826 569 summotis.

219 641 271 710 Ex
287 621 449 736 martyrii
469 640 674 736 praestantia
689 635 764 710 huc
780 661 896 734 usque
912 634 1047 709 evoluta
1058 634 1134 710 adei·

172 751 358 848 cidandam
383 751 644 852 perfectionem
663 751 894 850 christianam
916 759 1058 844 transit,
1072 768 1102 825 et
1117 788 1136 815 ι·

171 885 228 944 cet

225 1013 255 1088 ι’
275 1019 317 1085 In
336 1037 413 1111 quo
430 1017 618 1106 consistat,
642 1039 774 1115 nempe
796 1020 834 1086 in
856 1011 1057 1085 exercendis
1070 1035 1119 1110 per
1137 1026 1145 1075 ἵ

171 1129 254 1202 dem
270 1131 480 1203 virtutibus.
505 1131 613 1224 Quod
632 1156 716 1203 cum
735 1131 863 1204 ablutis
879 1136 991 1202 sancti
1013 1129 1138 1201 ciem

171 1271 273 1346 papae
296 1249 511 1320 testimoniis
534 1251 713 1347 praecipue
742 1246 952 1336 confirmet,
979 1249 1019 1316 iis
1042 1227 1143 1316 tantm

172 1387 254 1459 quae
265 1384 341 1434 non
360 1367 532 1463 rescripta
547 1367 647 1463 prius
657 1363 806 1437 fuerunt
818 1369 857 1435 in
871 1361 1020 1464 epistola
1028 1362 1067 1432 ad
1103 1396 1109 1422 ·
1140 1398 1155 1451 1,

173 1479 288 1571 thios,
306 1481 574 1552 recensemus¹:

217 1625 300 1696 Eum
315 1647 410 1715 crgo,
428 1625 483 1716 qui
501 1636 550 1694 cst
565 1626 742 1718 perfectus,
762 1638 889 1718 oportet
904 1646 1050 1694 exercerc
1066 1621 1152 1692 uuis

82 1749 90 1772 ·
174 1743 262 1813 tom,
277 1742 310 1799 ct
319 1731 396 1802 hinc
407 1729 448 1801 ad
458 1734 517 1803 Dei
528 1736 660 1802 tendere
672 1735 932 1825 amicitium‚per
944 1731 1156 1818 Musonio

175 1837 325 1908 mundata
339 1864 508 1932 exequens.
527 1843 610 1912 cum
622 1866 697 1910 vero
711 1844 802 1934 jubet
820 1842 951 1934 diligero
967 1842 1158 1916 inimicum

176 1945 305 2037 diligere
325 1948 454 2038 quidem
474 1948 594 2018 malum
613 1951 782 2043 jubemur,
802 1975 906 2041 nequo
929 1942 1156 2040 impictuton,rd

176 2054 388 2138 adulterium,
403 2057 453 2124 rel
466 2059 605 2134 surtumt
627 2059 682 2128 scd
697 2060 799 2126 turem
808 2107 820 2142 ,
832 2071 866 2126 et
875 2059 1031 2148 impium,
1043 2052 1156 2124 natue

176 2186 266 2240 rum,
282 2187 346 2230 non
362 2165 491 2256 quidem
506 2177 660 2256 quatenus
670 2180 803 2258 peccat,
815 2180 848 2234 ot
859 2166 1001 2257 quodum
1015 2160 1158 2232 renutu

174 2293 271 2339 mmo
294 2274 415 2340 nomini
437 2273 575 2342 dedecus
596 2274 710 2354 insert,
734 2277 789 2342 ssd
809 2287 967 2366 quotenus
988 2285 1036 2340 est
1047 2271 1158 2344 homst

177 2403 257 2470 opus
271 2380 340 2448 Dei.
358 2381 495 2451 Peccare
511 2395 598 2452 certo
613 2383 697 2452 inter
718 2384 856 2451 actiones
875 2384 1025 2472 ponitur,
1046 2403 1098 2448 non
1109 2377 1160 2442 niu

177 2489 367 2556 substantias
385 2514 394 2558 ε
410 2492 619 2582 quamobrem
633 2515 694 2559 nec
711 2493 769 2560 Dei
788 2504 835 2558 ost
850 2513 942 2581 opus.
960 2491 1020 2557 Dei
1034 2484 1160 2556 ruenni

176 2597 253 2662 mici
268 2597 345 2664 dicti
359 2610 433 2666 sunt
448 2611 633 2689 peccatores
644 2649 656 2676 ,
666 2599 721 2691 qui
736 2612 810 2668 sunt
827 2599 948 2666 inimici
967 2597 1158 2668 manuum.

176 2703 293 2796 quibus
309 2727 373 2771 non
390 2707 545 2774 obediunt
550 2731 561 2782 ς
583 2708 665 2775 sicut
681 2707 773 2774 amici
788 2720 882 2784 sunt,
904 2707 959 2796 qui
980 2705 1115 2773 obediunt
1126 2698 1162 2766 :li

178 2812 307 2901 quidem
320 2823 451 2902 propter
464 2813 745 2904 conjunctionem,
761 2813 805 2882 illi
817 2839 891 2881 vero
907 2829 1038 2906 propter
1051 2808 1162 2879 aionie-

178 2943 253 2988 nom
264 2944 320 2998 ,ex
330 2917 430 2992 libero
439 2922 536 2990 animi
551 2923 682 2990 arbitrio
696 2923 889 3013 proiectam,
902 2921 1082 3014 appellati...
1098 2912 1163 2982 eli}

179 3055 192 3092 s
201 3028 283 3118 gito,
302 3027 414 3118 inquit,
432 3029 577 3098 inimicos
593 3042 724 3098 vestros.
739 3031 921 3099 Benedicite
932 3032 970 3096 iis
979 3030 991 3108 ζ
1002 3029 1054 3119 qui
1065 3049 1108 3094 ros
1118 3043 1164 3090 ur»

179 3147 350 3213 scrantur,
368 3149 400 3204 et
413 3149 501 3232 orate
513 3163 575 3230 pro
590 3140 654 3216 eis,
673 3140 728 3232 qui
743 3164 798 3206 ros
810 3132 1161 3230 afficiunt'oontumelis·

181 3255 214 3310 et
221 3244 343 3312 similia.
357 3245 481 3327 Quibus
497 3247 607 3337 a'djicit
620 3271 629 3313 :
641 3248 702 3314 «Ut
712 3248 777 3314 sitis
792 3245 909 3314 similos
920 3247 1019 3315 Patris
1031 3237 1166 3328 restripi

180 3365 251 3420 »est
267 3354 301 3421 in
314 3353 457 3430 omlis-²3»
477 3355 657 3445 significans
672 3380 742 3424 eam
753 3405 763 3434 ,
775 3380 844 3444 quae
855 3356 959 3422 Deum
971 3347 1167 3431 msertnuin'r

179 3457 342 3528 lationem.
361 3463 480 3531 Rursus
503 3476 610 3531 autem
628 3463 749 3554 inquit:
769 3465 839 3531 «sis
853 3466 917 3532 cito
928 3457 1167 3531 benevolusatru

180 3571 285 3636 ›sario
295 3583 350 3636 tuo
361 3622 370 3648 ,
381 3572 484 3640 donec
497 3596 531 3638 es
545 3573 578 3638 in
593 3573 642 3640 vin
659 3573 809 3662 cumipso
819 3571 842 3638 ⁸.
857 3602 871 3634 s
885 3570 1081 3639 Adversarius
1093 3577 1167 3635 autem

181 3695 247 3739 non
264 3686 312 3740 est
328 3700 460 3765 corpus,
478 3689 512 3743 ut
523 3677 651 3768 qnidam
667 3677 794 3754 volunt,
814 3677 869 3744 sed
886 3677 1050 3752 Diabolus,
1065 3686 1094 3740 et
1105 3664 1168 3760 quid

219 3793 228 3818 ¹
241 3799 298 3861 Pup.
311 3793 362 3848 605
374 3809 398 3848 ει
408 3815 475 3866 seqq.

216 3885 321 3940 'Mirm
333 3907 365 3954 v,
378 3893 420 3954 44,
436 3893 478 3949 4⁵·
489 3891 543 3930 -·
558 3892 623 3942 thid.
634 3902 676 3950 st.
