2738 4628
185 338 188 344 .
242 277 282 361 74
592 291 624 332 u.
651 289 778 334 uraurrr
800 287 918 334 raurcrs

240 411 369 488 tatibus,
394 409 556 476 laboribus
578 406 801 474 levamentum.
827 409 931 475 Etiam
951 433 1009 500 per
1029 412 1169 500 quietem
1191 413 1272 480 aleas
1348 470 1353 478 .

240 524 396 601 videmus,
415 522 574 596 audimus,
591 521 802 610 agnoscimus,
820 544 899 609 quos
916 523 1012 612 impie
1033 545 1090 612 per
1110 525 1196 592 diem
1214 549 1275 594 ne-
1353 555 1361 582 τ

240 656 363 725 gamus,
379 631 540 708 nolumus,
558 631 749 720 pejeramus.
793 629 796 643 ’

284 739 369 808 lllll.
393 741 516 829 ltaque,
532 761 608 805 cum
630 739 773 806 amnium
788 741 932 830 gentium
953 741 993 807 de
1009 740 1068 808 diis
1083 742 1281 809 immortali-
1352 770 1358 808 ρ

239 853 313 927 bus,
330 851 472 940 quamvis
490 850 609 916 incerta
624 849 665 914 sit
678 848 728 914 vel
744 849 824 915 ratio
839 849 890 916 rel
901 851 1004 940 erigo,
1017 863 1145 918 maneat
1164 864 1274 918 tumen
1355 911 1361 920 .

240 959 332 1026 lirma
348 959 525 1034 consensio,
542 958 703 1024 neminem
715 957 782 1024 saro
798 969 884 1025 tanta
903 959 1034 1026 audacia
1050 971 1179 1047 tamque
1196 961 1276 1026 irre·
1353 993 1361 1032 ·,

240 1068 348 1158 ligiosa
361 1068 542 1158 nesciaque
554 1068 722 1156 prudentia
734 1080 977 1146 tumescentem,
989 1071 1042 1158 qui
1054 1070 1139 1136 hanc
1150 1067 1276 1158 religio·
1356 1135 1359 1140 .

240 1199 316 1245 uem
340 1190 405 1244 tam
428 1189 598 1254 vetustam,
617 1187 682 1241 tam
698 1175 821 1252 utilem,
844 1188 910 1242 tam
930 1177 1088 1244 salubrem
1104 1176 1276 1244 dissolvero
1359 1227 1361 1242 ι

241 1302 297 1354 sut
317 1287 478 1354 infirmare
498 1289 627 1353 nitatur.
647 1287 696 1352 Sit
716 1285 791 1354 lieet
805 1286 858 1354 ille
879 1286 1065 1354 Theodorus
1086 1287 1273 1374 Cyrenaeus,
1358 1329 1361 1366 3

242 1396 290 1488 sel
313 1397 367 1485 qui
392 1398 479 1487 prior
492 1397 645 1485 Diagoras
659 1394 783 1472 blelius,
806 1396 860 1462 cui
874 1396 1002 1463 Atheon
1023 1419 1200 1486 cognomen
1214 1419 1269 1485 ap-
1360 1447 1361 1450 ,

241 1505 347 1595 posuit
369 1505 550 1593 antiquitas,
574 1505 628 1596 qui
655 1516 802 1592 uterque,
830 1503 933 1570 nullos
954 1503 1029 1570 deos
1052 1504 1274 1579 asseveranda,

243 1616 391 1685 timorem
417 1637 558 1690 omnem,
579 1637 644 1702 quo
667 1614 846 1680 humanitas
870 1614 1001 1702 regitur,
1025 1614 1275 1680 venerationem·
1358 1687 1361 1692 ,

243 1749 306 1814 qua
325 1726 451 1814 penitus
469 1723 688 1791 sustulerunt:
711 1746 875 1812 nunquam
893 1738 1001 1790 tamen
1022 1723 1054 1789 in
1076 1709 1138 1792 hac
1159 1722 1276 1810 impie·

244 1835 316 1901 tatis
333 1833 497 1922 disciplina
516 1833 670 1901 simulatas
681 1832 893 1923 Philosophiae
907 1834 1037 1900 nomine
1052 1845 1148 1921 atque
1166 1843 1275 1898 ancta-

245 1947 337 2012 ritate'
354 1945 531 2035 polle-hunt.
550 1947 633 2012 Cum
645 1946 830 2013 Abderitem
846 1945 1051 2034 Protagoram
1066 1943 1275 2012 Athenienses

243 2054 314 2130 viri,
331 2051 474 2120 consults
496 2053 601 2142 potius
617 2076 713 2142 quam
728 2052 860 2141 profane
875 2053 916 2118 als
931 2053 1093 2118 divinitate
1115 2051 1276 2139 disputan·

245 2171 324 2234 tem,
338 2171 371 2224 et
387 2159 565 2248 expulerint
577 2159 640 2226 suis
655 2157 786 2234 linibus,
803 2171 835 2224 et
854 2159 886 2224 in
905 2159 1059 2225 concione
1074 2159 1142 2246 ejus
1159 2159 1276 2246 scripta

183 2353 187 2360 .
246 2268 443 2342 deusserint3
458 2268 556 2356 quisli‘
571 2268 715 2358 hominep
735 2267 951 2352 (sustinebitis
961 2269 1046 2334 enim
1058 2290 1109 2332 me
1121 2267 1276 2356 impetum

246 2389 401 2466 susceptae
420 2377 552 2444 actionis
572 2374 701 2442 liberius
719 2377 924 2464 exerentem)
946 2376 1103 2451 homines,
1132 2377 1277 2464 inquam,

246 2486 428 2576 deplorstae,
447 2483 564 2551 illicitae
586 2507 624 2550 ac
646 2483 818 2573 desperatae
833 2483 977 2551 sectionis
998 2485 1131 2574 grassari
1151 2485 1185 2550 in
1200 2485 1279 2552 deos

246 2619 311 2662 non
331 2594 607 2684 ingemiscendum
622 2593 693 2661 esti'
713 2595 768 2684 qui
790 2595 829 2661 de
845 2593 955 2678 ultima
971 2595 1047 2661 lrece
1063 2593 1202 2660 collectis
1222 2596 1279 2661 im·

246 2705 447 2794 peritioribus
461 2716 494 2768 et
508 2702 694 2770 mulieribus
716 2702 865 2780 credulis,
881 2726 971 2770 sexus
994 2704 1043 2768 sui
1066 2701 1216 2770 facilitate
1237 2701 1279 2768 le-
1355 2759 1359 2764 .

244 2814 407 2890 bentibus,
431 2811 556 2902 plebem
583 2812 722 2902 prosanae
745 2813 972 2902 conjurationis
994 2814 1183 2888 instituunt;
1207 2837 1279 2904 quae

246 2924 410 2990 nocturnis
429 2924 727 3012 congregationibus
746 2936 778 2989 et
801 2924 927 3012 jejuniis
947 2921 1155 3000 solemnibus,
1172 2935 1207 2989 et
1228 2925 1279 2990 in-

246 3034 393 3101 humanis
409 3033 500 3110 cibis,
516 3056 581 3098 non
593 3055 683 3100 sacro
701 3031 839 3121 quodam
854 3032 910 3098 sed
925 3032 1052 3123 piaculo
1070 3033 1274 3100 soederantur.

247 3144 417 3211 latebrosa
429 3154 462 3209 et
475 3141 634 3231 lucifugax
648 3142 748 3218 natio,
767 3142 799 3208 in
811 3141 976 3232 publicum
991 3155 1094 3218 muta,
1109 3143 1142 3208 in
1155 3141 1279 3232 angulis

249 3253 395 3343 garrulas
418 3251 536 3343 templa
557 3266 593 3318 ut
621 3254 712 3318 busta
734 3253 925 3342 despiciunt,
948 3251 1023 3320 deos
1044 3254 1217 3343 despuunt,
1240 3251 1281 3319 riss

251 3365 326 3442 dent
341 3385 442 3441 sacra,
459 3365 650 3442 miserentur
664 3363 784 3438 miseri,
804 3364 831 3429 si
850 3363 896 3430 fas
907 3374 967 3440 est,
984 3363 1203 3437 sacerdotum
1224 3364 1282 3431 ho-

249 3497 340 3540 nores
361 3485 394 3540 et
415 3496 571 3564 purpuras
590 3473 781 3563 despiciunt,
804 3473 865 3562 ipsi
884 3473 1052 3540 seminudi.
1074 3473 1180 3538 Proh!
1200 3474 1280 3539 mira

248 3583 379 3651 stultitia
398 3595 431 3650 et
449 3583 643 3652 incredibilis
663 3584 814 3650 audaciai
835 3597 993 3675 ‚spernunt
1016 3595 1174 3652 tormenta
1198 3609 1281 3673 prae-

247 3694 358 3770 sentia,
375 3693 452 3760 dnm
474 3694 595 3761 incerta
605 3703 752 3760 metuunt
767 3705 800 3761 et
815 3693 921 3760 futura
935 3719 944 3769 ς
960 3706 992 3762 et
1010 3695 1086 3762 dum
1106 3695 1189 3760 mori
1210 3706 1282 3784 post

251 3816 387 3872 mortem
402 3804 526 3880 timent,
536 3805 663 3884 interim
676 3805 758 3870 mori
772 3826 836 3872 non
852 3804 974 3875 timent.
994 3801 1041 3872 lta
1053 3801 1113 3870 illis
1128 3825 1282 3892 pavorem

251 3912 428 4012 l'allaxpspes
444 3911 552 3980 solatia
568 3914 705 3980 rediviva
717 3913 887 3982 blanditur.
