2382 4592
305 311 494 356 sunouaruu
516 315 579 356 um.
605 313 635 356 v.
927 289 990 362 iat

3 455 62 522 ‚rgo
80 431 212 505 ratione,
228 453 248 496 o
262 430 378 496 Monoi
401 444 533 521 apparat
548 433 640 500 nobis
662 433 762 499 virtus
784 429 891 504 divina
905 446 989 500 sorte

3 539 132 608 coelae
145 539 258 626 quibus
275 539 434 605 recedita
456 539 573 608 Annon
588 541 647 607 tibi
661 541 787 608 videtur
804 540 910 607 divino
925 566 990 609 sors

3 680 33 707 u·
50 697 58 723 ,
73 647 172 734 qulad
184 669 292 714 omnes
305 649 475 739 pertingit,
487 650 668 740 gnosticum
679 648 827 720 habitum
839 649 994 715 innuere?

1 757 107 847 portius
129 767 233 822 autem
255 756 419 846 subjungit
441 781 449 822 ε
473 759 558 825 «Sin
575 770 681 824 autem
702 781 760 824 nos
781 757 918 824 nuncin
932 757 995 824 hac

16 904 20 921 .
42 902 45 919 2
66 875 147 931 recte
164 865 365 953 quaesivimus
388 865 620 955 disputatione,
639 849 736 932 iirtus
753 888 814 933 nec
828 865 925 932 luerit
940 889 995 932 na-

7 997 72 1048 ura,
93 995 149 1038 nec
164 973 320 1061 ejusmodi
341 973 496 1040 uttloceri
509 975 629 1065 possit,
653 975 709 1041 secl
724 973 828 1042 uuna
842 986 930 1039 sorte
944 996 995 1040 ao-

19 1091 93 1157 ot,
107 1103 169 1145 non
184 1082 304 1168 absque
322 1093 450 1159 monte,
466 1082 504 1147 iis
526 1083 566 1149 ad
585 1105 663 1171 quos
688 1081 890 1150 accesserit.»
905 1083 990 1172 Ergo

14 1189 107 1254 'nitus
118 1189 187 1256 data
205 1189 377 1278 sapientia,
394 1211 464 1279 quat
479 1202 528 1255 est
544 1191 642 1256 virtus
657 1189 775 1269 Patris,
791 1191 908 1257 excitat
926 1191 995 1280 qui-

2 1328 32 1355 -u
56 1309 189 1366 nostrum
210 1296 350 1382 liberum
374 1299 562 1376 arbitrium,
584 1285 724 1366 atlmittit
747 1310 856 1366 sutem
871 1297 988 1382 fidem,

0 1434 3 1457 ·
25 1428 128 1493 empse
141 1418 171 1471 et
185 1407 401 1474 attentionem
419 1419 642 1478 remuneratur
663 1406 826 1478 electionis
841 1429 992 1496 suprema
1094 1425 1096 1437 ’

2 1513 255 1581 mmunicatione.

22 1678 82 1750 13·.
98 1681 214 1752 Gratia
234 1680 377 1752 lumine
399 1703 560 1780 superno
576 1679 695 1770 datur,
707 1679 998 1757 ministrantibus

1 1791 164 1890 rophetis,
181 1791 320 1892 quibus
333 1791 577 1866 credendum¹
594 1819 604 1861 ε

15 1941 100 2012 Porro
121 1954 228 2013 autem
260 1944 364 2033 ipsum
386 1962 515 2031 quoque
539 1941 597 2010 tibi
625 1941 784 2008 adducam
812 1941 997 2021 Platonem,

59 2048 241 2118 volentem
261 2062 298 2115 ut
316 2050 464 2116 eradatur
487 2049 545 2116 Dei
568 2046 651 2114 liliis.
677 2047 757 2116 Nom
778 2073 854 2118 cum
868 2051 913 2119 tle
936 2051 997 2118 diis

4 2186 7 2211 ι
45 2160 101 2226 sub
123 2169 289 2248 uspeetrun
307 2181 373 2225 non
397 2157 517 2225 cadunt
540 2169 574 2222 et
592 2169 667 2222 sunt
692 2159 808 2246 geniti,
824 2161 921 2232 verba
948 2160 998 2226 fe-

8 2316 10 2321 ⁴
33 2279 56 2330 ·t
68 2268 100 2334 in
115 2268 258 2334 Timaeo:
282 2266 508 2334 «Ceterorum
522 2265 577 2354 qui
594 2265 762 2335 Daemones
778 2265 998 2354 appellantur,

2 2406 4 2409 ’
26 2397 232 2464 cognoscere,
247 2385 279 2440 et
290 2374 455 2442 enuntiare
466 2384 592 2450 ortum,
609 2372 726 2461 inquit,
736 2375 841 2463 majus
851 2385 999 2463 estopus‘,

3 2516 6 2535 ι
36 2514 71 2543 ,ιι
96 2483 181 2550 ferre
195 2493 340 2548 nostrum
355 2479 459 2546 valeat
477 2481 649 2571 ingenium.
668 2481 783 2560 Rrisois
804 2482 912 2569 itaque
927 2481 1000 2552 viris

2 2602 34 2654 ..t
44 2589 105 2658 hac
118 2591 152 2658 in
172 2613 207 2655 re
219 2588 434 2664 credendum,
447 2589 501 2676 qui
513 2589 572 2657 diis
587 2589 698 2678 geniti,
714 2600 751 2654 ut
763 2589 822 2678 ipsi
838 2587 999 2664 dicebaut,
1109 2623 1113 2638 ι

3 2711 128 2766 arentes
143 2721 219 2766 suos
240 2697 359 2787 optime
373 2709 537 2764 noverant.
554 2695 753 2786 Impossibile
769 2719 845 2768 sane
866 2696 1000 2764 deorum

6 2838 9 2861 ·
27 2807 58 2874 ”s
71 2807 168 2874 fidem
182 2829 247 2872 non
259 2804 397 2882 habere,
412 2803 489 2872 licet
505 2828 567 2872 nec
581 2805 763 2872 necessariis
774 2828 836 2872 nec
850 2805 1000 2872 verisimi-

3 2944 26 2971 ι·
40 2946 60 2971 ·:
78 2916 253 2984 rationibus
264 2937 376 2982 eorum
392 2914 494 2980 oratio
504 2913 726 2982 confirmetur.
743 2943 756 2976 ι
777 2914 848 2990 Non
859 2914 1000 2980 arbitror

4 3021 110 3091 Grecis
124 3047 219 3115 posse
235 3022 430 3090 manifestius
446 3021 521 3088 lerri
543 3022 780 3100 testimonium,
796 3021 1001 3091 Serrutorem

3 3163 20 3188 ι
71 3157 120 3210 m,
135 3144 169 3199 et
179 3155 235 3200 eos
246 3131 301 3219 qui
314 3130 400 3198 uncti
416 3130 537 3196 suntin
553 3128 780 3218 Prophetiam,
797 3127 857 3196 hos
871 3128 1000 3217 quidem

1 3266 31 3295 ιιι
52 3239 111 3319 sint
128 3238 220 3306 liberi
244 3236 394 3305 declarati
416 3237 494 3316 Dei,
526 3237 701 3306 Dominum
727 3248 854 3313 autem,
872 3258 946 3304 cum
962 3235 1003 3302 sit

1 3386 10 3399 ι
30 3371 126 3416 uanus
152 3346 260 3423 filius,
286 3368 378 3414 veros
401 3368 469 3413 esse
495 3357 590 3414 testes
612 3367 722 3412 rerum
749 3345 938 3412 divinarum.
960 3345 1003 3410 Et

13 3484 33 3511 ··
49 3455 181 3545 adjecit,
196 3466 345 3545 oportere
360 3454 405 3522 eis
420 3453 571 3530 credere,
586 3477 665 3520 cum
680 3454 745 3518 sint
759 3453 901 3542 inspirati
917 3451 999 3519 divi·
1068 3491 1074 3500 ι

7 3572 60 3630 tus.
77 3565 173 3646 Quod
191 3565 218 3632 si
238 3563 310 3653 quis
332 3559 429 3652 paulo
453 3562 554 3652 magis
575 3562 695 3652 tragice
717 3561 831 3628 dixerit
846 3583 912 3633 nou
926 3584 999 3632 cres

4 3671 123 3761 nilum,

64 3797 138 3856 Nam
150 3797 269 3876 Jupiter
280 3814 340 3856 non
353 3797 469 3871 luerat,
482 3791 547 3854 hacc
558 3795 609 3874 qui
622 3793 737 3854 dixerat
751 3814 758 3854 ε

9 3929 79 4000 'Pap
97 3937 156 4002 697.
