2522 4608
222 285 286 372 epu
535 297 712 346 cuuaurra
737 291 947 342 mutuemur

221 411 325 479 Attice
346 410 451 500 lingua
473 408 587 477 eedem
611 407 758 482 nomine,
777 419 894 492 nempe
917 406 1030 478 ἁλύσεις.
1045 402 1104 468 hoc
1118 411 1170 474 eet,
1183 421 1216 464 oe

223 537 318 598 tenco,
334 519 542 613 appellantur.
557 516 686 586 Talares
700 526 809 584 eutem
823 511 1008 602 compedeo‚
1024 509 1217 580 indecorumin

223 631 356 720 pedibu
374 629 578 698 loeminarum
592 636 817 696 oruamentum
832 623 955 692 vocarit
969 621 1128 690 Philemon
1140 621 1167 687 in
1177 617 1217 705 bp-

222 740 389 832 nephota:
1052 735 1054 738 ·

301 875 448 938 Illuattem
463 875 616 947 amictum,
629 868 861 952 compedemque
874 869 925 948 qui
938 871 992 928 siet

301 980 435 1033 duratus.

225 1093 313 1174 Quid
328 1113 405 1186 ergo
419 1105 469 1162 est
482 1095 536 1163 hic
550 1119 568 1160 a
584 1094 674 1162 tobit
689 1101 856 1184 tantopere
870 1093 1027 1184 expetitae
1041 1103 1168 1167 ornatus.
1181 1087 1218 1156 nil

224 1199 310 1293 qued
325 1225 380 1271 voe
395 1203 510 1283 velitis,
526 1225 547 1268 o
561 1203 712 1279 liemiuae.
727 1203 828 1270 videri
842 1225 912 1271 esee
930 1203 1132 1293 compedibus
1145 1194 1219 1266 ostric

225 1327 273 1380 tue
283 1308 298 1380 i’
309 1314 344 1382 si
354 1315 487 1381 materia
498 1314 585 1381 enim
599 1316 756 1404 probrum
765 1307 857 1392 eluit,
869 1320 918 1381 eet
931 1311 996 1383 hoc
1010 1311 1134 1403 quidem
1142 1308 1218 1378 oiim

225 1425 312 1513 qued
318 1425 449 1493 minime
457 1423 576 1492 interit.
588 1425 696 1505 Quare
703 1421 782 1492 mihi
790 1424 919 1513 quidem
926 1421 1077 1492 ridentur
1087 1442 1135 1490 sna
1143 1431 1218 1510 spone

225 1533 359 1602 vinculis
380 1525 526 1624 alligetur,
543 1527 583 1601 de
605 1532 765 1624 opulentis
787 1535 850 1602 tuis
868 1531 995 1625 gloriari
1016 1525 1215 1600 calamitatbut

225 1647 273 1712 dc
287 1644 419 1712 sortasse
430 1644 528 1712 elium
542 1643 668 1738 poe'tica
680 1641 788 1712 labala
803 1641 995 1710 adulterium
1009 1643 1217 1712 committentem

224 1753 383 1823 Venerem
398 1754 476 1822 dicit
492 1753 587 1820 suisne
601 1751 868 1846 comprehensam
882 1753 1040 1843 ejuamodi
1055 1749 1219 1827 ninculuri

225 1861 271 1932 hil
284 1857 384 1941 eliud,
400 1884 497 1954 quam
511 1863 581 1931 hec
594 1877 783 1931 ornamenta
798 1859 944 1930 adulterii
964 1881 1033 1930 esse
1048 1861 1143 1954 signe,
1155 1856 1217 1949 tigri

225 1972 336 2042 ficano.
354 1971 411 2040 llle
426 1973 514 2040 enim
529 1991 624 2040 auree
639 1995 766 2063 quoque
788 1971 885 2041 luisse
906 1971 983 2040 dixit
1002 1973 1160 2041 Homerus.
1173 1961 1217 2038 tn

226 2105 301 2148 vero
320 2079 371 2148 vel
393 2083 589 2173 apertissima
610 2080 739 2175 Maligui
759 2084 847 2174 aigne
866 2105 1069 2173 nequaquem
1090 2075 1173 2174 pudet
1187 2099 1219 2146 au

226 2191 390 2260 inducere.
410 2191 694 2274 Quemadmodum
708 2194 794 2261 enim
810 2194 910 2260 Eram
924 2215 1056 2284 eerpens
1071 2187 1219 2282 decepit‚itr

227 2303 324 2370 etiem
338 2300 489 2370 mulieres
503 2301 578 2370 uliae
599 2303 738 2371 mundus
753 2327 878 2378 oureus,
898 2315 1051 2392 tanquam
1072 2313 1218 2374 metuero,

227 2413 382 2502 torpentia
395 2411 511 2503 ligura,
527 2413 560 2478 in
574 2414 692 2503 probru
712 2412 829 2480 luricae
849 2413 991 2504 impulit3
1012 2435 1125 2504 nempe
1140 2429 1219 2478 mure

228 2519 321 2588 nulae
337 2519 492 2609 quaedam
512 2542 624 2589 aureas
640 2531 675 2589 et
694 2533 856 2614 serpentes
870 2521 912 2590 ad
934 2523 1085 2591 decorem
1097 2520 1217 2610 effingere

228 2630 316 2697 Dicit
334 2631 440 2720 itaque
456 2633 598 2700 comicus
613 2631 830 2710 Nicostratus,
847 2659 861 2696 e
876 2631 1025 2709 Catenae,
1042 2631 1169 2706 monilia,
1184 2649 1220 2693 m·

109 2816 112 2824 ¹
230 2739 364 2816 rutulos,
376 2740 526 2818 armillae,
538 2753 714 2832 serpentes,
725 2740 939 2834 periscelides,
950 2734 1220 2811 elleborumrdm

230 2871 282 2918 ma
297 2861 406 2916 autem
427 2873 539 2918 earum
554 2853 725 2942 ignominie
749 2875 878 2920 omnem
896 2852 1056 2919 mundum
1074 2849 1220 2919 muliebrem

229 2979 398 3028 recensent
408 2958 635 3050 Aristophanes
648 2960 786 3029 ostendit
797 2961 830 3028 in
842 2959 1171 3052 Thesmophoriazueis.
1181 2953 1220 3023 ld

229 3073 347 3138 ducam
360 3081 468 3139 autem
483 3073 549 3161 ipsa
564 3075 660 3140 verbu
678 3068 814 3150 Comici,
830 3093 901 3162 quae
916 3070 1130 3161 importunum
1146 3077 1221 3138 retra

230 3181 405 3250 insolentie
420 3181 538 3250 laetum
550 3195 660 3273 aperte
675 3194 836 3274 arguunt:
1202 3163 1205 3176 ’

370 3325 486 3399 Mitrae,
498 3323 684 3398 redimicula,
698 3324 822 3397 nitrum,
835 3336 864 3383 et
879 3344 978 3399 arcus,

372 3429 500 3498 Pumex,
513 3423 693 3504 strophium,
709 3444 775 3502 quea
790 3435 857 3505 post
871 3423 984 3484 locatur
998 3425 1097 3498 funda,

368 3529 406 3586 Et
419 3523 566 3608 posterius
579 3523 765 3603 operculum,
780 3523 878 3599 lucus,
892 3535 1024 3603 torques,

365 3621 643 3705 componendorum
664 3621 817 3681 oculorum
839 3621 1045 3698 instrumenta,
1064 3621 1142 3683 restis
1159 3617 1233 3686 linen'

371 3723 592 3798 zonn,instita,
610 3720 903 3802 praetendebam,
1151 3719 1220 3797 [run

372 3823 515 3897 Multitiu,
528 3823 643 3897 citlron,
657 3821 842 3897 barathrum,
857 3823 993 3902 encyolos
1011 3823 1116 3896 tunice,

376 3929 447 4006 Quae
464 3937 530 3986 eunt
544 3937 641 3986 autem
651 3925 759 3986 horum
773 3946 831 3986 non
845 3925 906 3986 dixi
918 3925 1050 3986 maxima.
1158 3983 1164 3996 ,
