2574 4628
324 323 526 371 couonrsrro
550 323 593 366 un
615 319 745 368 neurus.
993 305 1051 369 165

31 467 84 535 pue
101 443 234 511 dous
254 455 336 520 eret,
357 442 481 509 divinos
501 441 637 509 honores
653 439 842 530 Cynosargis
864 441 1053 511 tribuendos

32 555 208 623 deoernunt.
231 551 306 621 dum
323 575 398 621 vero
413 552 612 620 Demetrium
627 553 723 618 etiam
740 553 836 618 deum
855 553 1052 632 renuntiant,

33 666 309 742 miltbenienses,
322 663 470 752 quoloeo
487 666 533 740 nb}
544 683 627 753 equo
639 663 803 731 descendit
819 687 894 731 oum
912 665 1053 735 Athenas

32 777 253 868 ingrederetur,
263 772 416 846 Demetrii
426 771 793 862 Desmoriatemplum
804 773 1050 844 constituerunt:

32 887 116 954 iidem
129 909 202 954 aras
219 885 264 952 illi
279 883 540 975 quamplurimas,
555 893 588 950 et
603 883 752 952 Minervae
767 886 951 975 eonjugium
966 911 1055 978 para-

33 999 109 1064 bant.
125 998 188 1066 Hie
203 1007 314 1064 autern
329 997 463 1071 interea,
480 995 538 1060 dea
554 993 688 1083 quidem
702 1005 897 1082 contempta,
914 997 1006 1086 eujus
1018 1001 1056 1065 si-

34 1104 204 1174 mulacrum
219 1107 309 1173 haud
324 1106 429 1195 potuit
443 1127 575 1171 uxorem
595 1103 727 1179 duoere,
745 1127 819 1170 eum
834 1105 943 1173 Lamia
957 1132 1059 1178 mere·

33 1217 103 1283 trice
123 1216 271 1284 ascendit
299 1217 334 1283 in
356 1239 477 1292 arcem,
501 1236 562 1304 qua
586 1236 661 1281 oum
683 1214 716 1280 in
741 1211 881 1282 thalamo
909 1215 1058 1286 Minervae

35 1347 225 1417 oonffasus,
242 1325 310 1393 seni
326 1325 438 1414 virgini
452 1324 577 1414 juvenis
591 1321 767 1389 meretricis
782 1336 889 1412 motus
907 1330 1056 1396 ostendit.

37 1435 99 1502 lion
115 1449 162 1502 est
184 1459 265 1526 ergo
289 1435 427 1524 Hipponi
449 1432 715 1507 succensendum,
737 1431 790 1520 qui
810 1445 947 1503 mortem
970 1461 1059 1506 suam

36 1541 264 1612 immortalitate
280 1543 408 1635 donarit
424 1543 564 1609 :etenim
580 1537 633 1607 ille
648 1527 859 1608 monumento
876 1565 933 1610 sno
947 1543 1058 1636 elegia·

38 1675 104 1722 oum
113 1655 175 1724 boo
186 1677 319 1723 carmen
331 1651 460 1720 inscribi
471 1651 582 1741 jussit:

110 1784 164 1842 Hic
177 1797 221 1843 est
235 1781 382 1866 Hipponis
395 1771 537 1855 tumulus,
543 1801 629 1860 quem
641 1782 853 1844 immortalibus
864 1785 920 1844 diis
1036 1867 1039 1876 ‚

112 1887 214 1944 Parem
228 1883 295 1944 lecit
308 1887 400 1946 Parca
415 1894 573 1942 mortuum.

44 1997 192 2068 Praeelnre
202 2001 340 2088 quidem,
356 2023 376 2066 o
391 1999 510 2090 Hippo,
527 1999 694 2066 hominum
705 2003 846 2068 erro'rem
858 1985 1065 2072 nobisosten·

48 2106 107 2173 dis.
130 2107 172 2172 Et
192 2109 217 2174 si
234 2107 289 2175 tibi
307 2107 452 2198 loquenti
475 2131 540 2175 non
563 2109 775 2186 crediderint,
805 2109 917 2178 saltem
944 2115 1063 2182 mortui

48 2213 190 2306 discipuli
205 2215 288 2283 liant.
305 2217 376 2285 Hoc
391 2216 560 2285 oraculum
578 2218 733 2307 Hipponis
750 2231 798 2284 est
816 2243 824 2284 r
839 2220 872 2286 id
886 2221 982 2310 igitur
995 2246 1065 2312 per·

44 2327 225 2418 pendamus:
251 2327 312 2408 Qui
337 2352 354 2394 a
378 2329 466 2396 vobis
480 2327 702 2404 odorentur¹,
723 2349 797 2396 oum
817 2330 904 2417 prius
922 2329 1066 2404 homines

42 2437 164 2516 luerint,
184 2437 298 2504 deinde
313 2451 451 2506 mortem
469 2439 620 2505 obierunt
638 2459 646 2501 τ
662 2436 768 2506 affecit
783 2451 889 2505 autem
906 2440 990 2529 ipsos
1007 2440 1070 2507 ho·

38 2571 113 2616 nore
132 2572 209 2617 oum
224 2548 378 2640 temporis
400 2548 602 2627 diuturnitas,
622 2559 691 2616 tum
713 2537 810 2615 etiam
832 2547 1011 2616 fabularum
1030 2549 1069 2616 li-

37 2658 147 2724 uentia.
161 2655 278 2724 Solent
288 2657 388 2733 enim,
400 2657 507 2724 neseio
519 2657 693 2747 quomodo,
706 2681 742 2724 ea
756 2681 827 2748 quae
842 2671 915 2726 sunt
933 2681 1071 2750 praesen·

36 2769 89 2845 tia,
104 2769 170 2859 ipsa
187 2765 422 2836 consuetudine
438 2768 470 2834 in
486 2777 706 2858 contemptum
727 2769 849 2842 venire:
871 2793 941 2858 que
963 2749 1090 2838 autem

35 2889 107 2944 snut
121 2875 300 2967 praeterita,
318 2877 391 2964 quin
410 2887 542 2964 propter
555 2875 782 2942 obscuritatem
800 2876 951 2965 temporis
971 2875 1072 2943 refelli

34 2987 120 3053 baud
130 2985 227 3053 facile
237 2995 384 3076 possunt,
394 3007 433 3051 ex
444 2981 622 3050 fabularum
630 2984 817 3052 commentis
828 2983 984 3051 bonorem
997 3007 1075 3051 oon·

34 3097 122 3188 sequi
136 3120 145 3161 ε
158 3108 195 3162 et
205 3096 277 3162 haeo
288 3093 418 3186 quidem
433 3093 531 3160 iidem
542 3092 662 3162 nullam
673 3093 850 3183 acquirere,
863 3091 916 3160 illa
927 3117 1003 3159 vero
1013 3091 1072 3160 ha-

34 3207 101 3275 beri
117 3207 153 3274 in
168 3205 391 3273 admiratione.
417 3205 553 3272 Proinde
575 3205 628 3293 qui
644 3204 720 3272 olim
741 3216 815 3272 sunt
830 3203 962 3279 mortui,
979 3201 1073 3294 longo

34 3329 181 3408 tempore
200 3311 320 3382 erroris
341 3338 374 3382 se
396 3315 607 3393 venditantes,
624 3315 791 3406 aposteris
814 3313 857 3381 dii
879 3320 946 3381 esse
966 3314 1074 3381 existi-

36 3439 176 3493 mantur.
189 3425 272 3507 Quae
284 3424 413 3514 quidem
424 3425 467 3491 ita
479 3447 547 3491 esse
558 3423 656 3490 fidem
667 3423 789 3491 faciunt
799 3435 900 3490 vestra
911 3425 1073 3512 mysteria,

38 3534 195 3606 solemnes
207 3547 398 3612 conventus,
410 3533 535 3603 vincula
551 3536 659 3611 etiam,
676 3546 708 3600 et
723 3532 865 3610 vulnera,
881 3546 913 3602 et
926 3533 1074 3626 lacrymas

38 3647 193 3718 bonnm:

115 3759 177 3820 Hei
191 3755 282 3817 mihi!
295 3754 375 3834 quod
385 3754 594 3836 Sarpedonem,
602 3755 757 3816 hominum
768 3755 955 3831 carissimum,

61 3900 65 3909 ·
116 3863 224 3918 Fatum
238 3867 285 3917 est
298 3873 316 3915 a
328 3856 473 3933 Patroclo,
487 3857 619 3918 Menoetii
629 3855 699 3932 filio,
711 3854 796 3916 vinci.

72 3976 83 4010 ¹
93 3973 159 4030 vid·
169 3976 203 4030 lt.
213 3973 330 4040 Gubbn,
343 3989 369 4042 p.
382 3973 437 4027 380.
