2448 4610
240 218 306 298 484
628 239 880 284 tonorarronns.
894 269 899 279 .

241 366 352 412 textum
363 350 570 422 Hebraeorum,
582 351 678 408 varias
692 349 823 408 extitisse
833 351 996 428 versiones,
1007 355 1082 412 unde
1093 365 1149 414 tun
1157 371 1219 420 testu

241 455 301 498 tum
316 441 371 499 loci
384 461 419 499 ex
437 439 545 518 quibus
560 437 754 496 desumuntur
772 456 830 496 non
844 438 974 510 omnino,
988 439 1035 496 rel
1048 442 1138 518 quoad
1150 464 1219 506 sm

240 529 409 608 aliquando,
422 531 467 590 vel
480 527 638 607 aliquando
649 527 747 605 quoad
762 547 898 586 versuum
917 527 1219 606 distinctionem,come

239 621 317 680 dant.
336 625 413 681 Nota
430 633 473 679 est
494 617 629 678 omnibus
652 637 708 696 pro
725 603 828 675 Graeca
846 617 943 696 lingna
965 622 1147 698 Septuaginta
1165 630 1219 682 Inte

232 722 347 786 precum
357 713 450 768 versio
456 731 467 779 ,·
476 721 547 766 nota
557 719 601 766 est
613 706 724 784 pariter
735 709 903 784 probatius
910 706 1051 766 idiomate
1060 725 1139 768 cetus
1148 716 1219 774 Itale

237 810 306 856 nota
328 796 453 874 denique
474 793 653 874 presertim,
675 813 740 871 que
768 796 890 871 Vulgata
910 809 1106 874 nuncupatur.
1128 802 1219 866 ΗΜ

239 885 354 964 quando
366 883 480 956 accidit,
492 881 572 961 quod
584 881 736 940 citationes
747 901 783 939 ex
791 883 902 940 Graecis
915 885 1107 964 scriptoribus
1118 887 1219 980 desan*

239 996 304 1036 cum
322 976 449 1054 Vulgata
465 987 566 1032 nostra
593 992 652 1030 non
671 973 830 1032 concordes
848 977 1053 1054 reperiantur,
1070 1000 1134 1038 cum
1147 983 1219 1054 vellfl

118 1127 123 1136 ,
237 1065 337 1124 braico
355 1077 435 1124 textu
454 1062 500 1122 vel
520 1061 709 1141 Septuaginta
723 1066 922 1140 Interpretum
939 1067 1077 1126 versione
1094 1069 1140 1128 bie
1153 1056 1219 1164 rel*

238 1177 307 1215 usus
327 1155 423 1214 fuerit.
440 1152 547 1212 Eadem
569 1171 687 1230 quoque
708 1149 888 1231 divergentia
910 1155 1039 1233 reperiri
1058 1171 1149 1236 potest
1164 1161 1219 1248 inq

239 1244 307 1302 tinis
327 1243 533 1323 scriptoribus,
546 1259 674 1321 quorum
691 1241 790 1319 plures
804 1254 927 1300 veterem
940 1249 1079 1306 Italicam

239 1334 424 1394 Manifestum
446 1347 541 1394 autem
561 1333 723 1411 praesertim
747 1331 803 1390 boc
821 1333 976 1394 discrimen
1000 1335 1200 1416 deprehendit:

239 1422 357 1502 psalmis
371 1445 377 1480 τ
393 1443 476 1497 nam,
490 1435 522 1481 ut
539 1443 639 1482 omnes
652 1434 773 1494 norunt,
785 1423 863 1484 idem
874 1425 953 1503 apud
967 1427 1110 1488 Hebraeos
1121 1443 1145 1487 et
1191 1427 1197 1442 '

239 1513 417 1591 psalmorum
433 1533 585 1585 numerus,
603 1512 656 1570 sed
674 1533 733 1571 non
747 1511 848 1572 eadem
862 1512 1022 1576 distinctio.
1038 1519 1159 1580 Psalmus

238 1603 277 1662 ab
285 1603 520 1664 Hebraeisinduo
530 1603 681 1676 scinditur,
688 1614 717 1660 et
726 1603 855 1662 decimus
861 1604 897 1662 ad
903 1604 965 1666 baec
972 1606 1066 1666 rerba
1073 1609 1161 1687 incipit

238 1693 369 1773 vigesimi
377 1693 512 1752 secundi:
532 1693 654 1768 thut'tf,
668 1695 804 1762 Domine,
816 1696 963 1767 recesstbtr',
975 1707 1034 1754 etc.
1047 1697 1174 1756 Scinditur

240 1795 285 1840 ter
299 1781 337 1842 ab
348 1782 450 1842 iisdem
462 1781 589 1860 psalmus
599 1782 772 1840 centesimus
785 1779 915 1840 decimus
929 1785 1037 1842 tertius
1051 1785 1089 1843 ad
1100 1785 1151 1843 bec

241 1877 307 1932 Non
313 1871 402 1942 nobe,
409 1876 540 1944 Domine,
548 1893 604 1928 non
612 1870 703 1936 nobt's,
713 1883 768 1929 etc.
776 1870 904 1930 Sedcum
911 1874 1045 1950 psalmus
1053 1879 1167 1935 cxlve

241 1959 409 2038 pariterque
424 1963 543 2020 CXLVI
560 1972 589 2016 et
605 1960 739 2018 CXLVII
756 1957 786 2016 in
802 1976 892 2015 unum
906 1959 1065 2037 copulent,
1079 1957 1209 2019 nobism'

240 2049 375 2108 cumdem
389 2051 570 2129 psalmorum
585 2067 738 2114 numerum
752 2047 896 2106 desinunt.
913 2049 1002 2127 Apud
1018 2055 1049 2110 S.
1063 2053 1096 2111 Cl

241 2133 512 2214 aliosGraecos,qui
525 2155 579 2194 nec
593 2148 719 2192 veterem
734 2137 871 2192 Italicam
886 2155 939 2193 nee
957 2140 1115 2216 Vulgarum
1129 2156 1187 2196 nosse

242 2233 352 2298 terant,
366 2224 403 2282 ad
419 2236 530 2282 textum
548 2228 683 2282 Graecum
700 2221 746 2282 vel
761 2222 952 2302 Hebraicum,
967 2245 1037 2284 cum
1053 2227 1096 2286 rel
1110 2227 1140 2285 de

240 2310 288 2370 vel
306 2311 342 2370 de
355 2310 419 2372 aliis
433 2312 516 2372 libris
532 2313 636 2391 agitur,
650 2313 859 2374 recurrendum
874 2327 926 2372 est.
1186 2305 1190 2314 ’

536 2519 670 2582 Annon.
699 2509 769 2607 (t),
796 2535 877 2609 pag.
908 2515 988 2611 169.

280 2719 434 2778 Nonnullis
451 2719 546 2778 visum
561 2729 605 2776 est
620 2717 798 2776 Clementem
816 2717 861 2775 his
874 2719 972 2778 verbis
990 2722 1125 2801 pingendi

240 2811 368 2890 reliquas
392 2811 418 2867 ei
444 2809 567 2881 similes,
585 2820 617 2866 ut
640 2807 756 2866 illicitas
775 2809 890 2887 penitus
910 2807 1069 2884 darnnare3

241 2901 311 2960 dum
327 2900 414 2959 etiam
427 2902 533 2959 strom.
549 2919 581 2956 vr
596 2920 628 2954 :c
643 2897 701 2971 Qui
715 2896 815 2956 divina
829 2915 921 2976 opera
933 2898 992 2958 sibi
1008 2902 1133 2962 vindieat
1143 2919 1181 2982 ptr

240 3015 253 3044 s
270 2987 355 3069 gendi
367 2988 413 3049 vel
432 2987 571 3069 pingendi
591 2999 698 3059 artem,
712 2985 810 3045 dicens
830 3005 861 3045 se
874 3005 937 3046 esse
953 2989 1119 3050 effectorem
1163 2990 1169 3000 '

241 3103 254 3130 s
271 3077 342 3136 tium
354 3089 383 3136 et
397 3077 576 3155 plantarum,
590 3099 603 3126 a
618 3073 726 3132 dicitur
743 3073 960 3151 quodammodo
971 3089 1141 3156 preceptum
1166 3073 1173 3088 ‘

241 3187 300 3246 quo
318 3167 428 3225 furtum
448 3164 633 3244 prohibetur.
647 3167 684 3222 Et
700 3164 850 3242 Paedagog.
866 3163 917 3223 lib.
939 3185 997 3237 ιιι,
1014 3185 1078 3246 cap.
1094 3187 1130 3238 n,

239 3258 310 3317 dicit
325 3257 460 3316 mulieres
476 3275 541 3335 quae
552 3255 659 3314 faciem
673 3273 754 3313 suam
767 3255 799 3312 in
812 3253 937 3333 speculis
950 3256 1173 3334 contemplante,

238 3353 336 3408 Moses
350 3346 503 3427 prohibuit
510 3345 613 3417 facere
632 3347 783 3422 irnagtitcm
797 3344 861 3400 Deo
878 3346 1006 3403 sinriIem.
1022 3345 1169 3419 Quinctia!

239 3439 376 3498 tullianus
389 3437 462 3496 Adv.
474 3436 616 3494 Marcion.
630 3434 680 3494 lib.
698 3455 739 3506 tv,
752 3453 816 3513 cap.
828 3454 907 3509 ¹111,
922 3435 964 3492 ait
976 3437 1126 3515 Apostolos
1137 3460 1148 3486 ι

239 3553 252 3582 s
269 3539 298 3586 et
313 3525 427 3586 Heliam
439 3539 609 3603 apparentes
623 3544 682 3584 non
696 3523 865 3602 cognovisse
879 3523 935 3582 nisi
949 3523 980 3582 in
995 3526 1164 3606 spiritalior

238 3617 404 3695 »imagines
424 3635 527 3676 eorum
546 3614 594 3675 vel
611 3627 722 3676 statues
737 3614 865 3694 populus
882 3614 1040 3690 habuisset,
1054 3630 1084 3676 et
1099 3611 1167 3674 sinf'

238 3732 251 3760 s
265 3727 331 3778 nes,
341 3711 417 3788 Lege
427 3707 610 3788 probibente.
622 3732 635 3759 s
645 3706 726 3766 Idem
739 3704 789 3764 lib.
797 3705 834 3764 de
845 3704 995 3764 idololatr.
1007 3725 1070 3786 cap.
1078 3717 1139 3766 aret
1176 3779 1181 3781 ,

238 3799 323 3857 detur
337 3797 434 3858 dicere
445 3805 549 3860 Mosen
565 3812 678 3859 vetasse
689 3796 752 3856 lieri
767 3799 901 3877 quamvis
916 3796 1038 3875 cujusvis
1048 3797 1090 3858 rei
1114 3798 1121 3810 '
1147 3793 1168 3806 ''

237 3907 312 3947 nem.
324 3893 360 3947 Et
373 3888 421 3946 lib.
436 3889 472 3947 de
480 3889 668 3967 Spectaculis,
680 3907 746 3966 cap.
755 3907 834 3946 xxm
848 3911 854 3944 :
868 3914 880 3940 ι
892 3893 954 3946 Jam
966 3907 1044 3961 vero,
1057 3883 1162 3963 requies
