2574 4628
354 291 552 338 coneursum
577 291 617 335 sn
641 291 769 336 cnsrns.
1019 290 1079 356 ²⁰9
1119 339 1122 356 Ι

20 410 89 478 lilio
106 433 175 476 suo
192 407 349 476 salutaria
361 423 446 487 sunt,
460 411 657 499 imperantis,
670 421 840 500 angustum
851 430 890 476 ac
901 409 1080 477 venerabile

22 539 153 586 nomen
178 521 217 586 in
243 520 462 610 cognitionem
484 521 614 588 venerit.
633 515 690 586 llle
705 520 759 608 qui
776 519 807 585 ei
822 531 912 608 paret
932 519 1081 588 omnibus

22 653 101 696 sane
118 631 232 697 rebus
243 627 412 719 precellit,
425 630 566 720 sequitur
578 629 696 706 Deum,
707 642 797 719 paret
812 629 910 707 Patri,
924 628 1014 696 illum
1028 652 1081 696 er-

22 760 98 806 rans
126 738 307 829 coguovit,
324 735 433 804 dilexit
454 735 571 815 Deum,
596 737 706 804 dilexit
724 738 917 828 proximum,
939 737 1082 829 implevit

21 847 248 924 mandatum,
264 847 434 937 praemium
448 849 593 937 requirit,
609 847 801 938 promissum
816 848 921 938 exigit.
939 848 1007 916 Dec
1022 873 1082 916 an-

24 971 93 1024 tem
109 981 255 1047 semper
271 957 469 1047 propositum
485 969 546 1036 est,
564 982 689 1026 servare
703 983 832 1049 gregem
847 959 1035 1028 hominum:
1051 974 1087 1060 et¹

23 1068 101 1134 iden
115 1069 259 1134 benum
281 1078 441 1156 pastorem
456 1070 559 1136 bonus
578 1071 664 1136 misit
680 1070 778 1154 Deus.
799 1068 943 1137 Verbum
960 1083 1081 1149 autem,

25 1177 201 1269 explicata
218 1176 366 1254 veritate,
385 1174 493 1244 salutis
508 1175 708 1246 altitudinem
730 1178 913 1246 hominihus
932 1181 1082 1258 ostendit,

29 1301 67 1356 ut
89 1287 146 1355 vel
174 1287 272 1354 ducti
293 1287 491 1377 penitentia,
513 1288 648 1356 salutem
672 1301 957 1380 consequerentur3
985 1289 1034 1357 vel
1057 1293 1083 1357 si

30 1423 153 1490 parere
179 1397 323 1475 nollent,
345 1398 464 1486 judicio
491 1399 596 1468 ferent
624 1401 762 1468 obnoxii.
786 1401 863 1468 llaec
884 1415 933 1468 est
956 1402 1084 1490 justitiae

33 1509 248 1600 pradicatio,
262 1529 334 1597 qum
345 1509 533 1600 parentibus
550 1511 675 1577 bonum
693 1523 741 1576 est
754 1511 920 1588 nuntium3
940 1525 1083 1588 ceteros,

35 1620 93 1709 qui
121 1643 244 1710 parere
268 1619 525 1696 detrectaverint,
544 1618 666 1709 judicio
688 1621 827 1688 arcessit.
851 1621 949 1709 Atqui
971 1620 1084 1689 bellica

37 1751 118 1796 sane
128 1731 217 1796 tuba·
226 1727 377 1819 clangore
391 1753 448 1796 sue
460 1727 575 1796 milites
594 1731 842 1820 congregaverit,
855 1744 888 1796 et
900 1728 1020 1797 bellum
1035 1731 1086 1797 in-

36 1837 162 1905 dixerit
178 1862 188 1902 :
210 1836 338 1905 Christo
353 1848 460 1905 autem
473 1831 643 1928 nacilicum
658 1861 787 1906 carmen
804 1835 1085 1929 adlimitcs'nsquc

37 1961 144 2014 teum
157 1946 290 2025 efflanti,
302 1946 452 2037 pacificos
463 1969 536 2014 sues
547 1932 661 2014 milites
671 1970 864 2038 congregare
875 1972 940 2016 non
955 1947 1086 2017 licebit?

47 2057 271 2146 Congregarit
279 2057 566 2147 qrridem,ohomo‚
574 2057 765 2146 sanguineet
775 2059 873 2123 verbe
882 2057 1085 2126 incruentum

41 2168 258 2242 exercitum,
280 2169 328 2235 cui
352 2190 486 2257 regnum
512 2167 665 2236 coelcrnm
693 2166 832 2233 tradidit.
863 2166 953 2234 Tube
979 2182 1086 2236 autem

44 2277 181 2344 Christi
197 2288 244 2342 est
256 2278 321 2366 ejus
335 2277 550 2368 Evangelinm.
566 2279 608 2345 Et
618 2278 644 2344 is
655 2277 786 2367 quidem
801 2278 877 2343 tuba
888 2279 1016 2354 cecinit.
1030 2301 1087 2346 nos

44 2399 165 2452 autem
187 2383 374 2452 audirimus.
391 2385 535 2452 Pacificis
554 2386 651 2475 igitur
674 2386 769 2452 armis
789 2387 996 2461 instruamur;
1010 2412 1023 2446 a
1038 2388 1088 2452 in-

42 2525 62 2558 »
79 2495 152 2561 dati
167 2493 334 2560 thoracem
349 2494 488 2582 justitia,
505 2505 538 2560 et
552 2505 712 2583 assumpto
729 2493 842 2584 clypeo
856 2493 943 2572 lidei,
957 2511 987 2560 et
1001 2493 1088 2584 galea

44 2604 193 2672 »salutis
208 2605 375 2694 imposita,
391 2603 531 2693 gladium
546 2605 648 2670 ctiam
662 2604 802 2694 spiritus,
815 2604 879 2673 hoc
894 2617 941 2671 cst
955 2605 1089 2671 verbum

43 2749 58 2780 ι
73 2716 168 2792 θεῖ’,
181 2736 406 2781 »exacuamns
421 2715 468 2780 lta
480 2735 537 2779 nos
546 2712 715 2802 Apostolus
723 2713 856 2803 pacifice
867 2713 1001 2781 ordinat.
1012 2715 1089 2782 llaec

43 2839 162 2895 nostra
175 2836 254 2891 sunt
263 2846 363 2898 arma,
372 2821 554 2889 vulneribus
564 2845 693 2912 prorsus
704 2823 866 2913 impervia.
875 2825 930 2890 His
942 2824 1087 2916 instructi

43 2939 207 3004 adversus
222 2933 344 3001 malum
363 2931 500 3000 illumin
515 2933 582 3001 acie
597 2943 728 3010 stemus,
746 2935 855 3026 ignita
870 2935 958 3002 Matt
969 2935 1090 3023 jacula

42 3048 296 3137 atinguamus
314 3035 425 3131 aqucis'
436 3042 619 3131 cuspidibus
638 3065 656 3109 a
671 3040 777 3109 Verbo
793 3043 911 3121 tinctis,
933 3043 1088 3112 beneficia

45 3153 308 3249 gretislaudibua
316 3165 605 3232 remunerantes,et
613 3154 716 3221 Deum
725 3177 783 3244 per
793 3141 1089 3223 divinuml'erbum

44 3269 264 3341 honorantes.
282 3261 404 3330 Astus
425 3264 511 3330 enim
536 3264 682 3351 haerente
695 3280 738 3341 te,
761 3265 857 3342 dicct,
876 3265 990 3353 inquit,
1007 3263 1091 3330 Ecce

45 3373 210 3444 adam&
230 3371 261 3441 Ο
277 3383 418 3440 sanctam
432 3384 465 3438 et
481 3374 606 3440 beatam
619 3373 703 3440 hanc
721 3375 908 3463 potentiam,
921 3397 980 3462 per
994 3397 1089 3462 quam

47 3487 143 3555 Deus
165 3505 243 3552 cum
264 3482 446 3559 hominibus
463 3485 617 3549 versatur!
638 3482 769 3549 Praestat
785 3484 881 3572 igitur
903 3483 1029 3572 optimae
1050 3507 1088 3550 ec

47 3592 325 3687 prestantissimae
339 3605 460 3659 natura.
474 3593 664 3660 imitatorem
682 3591 776 3659 simul
791 3604 823 3659 et
838 3591 992 3659 cultorem
1006 3592 1084 3659 lieri.
1150 3644 1169 3654 ,

52 3703 151 3774 Nullo
167 3705 257 3771 enim
271 3701 334 3769 alio
349 3701 444 3768 modo
460 3702 576 3768 imitari
591 3702 695 3769 Deum
709 3700 797 3778 licet,
816 3701 874 3766 nisi
891 3715 998 3769 sancte
1012 3725 1103 3785 enm·

51 3816 298 3892 ostentamen
315 3804 422 3884 celere
440 3837 478 3882 ac
498 3813 652 3890 venerari,
676 3812 736 3879 nisi
758 3811 920 3880 imitando.
946 3812 1086 3881 Goelestis
1184 3825 1187 3833 ’

90 3941 205 4011 *Ephea
217 3961 254 4004 vr,
264 3942 304 4004 rl,
316 3944 355 4004 ιδ,
367 3961 404 4009 ¹7·
419 3960 430 3994 ι
441 3942 529 3996 Thess.
543 3959 568 4004 v,
579 3943 602 3994 8.
617 3941 675 3992 lsai·
689 3959 737 4005 nix,
751 3959 786 4007 ¹7·
800 3940 853 4000 --,2
862 3942 922 3993 lsai.
933 3959 1000 4000 svm,
1011 3957 1034 4005 9.

241 4053 288 4098 ιιι.
754 4017 760 4056 l
882 4031 920 4106 ¹4
