2448 4610
289 286 476 338 motum
496 289 558 337 m·
583 291 606 336 l.
693 303 705 330 ι

20 429 89 488 eant
102 437 170 492 eos,
184 413 239 504 qni
251 437 289 482 ca
300 418 450 493 utuntur,
464 427 537 507 post
547 427 684 485 mortem
703 415 743 481 ad
755 413 871 482 inlesos
882 437 891 482 a
904 415 975 505 ejus

20 541 75 596 tem
85 527 205 616 vestigia
217 526 348 594 minime
360 539 434 594 sunt
445 523 579 594 stabilia.
599 554 613 588 a
629 527 694 594 Fac
705 549 798 616 ergo,
812 537 848 592 ut
859 525 972 594 viatus

20 637 127 730 pahsit
142 633 264 702 astulta
279 634 460 726 voluptate:
484 635 556 703 «Ne
574 633 697 702 steteris
710 635 845 702 adfores
860 635 973 702 domus

20 769 58 824 at,
71 759 101 812 nt
119 769 180 812 non
194 743 300 811 tradat
322 744 388 812 aliis
409 746 508 812 vitam
527 757 656 814 tuam.»
678 745 761 811 'l'um
787 739 971 812 altestatur:

20 855 139 924 cindato
155 853 322 944 paenitelsit
342 855 376 921 in
399 864 583 933 senectute,
604 853 731 943 quando
748 853 892 922 contrita·
908 854 974 920 lue-

20 977 143 1032 ttcarnes
156 965 365 1054 tuicorporis.
384 965 473 1031 »llio
489 977 537 1030 est
551 965 637 1032 enim
653 965 724 1032 finis
739 964 842 1032 stultae
857 960 972 1054 volup-

20 1073 151 1142 tllthate
161 1073 292 1164 quidem
308 1074 351 1139 ita
364 1095 397 1139 se
412 1071 542 1140 hahent.
561 1074 643 1140 Cum
655 1087 761 1142 autem
776 1073 909 1140 dixerit:
923 1073 973 1141 Ne

20 1185 117 1250 saltam
127 1182 208 1270 apud
221 1183 374 1259 alienam,
394 1183 440 1250 uti
454 1183 604 1273 quidem,
622 1183 753 1250 sednon
768 1181 930 1251 immorari
942 1193 975 1249 et

20 1311 119 1362 unere
132 1293 163 1360 in
182 1291 329 1360 doctrina
347 1289 488 1360 saeculari
504 1293 664 1360 admonet.
679 1291 787 1360 Verbo
801 1292 887 1358 enim
904 1292 972 1360 Do-

20 1401 218 1492 lpraeparant,
234 1425 274 1470 ao
289 1402 377 1492 prius
397 1402 584 1478 instituunt,
601 1425 671 1490 quae
682 1399 883 1490 temporibus
893 1422 974 1468 eon-

20 1511 130 1580 hntibus
150 1511 325 1600 unicuique
345 1509 539 1600 generationi
559 1493 772 1622 utiliterOdata
793 1521 879 1577 sunt.
898 1509 971 1578 Jam

20 1621 162 1709 cquidcm
186 1619 377 1686 ancillarum
398 1619 527 1685 inescati
548 1617 693 1710 philtris,
710 1629 970 1708 contempserunt

20 1727 99 1794 tinam
112 1727 363 1818 philosophiam,
383 1741 415 1794 et
431 1751 469 1793 ex
488 1727 562 1818 ipsis
578 1725 629 1793 alii
649 1725 778 1816 quidem
792 1749 970 1794 consenue-

20 1837 206 1915 ttinmusica,
224 1837 279 1904 alii
292 1837 407 1904 veroin
422 1837 612 1928 geometria,
630 1835 681 1902 alii
694 1848 802 1902 autem
819 1835 853 1902 in
870 1859 972 1926 gram·

20 1945 82 2021 lita,
96 1947 211 2036 plurimi
235 1959 346 2014 autem
366 1949 398 2012 in
426 1947 593 2012 rhetorica.
614 1947 678 2012 Sed
700 1945 971 2034 quemadmodum

20 2051 185 2146 mla‚quas
204 2069 323 2124 vocant
339 2069 501 2144 ἐγκυκλίους,
517 2056 581 2121 hoc
599 2065 648 2121 est
670 2055 850 2133 circulares,
875 2055 970 2123 disci·
1080 2109 1083 2114 .

20 2181 61 2239 aa,
76 2167 228 2233 conterunt
254 2167 297 2234 ad
315 2165 568 2255 philosophiam,
598 2175 732 2254 quaest
754 2167 894 2256 ipsorum
916 2167 970 2233 do

22 2273 107 2340 ltita
127 2277 218 2344 etlam
240 2277 311 2367 ipsa
337 2272 535 2366 philosophia
558 2273 599 2340 ad
624 2274 797 2364 parandam
821 2275 972 2343 conducit

22 2373 130 2460 latiam.
149 2387 203 2452 Est
227 2387 317 2452 onim
342 2383 540 2475 philosophia
561 2383 691 2472 quidem
716 2383 902 2453 exercitatio
921 2407 971 2452 sa

23 2482 84 2580 ᾖ,
101 2494 244 2584 sapientia
265 2517 343 2562 vero
364 2517 471 2560 rerum
489 2493 668 2560 divinarum
684 2507 716 2560 et
736 2493 968 2572 humanarum,

24 2604 144 2688 ¹tttsnrum
162 2605 304 2694 ipsamm
327 2605 467 2670 scientia.
490 2604 545 2670 Est
561 2601 647 2670 enim
671 2605 821 2693 sapientia
843 2601 970 2670 domina

24 2693 155 2798 hophia,
173 2713 257 2781 deut
275 2711 329 2778 illa
342 2711 444 2790 illius,
463 2737 532 2801 quaa
547 2711 718 2802 praecedit,
735 2711 920 2804 disciplinae.
936 2711 970 2781 Si

26 2813 222 2912 >philosophia
229 2821 399 2912 profitetur
406 2822 633 2889 continentiam
640 2820 792 2910 etlinguae
801 2835 832 2888 ct
839 2823 968 2901 ventris,

27 2923 92 2996 hm
103 2943 254 3018 quaesunt
266 2931 325 2997 sub
338 2943 499 3008 ventrem,
511 2943 543 2996 et
555 2943 602 2996 est
614 2942 746 3022 propter
758 2955 791 2997 se
806 2929 968 3022 eligenda:

28 3029 88 3116 ¹hilo
97 3040 250 3108 ridebitur
261 3039 470 3108 venerabilior
476 3053 508 3106 et
520 3039 738 3131 prestantior,
752 3041 777 3106 si
786 3051 972 3108 exerceatur

29 3125 139 3230 lutei
153 3149 311 3218 honorem
329 3162 362 3215 et
381 3150 605 3239 cognitionem.
621 3151 740 3217 Eorum
762 3162 887 3227 autem,
901 3173 972 3239 quaa

30 3249 127 3334 tant,
144 3259 282 3348 parhaec
297 3260 452 3350 praebebit
468 3258 631 3348 Scriptura
646 3259 873 3326 testimonium.
894 3259 972 3325 Sara

32 3357 106 3430 tolim
121 3367 248 3446 sterilis,
269 3369 403 3436 Abrahae
426 3391 504 3434 uxor
520 3391 529 3433 τ
547 3389 621 3451 cum
639 3380 744 3434 autem
761 3391 827 3434 non
847 3375 972 3458 pareret

33 3483 55 3542 t,
73 3475 202 3544 ancillam
228 3503 318 3544 suam
347 3479 475 3545 nomino
500 3477 584 3567 Agar
611 3473 791 3567 AEgyptiam
817 3475 972 3566 permittit

34 3573 86 3652 tha
101 3585 136 3650 ad
155 3585 328 3654 liberorum
349 3589 591 3677 susceptionem.
611 3587 771 3676 Sapientia
790 3609 883 3676 ergo,
901 3609 972 3675 quaa

70 3687 120 3757 dcli
135 3695 291 3764 cohabitat
319 3695 431 3784 (fidelis
447 3709 554 3764 autem
570 3707 603 3760 et
625 3695 727 3783 justus
747 3709 909 3785 reputatus
923 3705 972 3764 ost

69 3803 121 3890 am)
137 3819 221 3880 ,erat
239 3805 344 3874 adhuc
358 3802 471 3872 sterilis
488 3817 521 3870 et
536 3804 602 3872 sinc
616 3803 722 3870 liberis
735 3804 826 3874 inilla
837 3830 971 3897 genora-

56 3922 177 4006 uthuae
190 3915 267 3990 nihil
287 3916 392 3990 adhuc
405 3915 561 3996 turma,
577 3915 663 4008 quod
678 3927 759 3986 esset
776 3935 815 3991 cx
829 3915 968 4000 virtute,
