2452 4602
355 312 554 366 reprecans,
577 313 637 357 ιιι.
665 311 712 356 ιιι.
985 287 1047 377 595

16 446 125 526 rgunt;
151 445 184 499 et
206 432 349 509 nubunt,
371 455 548 522 uxoresque
569 431 691 498 ducunt
710 423 867 496 foeminae:
881 425 987 494 nullus
1002 437 1051 492 est

16 557 133 612 meatus
148 545 192 610 ad
207 567 304 634 quern
319 565 385 609 non
398 555 504 634 pateat
519 543 622 609 aditus
646 541 863 634 impudicitiae.
885 540 958 605 lam
974 561 1050 606 vero

15 656 56 722 cis
68 678 198 744 quoque
211 654 390 721 communis
403 676 501 719 vanus
511 651 707 742 publicatur,
718 651 891 718 domestica
902 661 951 713 est
961 647 1050 713 luxu·

17 767 67 831 ria.
81 763 109 830 0
122 741 345 830 miserandum
353 761 584 852 spectaculum!
599 785 618 828 o
630 760 801 828 nefandum
809 759 1049 826 studiumlllaec

17 873 107 943 civilis
122 886 239 940 vestra
253 874 504 963 intemperantiae
519 872 731 938 ostenduntur
746 870 882 960 tropbaea
901 868 974 935 :hae
989 868 1049 934 lla-

16 983 83 1074 gitia
90 994 236 1072 arguunt
246 1007 316 1073 quae
325 993 471 1071 prostant
482 982 515 1048 in
527 981 713 1049 fornicibus.
724 980 789 1047 Obl
800 990 970 1070 quantaett
981 977 1050 1044 haec

17 1093 180 1182 iniquitaal
195 1091 262 1158 Sed
275 1115 381 1182 neque
395 1090 589 1181 intelligunt,
605 1091 724 1168 miseri,
740 1101 873 1180 quantas
888 1112 969 1178 saepe
983 1099 1049 1153 tra·

18 1202 130 1294 guadias
147 1203 268 1269 excitet
283 1203 423 1270 incertus
443 1203 559 1270 coitus.
579 1201 662 1268 Cum
677 1194 839 1268 meritorio
854 1199 919 1266 filiu
934 1211 966 1266 et
980 1221 1050 1264 me-

18 1314 182 1380 retricibus
200 1309 327 1378 filiebua
348 1335 430 1401 saepe
441 1324 546 1403 patrea
557 1318 687 1388 coe‘unt,
705 1311 919 1401 expositorum
932 1311 1049 1378 libero-

21 1443 85 1487 rum
102 1421 332 1486 immemores:
348 1430 380 1485 et
395 1419 477 1486 viros
489 1442 558 1486 esse
569 1441 623 1484 eos
634 1419 689 1508 qui
707 1430 898 1509 genuerunt,
911 1418 1050 1484 ostendit

18 1529 106 1596 nimia
130 1527 273 1594 libidinis
293 1525 431 1594 licentia.
455 1527 531 1596 llaec
553 1529 706 1618 sapientes
726 1526 809 1620 legea
832 1528 1045 1617 permittunt:

20 1637 214 1706 baranum
233 1637 279 1702 eis
299 1659 434 1726 peceare
455 1661 494 1702 ex
515 1635 597 1727 lege,
616 1650 649 1702 et
668 1637 835 1705 nefandam
852 1636 1047 1726 voluptatem

21 1748 175 1840 appellant
189 1747 447 1816 indifferentiam.
462 1749 538 1814 Esse
555 1771 588 1813 se
603 1749 643 1814 ab
659 1746 815 1815 adulterio
831 1747 948 1814 liberos
967 1749 1048 1813 exis·

20 1858 149 1934 timent,
174 1857 230 1946 qui
253 1870 401 1925 naturam
425 1856 604 1924 adulterant
622 1879 631 1922 ι
652 1880 707 1924 eos
722 1870 829 1948 autem
843 1857 1048 1946 consequitur

23 1989 220 2055 eorumquae
240 1965 396 2056 flagitiose
411 1967 452 2032 ab
468 1966 514 2032 eis
532 1978 711 2056 perpetrata
731 1979 821 2042 sunt,
841 1963 936 2032 ultrix
955 1966 1048 2055 justi·

1 2075 83 2148 'tier
105 2088 138 2140 et
161 2077 193 2142 in
215 2075 335 2164 seipsos
357 2073 569 2140 inevitabilem
594 2073 787 2140 attrahentes
816 2074 1044 2152 calamitatem,

21 2207 112 2276 perro
122 2209 258 2252 nummo
270 2195 406 2252 mortem
417 2195 539 2250 emunt.
552 2183 673 2250 Harum
685 2185 839 2252 mercium
851 2186 956 2252 miseri
967 2209 1047 2254 mer

24 2307 137 2362 catores
157 2295 322 2384 navigant,
345 2305 496 2382 tanquam
519 2291 731 2371 frumentum,
753 2305 904 2382 tanquam
925 2296 1045 2371 vinum,

25 2403 260 2472 fornicationem
282 2403 515 2493 importantes:
537 2402 588 2469 alii
609 2415 716 2470 autam
736 2402 830 2495 longe
856 2405 1045 2482 miseriores,

24 2527 164 2606 tanquam
173 2538 306 2605 panem,
315 2526 465 2603 tanquam
474 2513 656 2590 obsonium,
665 2512 839 2605 voluptates
848 2525 1043 2604 comparant.

22 2623 125 2692 lltnec
139 2623 223 2691 illud
237 2623 366 2712 quidem
380 2622 475 2689 blesis
490 2623 535 2689 eis
549 2623 634 2689 venit
649 2623 682 2689 in
693 2635 834 2690 mentem
846 2647 855 2689 z
869 2653 881 2685 ι
893 2625 919 2693 N
923 2649 965 2691 on
974 2647 1047 2716 pro·

26 2736 169 2804 rfanabis
188 2717 288 2801 filiam
304 2727 405 2811 tuam,
429 2745 465 2800 ut
478 2757 550 2800 earn
563 2733 659 2800 facias
674 2736 873 2802 meretricem
894 2760 902 2802 :
923 2748 956 2802 et
979 2759 1045 2803 non

25 2842 257 2910 »fornicabitur
274 2853 370 2918 terra,
387 2855 419 2908 et
436 2852 519 2908 terra
535 2839 718 2932 implebitur
732 2843 896 2931 iniquitate
907 2842 930 2909 ’.
947 2844 1046 2908 »llaec

28 2949 97 3018 olim
110 2952 296 3043 prophetice
310 2952 394 3019 dicta
411 2965 485 3019 sunt
506 2976 515 3018 ε
534 2965 702 3019 astantem
721 2955 903 3022 manifestus
918 2954 1040 3021 exitus:

24 3063 120 3130 omnis
135 3064 202 3152 jam
214 3075 297 3128 terra
308 3075 341 3127 ct
351 3061 558 3129 fornicatione
569 3074 602 3129 et
612 3063 774 3152 iniquitate
788 3062 881 3152 plena
893 3073 950 3128 est.
965 3062 1045 3128 Sus-

23 3173 103 3266 picio
113 3186 222 3241 autem
236 3186 269 3239 et
282 3174 422 3240 admiror
433 3185 553 3240 veteres
564 3173 781 3241 Romanorum
795 3172 986 3263 legislatores
998 3194 1007 3238 ε
1023 3173 1044 3238 ii

23 3284 175 3352 muliebre
186 3295 217 3350 et
231 3283 462 3350 effoeminatum
476 3284 546 3350 vitae
561 3285 699 3350 studium
713 3282 788 3349 odio
802 3285 996 3361 habuerunt,
1012 3299 1044 3352 ct

25 3394 161 3484 eorporis
171 3418 246 3460 cum
262 3395 388 3460 foemina
401 3395 661 3462 consuetudinem
673 3407 788 3485 praeter
798 3407 917 3459 naturoe
927 3393 1042 3484 legem,

1 3542 3 3547 ·
25 3515 115 3569 terrae
128 3503 220 3569 infodi
232 3502 350 3594 exlege
364 3504 492 3593 justitie
506 3527 633 3594 aequum
646 3505 876 3570 existimarunt.
895 3505 985 3572 Nefas
995 3519 1044 3573 est

27 3615 108 3680 enim
122 3614 251 3680 barbam
266 3613 394 3692 vellere,
411 3639 481 3705 quae
494 3630 542 3682 est
556 3603 761 3705 pulchritudo
775 3617 953 3706 congenita,
970 3617 1039 3710 pul-

26 3723 168 3790 chritudo
178 3724 314 3814 ingenua
327 3749 335 3791 ε

105 3855 197 3916 Primo
211 3853 367 3919 barbatum
383 3881 391 3918 :
404 3879 527 3942 namque
540 3857 601 3920 baec
613 3859 773 3940 gratissima
783 3859 884 3943 pubes

60 3974 219 4037 ttaeriran,
231 3994 269 4044 ²9·
