2382 4592
326 239 512 286 semeron
534 206 598 286 ιιι.Ι
621 241 665 286 iv.
955 217 1015 302 167

28 361 104 452 mhi,
121 371 150 427 et
161 361 201 427 ab
215 360 452 430 externamlum
464 386 559 432 eausa
573 363 637 432 nm
653 361 766 453 agendi
783 383 907 450 capere.
927 360 1017 426 Unde

27 453 111 576 ΗΘ,
122 469 241 558 perinde
251 493 288 536 ac
302 493 372 547 nos,
385 471 418 538 in
433 474 640 560 quaestionem
651 471 736 537 venit
752 470 792 536 (le
807 493 865 536 suo
877 469 1016 558 judicio,

26 577 101 666 bque
117 573 261 644 electione
281 601 387 646 nerum
409 578 614 670 eligibilium,
629 592 662 645 et
677 577 838 668 patientia.
862 577 1016 657 Quamvis

24 681 102 868 tum
119 709 177 752 nou
198 685 344 752 iaciamus
364 687 532 777 iujuriam,
556 700 707 776 tauquam
731 697 839 753 tamen
865 675 1016 772 injuriam

25 877 26 880 Ἴ
55 793 154 871 ‘entem
174 815 229 862 nos
249 793 391 861 intuetur
406 796 512 886 judex.
537 795 647 886 Neque
665 795 751 862 enim
773 805 881 860 nostra
907 793 1015 869 novit,

23 915 98 990 taque
116 899 178 968 uult
195 903 296 969 seire:
313 902 370 970 sed
387 904 526 992 quodam
542 905 628 972 inani
647 909 885 994 praeoccupatus
900 899 1016 990 abripi·

22 1011 55 1081 br
72 1009 256 1100 praejudiciali
277 1011 361 1078 unde
376 1014 477 1080 etiam
492 1013 560 1102 ipse
579 1012 700 1102 judieio
715 1011 752 1080 fit
768 1011 932 1078 menius.
952 1009 1015 1076 Nos

20 1139 72 1208 ugo
85 1131 306 1208 persequuntur
321 1170 332 1198 ,
356 1144 421 1188 uon
447 1122 534 1212 qnod
554 1121 688 1211 injustos
706 1144 775 1190 esse
796 1119 1016 1209 deprebende-

19 1225 75 1302 tint,
86 1226 222 1315 sedquod
232 1253 289 1296 uos
301 1229 528 1298 vitaehumanae
539 1229 689 1319 injuriam
704 1229 808 1298 lacere
822 1229 1013 1303 existiment,

18 1335 121 1424 eoquod
136 1336 227 1402 simus
249 1337 420 1406 Christiani
427 1362 437 1412 ς
457 1350 490 1405 et
512 1362 587 1406 cum
603 1339 662 1428 ipsi
689 1339 735 1405 sic
756 1338 853 1406 vitam
876 1337 1015 1404 institui-

17 1461 83 1517 mus,
104 1452 166 1506 tum
183 1439 257 1508 alios
279 1439 466 1520 hortamur,
484 1456 518 1509 ut
531 1444 626 1510 vitam
649 1443 765 1534 degant
787 1441 931 1509 similem.
948 1441 1015 1508 Cur

16 1559 114 1624 subm,
134 1549 300 1638 inquiunt,
317 1577 393 1620 cum
411 1575 466 1618 vos
486 1565 736 1642 persequuntur,
756 1549 833 1617 nihil
856 1551 944 1618 vobis
967 1550 1014 1618 al-

15 1654 89 1720 baar
107 1657 225 1723 auxilii?
242 1657 331 1740 Quid
355 1660 461 1737 enim,
482 1661 567 1750 quod
587 1661 629 1727 ad
648 1683 707 1754 nos
727 1658 855 1748 quidem
882 1659 1012 1735 attinet,

13 1764 82 1828 nobis
93 1763 124 1830 lit
135 1766 265 1854 inlus-iae,
279 1782 362 1836 'eum
376 1781 480 1835 morte
495 1768 588 1836 soluti
601 1769 761 1834 tendimub
775 1767 1010 1839 adllominmm
1094 1757 1098 1765 ¹

13 1889 60 1936 neo
69 1871 140 1939 aliter
154 1876 222 1942 altae
236 1878 418 1944 mutatione
430 1879 606 1953 allicimur,
619 1892 714 1965 quam
727 1877 780 1963 qui
797 1899 836 1941 ex
847 1897 909 1941 uun
923 1885 1014 1940 aetate

17 1977 49 2042 ml
64 1978 135 2046 ubam
148 1986 337 2051 transeunti
353 1987 387 2052 si
402 1997 512 2052 autem
530 1986 708 2074 sepiamus,
727 1985 764 2049 iis
782 1983 897 2073 gratias
914 1981 1014 2049 bube-

14 2085 274 2178 bimusouinobis
287 2095 488 2184 praebuerint
503 2092 704 2160 occasionem
722 2090 834 2159 celeris
849 2091 1013 2182 migratio-

9 2194 62 2271 nis,
75 2197 97 2261 oi
109 2212 233 2290 psopter
247 2201 455 2268 dilectionem
471 2213 626 2289 martyies
642 2200 766 2266 fiamus.
788 2199 919 2276 Sinon,
938 2197 1012 2265 mali

8 2297 121 2372 beminen
131 2331 185 2376 nos
200 2311 313 2378 multis
324 2333 394 2377 esse
408 2311 464 2378 visi
475 2331 627 2377 essemus.
649 2310 682 2376 Si
696 2309 756 2399 lpsi
769 2321 874 2374 autem
887 2330 1013 2397 quoque

8 2412 135 2481 loibum
154 2420 343 2496 venitatem,
367 2441 478 2486 omnes
500 2418 630 2506 quidem
650 2418 686 2484 in
709 2417 792 2483 viam
814 2413 1012 2492 insiliissent,

8 2535 55 2586 uon
69 2522 165 2593 tusas
181 2541 292 2596 autem
307 2526 431 2594 electio.
451 2527 515 2594 Sed
533 2527 620 2592 onim
639 2537 746 2592 nostra
765 2526 864 2601 lidos,
882 2547 955 2590 oum
974 2525 1014 2591 sit

8 2630 148 2700 luxmundi
156 2636 184 2712 ¹,
199 2639 305 2728 uiguit
316 2635 545 2703 infidelitatem.
570 2635 671 2703 «Nam
681 2657 735 2703 me
751 2635 875 2724 Anytus
886 2633 1015 2725 quidem

8 2744 46 2804 iet
65 2734 179 2810 llelitus
199 2729 414 2822 interficient,
441 2744 529 2811 nullo
553 2753 659 2813 autem
686 2745 782 2811 modo
804 2765 856 2811 me
883 2741 1010 2810 laedent.

8 2845 110 2937 illoque
129 2855 213 2921 enim
227 2855 285 2924 ‘fas
306 2878 375 2920 esse
397 2851 560 2930 existimo,
579 2865 615 2918 ut
633 2853 682 2929 id,
703 2852 789 2941 quod
809 2865 857 2919 est
878 2851 1012 2926 melius,

8 2951 131 3026 uatum
144 2952 183 3028 ab
197 2989 259 3041 eo,
276 2964 362 3052 quod
376 2975 424 3029 est
438 2963 613 3028 deterius.»
639 2961 714 3028 ldeo
737 2961 953 3050 uuusquisque
975 2981 1015 3024 ox

8 3065 74 3133 bebio
88 3091 193 3139 secane
213 3073 292 3140 ‹ticit
303 3083 335 3138 et
349 3071 563 3139 confidenter:
587 3071 759 3138 «Dominus
770 3070 850 3136 mibi
865 3071 1010 3158 adjutor:

8 3177 70 3241 ineu
87 3179 224 3258 timebo,
245 3179 323 3272 quid
348 3181 442 3248 saciat
471 3179 549 3246 mihi
579 3175 712 3246 bomo².
736 3175 901 3245 laetorum
927 3175 1013 3242 euim

8 3285 112 3353 ›uimae
124 3289 155 3356 in
167 3281 267 3359 manu
277 3287 335 3356 Dei
350 3300 441 3364 sunt,
453 3300 485 3353 et
498 3309 562 3353 uon
578 3299 685 3376 tanget
696 3311 749 3353 eas
759 3297 956 3351 tormentum
964 3285 1007 3350 ’.ι

37 3396 219 3471 Concludit
235 3395 399 3497 denique
410 3395 618 3486 basilidem,
636 3400 706 3493 qui·
726 3411 919 3492 martyrem
946 3419 1013 3492 pu·

8 3511 55 3580 siri
71 3529 215 3615 propter
230 3529 379 3617 peccata
390 3530 476 3587 ante
491 3527 646 3585 mortem
665 3518 854 3586 commissa
867 3527 1014 3584 conten-

8 3621 105 3720 lebat,
122 3649 157 3704 et
170 3633 423 3722 Valentinum,
445 3633 510 3730 qui
529 3644 733 3702 sementem
748 3636 1011 3732 consumpsisse

8 3738 169 3840 lebrahae,
183 3748 419 3822 subobscuris
438 3751 633 3820 ratiociniis
647 3747 874 3848 redarguens.

29 3879 126 3938 'Mum
138 3906 162 3952 v,
174 3895 214 3954 14.
227 3917 259 3930 -
270 3888 278 3913 ²
288 3889 349 3938 l’sel.
367 3888 728 3955 cxv111‚6.-'‘Sop.su,a.
