2522 4608
370 285 652 349 renascereris.
679 287 712 336 tr.
993 265 1053 332 565

32 433 151 504 quoque
160 413 252 479 dicit:
266 413 365 480 rllaec
371 425 478 479 autem
489 413 595 479 omnia
607 425 715 503 gentes
726 409 836 478 mundi
847 406 1046 496 querunt¹n

33 523 89 602 Qui
103 522 310 588 immoderati
325 533 402 588 sunt
415 533 448 589 et
461 521 656 611 insipientes,
668 533 778 611 gentes
796 532 880 586 aunt.
899 519 1055 598 Quaenam

32 643 129 696 autem
146 629 218 696 aaa
232 629 335 698 dicit?
349 630 489 706 delicias,
508 629 763 706 delectationem,
775 628 944 719 cupediae,
959 625 1056 692 obsc-

32 741 149 806 niorum
175 743 397 818 voracitatem,
413 742 594 833 ingluviem.
613 744 689 810 llaec
706 754 780 809 sunt
802 740 880 808 illud
897 739 988 826 quid.
1006 737 1055 802 De

33 845 91 912 solo
100 858 211 914 autem
223 848 432 926 nutrimento,
440 851 526 920 sicco
537 851 658 918 scilicet
668 863 701 917 et
711 848 855 925 humido,
868 860 904 914 ut
912 871 982 937 quaa
994 844 1057 911 sint

33 957 200 1022 necessaria
217 981 227 1021 ε
245 957 354 1034 «Scit,
371 963 500 1046 inquit,
514 959 607 1028 Pater
626 972 745 1037 vester,
763 959 849 1050 quod
867 958 956 1025 robis
968 979 1055 1046 *opus

34 1065 122 1132 rsit&
141 1065 268 1146 »Quod
289 1067 314 1132 si
333 1069 424 1139 nobis
438 1069 568 1136 omnino
588 1070 731 1136 innatum
746 1081 795 1136 est
813 1081 1054 1155 utquaeramus,

34 1200 69 1242 ne
81 1177 246 1265 qaaereudi
261 1176 446 1245 facultatem
463 1179 497 1246 in
514 1179 837 1272 deliciisperdrmus,
852 1180 908 1246 sed
928 1175 1056 1258 eumad

36 1287 191 1354 ranutem
203 1287 427 1376 inquirendam
437 1291 647 1360 excitemus«
662 1291 912 1373 Queriteenim,
929 1291 1052 1376 iaqaic

37 1421 189 1488 rregnum
202 1397 280 1475 Dei,
295 1410 329 1464 et
350 1423 420 1488 quae
440 1399 480 1466 ad
494 1398 680 1467 alimentum
693 1399 854 1490 pertinent
866 1397 1056 1487 adjicientur

38 1509 198 1575 ‚resista
207 1508 241 1575 Si
252 1532 329 1600 ergo
345 1531 455 1575 curum
467 1506 1056 1597 dcvesteetdeliciismebusqueomni·

37 1619 88 1683 bus
101 1620 358 1708 supervacaneis,
370 1631 522 1708 tanquam
539 1643 604 1687 non
625 1621 852 1696 necessariam,
862 1617 963 1694 tollit,
979 1616 1055 1706 quid

37 1728 222 1794 secundum
235 1741 283 1794 est
293 1753 369 1795 eum
380 1729 487 1796 dicere
498 1730 538 1796 de
549 1730 647 1797 nimio
658 1728 916 1806 ornatusatudio‚
925 1729 966 1795 dc
976 1729 1056 1795 tinc-

38 1849 103 1905 tura
117 1836 281 1916 lanarum,
297 1839 450 1906 varietate
473 1839 636 1918 colorum,
652 1839 811 1930 superflua
830 1861 905 1909 cura
919 1861 1057 1930 gemma-

41 1973 119 2026 rum,
134 1952 199 2017 auri
211 1949 440 2031 elaboratione,
454 1951 573 2043 capillis
584 1953 774 2030 artificiosis,
783 1965 816 2020 et
825 1953 950 2020 intortis
957 1950 1056 2017 crini-

41 2059 118 2125 bus?
129 2060 210 2141 Quid
218 2063 257 2128 de
268 2062 374 2129 fucata
386 2061 553 2131 oculorum
563 2063 785 2154 pictura‚quid
796 2062 836 2130 de
843 2059 1049 2135 vrrlaicnibua

38 2173 200 2261 purpurissi
217 2198 257 2243 ac
272 2197 409 2243 cenasse
426 2176 652 2252 fucationibus,
668 2175 838 2262 tinctisque
847 2171 983 2262 pilorum
998 2193 1055 2238 co·

38 2281 159 2362 laribus,
183 2297 216 2352 et
237 2286 392 2376 improbis
418 2287 503 2356 circa
527 2287 585 2354 has
608 2285 734 2353 fraudes
758 2283 921 2351 artificiis?
941 2281 1057 2349 Annon
1144 2298 1150 2313 ‘

41 2393 98 2460 hoc
110 2419 233 2487 queque
245 2410 335 2464 recte
354 2399 533 2486 putandum
554 2411 621 2475 est,
644 2397 676 2464 id
695 2397 781 2485 quod
799 2394 839 2462 de
859 2393 943 2460 feno
962 2390 1057 2480 paulo

40 2516 107 2570 ante
122 2507 243 2573 dictum
262 2521 323 2588 est,
339 2509 380 2576 de
396 2507 446 2575 his
466 2521 725 2576 ornamentorum
747 2505 953 2582 amatoribus,
970 2505 1024 2594 qui
1039 2529 1057 2571 a

39 2635 106 2679 reso
119 2628 231 2682 ornatu
250 2615 345 2684 alieni
361 2630 448 2695 sunt,
460 2619 580 2708 optima
598 2641 690 2710 posse
709 2617 794 2685 dici?
808 2618 894 2708 Ager
909 2618 996 2685 enim
1009 2627 1058 2683 est

39 2725 179 2803 mundus,
190 2739 224 2792 et
239 2750 298 2794 nos
316 2729 428 2805 herba,
441 2729 495 2819 qui
512 2752 622 2796 sumus
635 2730 694 2796 Dei
705 2729 804 2820 gratia
820 2729 958 2820 irrigati:
971 2727 1055 2794 tonsi

40 2843 138 2901 autam
152 2824 262 2903 rursus
274 2837 452 2915 exorimur,
463 2848 499 2904 ut
512 2837 656 2928 pluribus
669 2839 853 2906 ostendetur
866 2839 900 2905 in
910 2837 991 2904 libro
1004 2836 1052 2902 lle

40 2947 269 3014 erumnose.
284 2943 430 3015 'Foenum
453 2959 576 3025 autem,
593 2947 661 3015 vilis
680 2950 774 3017 turba
795 2947 963 3039 allegorice
980 2945 1056 3013 dici·

41 3067 99 3132 tor,
111 3081 179 3146 quae
189 3081 223 3124 se
239 3043 282 3123 a'd
296 3069 555 3126 momentaneam
568 3057 709 3126 laetitiam
722 3057 872 3149 applicat,
885 3078 956 3146 quas
966 3053 1059 3121 lloret

39 3187 131 3254 perro
149 3152 309 3260 tempore,
331 3191 401 3258 quae
420 3165 579 3257 superflua
601 3180 805 3245 ornamenta,
821 3187 891 3257 que
908 3163 1059 3254 gloriam,

40 3297 106 3362 que
126 3277 246 3365 quidvis
264 3279 480 3370 potiusquam
500 3276 677 3354 veritatem,
692 3288 845 3349 sectaturs
863 3295 933 3364 que
945 3295 1010 3339 non
1020 3273 1060 3338 ad

42 3381 124 3450 aliud
139 3399 207 3475 apta
220 3399 280 3462 est,
293 3411 389 3478 quam
406 3387 449 3453 ad
469 3387 549 3478 ignis
572 3387 764 3454 incendium.
778 3386 906 3452 «Homo
918 3381 1059 3474 quidam,

42 3519 55 3554 a
67 3493 148 3560 dicit
160 3520 301 3564 narrans
312 3499 489 3574 Dorulaus,
505 3510 574 3564 erat
586 3496 675 3564 valde
688 3496 786 3572 dives,
802 3495 856 3583 qui
870 3494 1061 3562 induebatur

43 3623 204 3691 »purpura
214 3617 246 3670 et
257 3607 367 3694 bysso,
378 3605 432 3694 qui
448 3603 668 3674 oblectabatur
682 3605 822 3693 quotidie
837 3602 999 3694 splendide
1007 3603 1052 3670 ’.ι

44 3707 100 3774 llic
113 3721 181 3776 erat
193 3711 320 3779 loenum.
340 3713 528 3780 «Mendicus
544 3725 653 3780 antem
667 3715 809 3801 quidam,
821 3715 949 3782 nomine
961 3715 1061 3781 Laza-
1118 3705 1122 3711 ⁵

43 3847 56 3880 ι
72 3841 139 3895 rus,
152 3821 286 3909 abjectus
303 3831 372 3890 erat
386 3824 420 3892 iu
438 3820 593 3892 uestibulo
613 3823 730 3902 divitis,
747 3817 916 3903 ulceratus,
933 3825 1063 3914 cupiens

78 3945 160 3998 ’lanu
169 3962 211 4012 ru,
222 3949 259 4001 ilo.
273 3980 303 3994 ·-
315 3951 405 4004 ²1bid.
422 3951 472 3994 -l
486 3951 556 4006 thid.
568 3953 607 4006 52.
618 3980 650 3995 -
659 3951 669 3989 l
679 3953 743 4008 Luc.
755 3967 807 4013 arr,
823 3969 860 4018 ις,
871 3968 910 4013 ru,
926 3967 955 4002 ιι
966 3960 992 4002 ct
1002 3963 1055 4015 rell·
