2448 4610
224 269 293 348 454
537 289 710 335 cnsunarrs
737 288 946 334 sanxeramus

224 403 424 472 ministrandi
437 427 513 472 eura
526 404 756 472 distraheretur
770 429 808 473 ae
822 402 1182 496 turbareturssoror'qae‘
1199 401 1213 480 ⁶,

223 516 269 582 tio
289 517 390 590 daret,
407 515 493 602 quod
516 513 626 582 relicto
645 516 832 592 ministerio,
854 516 980 582 sederet
1000 515 1042 582 ad
1061 515 1148 602 predo
1167 544 1184 567 κ
1210 552 1211 573 2

162 688 174 702 „
224 623 386 714 discipulae
401 624 503 689 otium
517 635 647 712 captans
662 646 671 689 ε
691 623 770 689 «Tu
785 647 858 714 erga
875 623 976 690 multa
990 623 1141 690 turbaris:
1157 660 1168 677 ι
1187 652 1188 661 ¹

225 765 238 798 s
253 750 364 800 actem
372 735 524 824 optimam
531 745 654 823 partem
662 733 769 824 elegit,
777 759 847 824 quae
855 759 919 800 non
929 735 1135 800 aufereturab
1144 731 1209 797 οὒτ’

225 845 268 910 ita
282 844 370 910 hunc
385 867 512 934 quoque
527 846 688 934 negotiosa
700 845 909 934 occupatione
924 845 1055 920 omissa,
1067 844 1117 908 uni
1129 854 1191 908 uua

226 956 388 1022 adherere
415 957 519 1046 jubet,
541 957 673 1046 ejusque
694 957 832 1023 assidere
853 955 973 1046 gratie,
998 956 1054 1044 qui
1076 954 1138 1042 ipse
1162 982 1178 1011 ζι

223 1079 375 1133 aeternam
389 1077 592 1156 proponeret.
619 1118 621 1124 .

266 1177 326 1244 ΧΙ.
345 1177 432 1259 Quid
447 1201 522 1268 ergo
537 1170 698 1268 suit'quod
709 1175 752 1245 illi
767 1179 874 1270 lugam
889 1179 999 1256 suasit,
1014 1177 1148 1266 iecitque
1161 1183 1188 1238 ut

219 1312 236 1354 a
257 1289 419 1378 magistro,
435 1313 451 1364 a
468 1287 708 1378 supplicatione,
725 1313 742 1354 a
759 1313 827 1380 spo,
844 1314 861 1355 a
878 1291 953 1365 vita,
969 1313 988 1354 a
1010 1286 1162 1353 laboribus
1179 1318 1189 1331 ι

222 1401 283 1466 bus
298 1392 362 1488 jam
378 1398 563 1488 perfunctus
579 1411 659 1475 erat,
672 1398 889 1466 subduceret?
900 1422 1029 1488 nempe,
1040 1396 1167 1464 «Vende
1179 1428 1190 1445 ν

219 1537 232 1572 s
248 1508 347 1574 habes
355 1507 378 1574 ².
398 1535 412 1571 s
427 1507 513 1588 Quid
528 1531 602 1573 vero
618 1508 681 1575 hoo
696 1509 756 1574 sibi
770 1507 862 1574 vult'l
877 1509 970 1574 Haud
985 1530 1078 1585 sane,
1093 1505 1169 1595 quod
1184 1540 1186 1545 ·

220 1617 293 1682 dam
309 1616 403 1682 obvio
418 1616 522 1682 statim
538 1639 633 1703 sensu
651 1617 826 1707 accipiunt,
843 1616 1007 1686 facultates
1029 1616 1143 1706 projici
1177 1632 1197 1665 s

220 1738 252 1792 et
269 1725 420 1816 pecunias
434 1751 452 1793 a
468 1748 501 1792 se
517 1749 682 1802 amovere:
698 1727 755 1793 scd
769 1751 840 1817 quae
856 1728 896 1792 dc
911 1726 1028 1792 divitiis
1044 1749 1123 1792 vana
1137 1727 1176 1814 ju
1198 1764 1199 1767 =

219 1849 294 1902 sunt
308 1836 413 1902 animo
428 1837 650 1913 exterminare,
674 1861 748 1927 erga
772 1859 825 1902 eas
845 1836 1007 1903 ell'raenem
1032 1835 1195 1901 libidine·

220 1945 356 2012 avaritiae
378 1945 497 2023 labem,
514 1936 755 2025 sollicitudines,
771 1945 877 2012 saeculi
893 1947 999 2036 spinas
1011 1969 1115 2035 quaes
1145 1960 1149 2001 t

218 2055 289 2120 ritae
313 2047 432 2121 semen.
451 2055 544 2120 Haud
567 2057 652 2123 enim
672 2080 823 2146 magnum
840 2057 1037 2146 dignumque
1057 2053 1175 2122 aemula

159 2215 163 2226 .
219 2173 351 2240 temere,
367 2187 432 2238 non
446 2177 483 2229 ut
496 2165 594 2232 vitam
608 2166 813 2242 nanciscaris,
830 2166 944 2231 divitiis
955 2187 1070 2231 carere
1083 2189 1092 2230 s
1107 2165 1150 2229 sio
1166 2198 1170 2217 ι
1189 2210 1190 2213 ¹

218 2297 280 2365 que
292 2274 347 2362 qui
365 2273 443 2340 nihil
455 2297 584 2364 prorsus
599 2273 731 2350 habent,
746 2273 814 2352 scd,
830 2276 917 2341 omni
929 2274 1075 2340 destituti
1086 2275 1157 2339 vitae
1187 2281 1210 2321 Ν

185 2441 189 2455 .
218 2385 274 2462 tio,
284 2384 458 2472 quotidiani
471 2384 608 2452 mendici
619 2409 677 2475 per
687 2386 752 2450 vias
764 2386 873 2474 inopes
884 2384 1022 2475 projecti
1034 2397 1124 2460 sunt,
1159 2412 1163 2437 ι
1179 2420 1180 2425 1
1196 2380 1204 2391 ’

214 2495 319 2560 Deum
334 2495 480 2584 ignorent
490 2493 612 2584 Deique
629 2495 795 2585 justitiam,
808 2519 844 2562 ea
856 2496 1011 2562 duntaxat
1026 2496 1151 2560 rationo
1170 2532 1173 2547 ›

214 2616 355 2670 extrema
373 2616 560 2693 premantur
573 2618 772 2694 paupertate,
785 2606 934 2692 omnique
945 2599 1019 2671 uitae¹
1035 2604 1174 2671 subsidio
1193 2648 1194 2651 κ

213 2724 316 2788 mant,
329 2736 366 2779 ac
377 2712 428 2779 vel
443 2714 580 2782 minimis
592 2715 793 2792 deficiantur,
804 2715 947 2782 omnium
959 2715 1137 2780 beatissimi

213 2845 251 2889 ac
267 2822 501 2911 religiosissimi,
520 2822 641 2914 solique
659 2837 822 2913 compotes
837 2825 907 2890 vitae
921 2836 1062 2891 aeternae.
1088 2824 1155 2892 Nec
1174 2856 1176 2879 ι
1206 2823 1207 2826 ’

211 2955 262 2999 res
277 2930 425 2999 abdicare
440 2932 575 3010 divitias,
592 2945 625 2998 et
643 2934 675 2999 in
690 2956 845 3023 pauperes
861 2946 956 3022 atque
968 2955 1091 3022 egenos
1105 2931 1153 2998 ela
1173 2966 1204 3009 μ’

211 3039 298 3127 quod
317 3037 456 3106 etmulti
472 3051 545 3106 ante
560 3038 730 3107 Salvatoris
750 3040 923 3106 adrentum
939 3041 1171 3129 praestiterunt.
1191 3051 1208 3087 θ

211 3162 247 3215 ut
257 3148 435 3218 litterarum
445 3149 555 3216 studiis
572 3163 769 3239 mortuaque
784 3151 945 3239 sapientie
957 3163 1126 3226 vacarent,
1138 3171 1196 3239 qus

210 3261 296 3325 inani
310 3259 460 3348 jactantia
473 3260 609 3328 nominis
621 3260 796 3327 claritatem
808 3283 846 3327 ao
860 3258 1001 3350 gloriolae
1010 3283 1129 3327 curam
1164 3310 1167 3315 .
1183 3298 1185 3305 ‹

210 3381 291 3442 rent,
310 3368 514 3458 Anaxagorae,
530 3368 717 3446 Democriti,
731 3369 884 3435 Cratetes.

253 3477 328 3543 Xll.
344 3477 431 3556 Quid
445 3478 542 3565 igitur
561 3490 596 3542 nt
612 3488 731 3545 novum
751 3478 873 3567 Deique
895 3479 1064 3568 proprium
1084 3481 1185 3569 jubet,

150 3629 157 3641 ·
208 3585 311 3651 solum
327 3586 483 3673 ejusmodi
499 3599 536 3651 ut
550 3585 708 3654 vivificare
723 3601 832 3675 queat,
848 3590 935 3676 quod
954 3589 1096 3677 antiquis
1113 3587 1203 3655 salra-

207 3694 506 3774 nonnttulitlQuid
518 3719 591 3763 vero
600 3698 749 3765 eximium
759 3699 837 3786 quid
846 3722 884 3768 ao
893 3699 1055 3789 singulare
1066 3723 1148 3766 nova
1198 3744 1202 3751 -

240 3847 248 3880 ¹
263 3847 322 3897 Luc.
335 3867 360 3910 x,
372 3851 413 3909 ir.

239 3920 250 3955 ²
266 3923 325 3975 vida
340 3927 370 3974 l).
383 3927 497 3992 (luillae,
507 3947 531 3996 p.
543 3931 600 3991 tte.
