2614 4628
246 201 308 266 me
597 237 629 283 ιι.
658 239 782 288 mscrrr
804 243 919 293 rcucrs

244 339 424 435 philosophi
440 355 644 434 unestudim
660 361 715 428 aed
732 365 862 433 mimico
875 369 949 434 vitio
963 369 1055 462 digna
1071 375 1131 443 ista
1143 395 1276 452 senten·

243 453 287 520 tio
300 469 360 522 est.
377 457 443 525 Sed
457 462 498 527 ad
508 470 706 555 propositum
720 475 794 541 satis
805 488 865 552 est,
880 478 976 546 etism
985 480 1018 546 in
1032 481 1095 552 boc
1106 489 1274 577 sopientes

240 577 360 631 vestros
375 568 409 633 in
422 567 561 660 aliquem
575 580 709 648 modom
720 587 889 654 nobiscum
902 611 1084 662 consonare.
1096 599 1267 672 Ceterum

237 673 309 760 quis
320 687 386 743 tom
398 679 513 750 stultus
525 700 579 752 aut
590 691 702 758 brutus
712 709 774 772 est,
787 711 822 763 ut
833 699 947 766 audeat
956 725 1149 795 repugnare,
1164 711 1270 782 homi-

235 803 343 850 ncma
360 787 428 856 lleo
444 805 480 858 ut
493 798 634 884 primum
651 808 791 894 potuisse
805 808 894 900 fingi,
916 813 957 878 ita
979 837 1069 904 posse
1091 820 1209 890 denuo
1223 851 1271 894 rc-

234 893 387 964 l'ormeri?
400 901 479 969 nffil
494 929 562 975 esse
577 925 650 1000 post
664 916 800 994 obitum,
810 932 843 984 et
854 933 925 986 onte
935 935 1039 990 ortum
1051 927 1132 994 nihil
1146 931 1270 1002 fuisse?

235 1003 318 1070 sicut
342 1007 382 1074 de
397 1010 498 1080 nihilo
516 1022 605 1086 nasci
621 1021 724 1103 licuit,
740 1027 783 1094 ita
803 1027 843 1094 de
862 1030 962 1100 mhilo
982 1033 1077 1102 licere
1091 1048 1268 1129 reparari?

232 1111 333 1183 Porro
358 1119 518 1192 difficilius
539 1142 588 1196 est
612 1133 647 1198 i‹l
666 1139 752 1224 quod
774 1162 840 1204 non
867 1142 906 1206 sit
933 1143 1082 1234 incipere,
1104 1174 1211 1238 quem
1232 1158 1264 1224 id

232 1225 319 1311 quod
335 1227 430 1295 suerit
448 1233 575 1305 iterare.
586 1239 635 1307 Tu
650 1247 756 1335 perire
771 1261 803 1313 et
818 1249 886 1316 Deo
897 1254 1012 1332 credis,
1025 1258 1051 1322 si
1065 1261 1145 1347 quid
1157 1265 1262 1336 cerdis

230 1335 346 1402 nostris
367 1336 536 1415 hebetibus
557 1355 780 1423 subtrahitur?
795 1359 917 1450 Corpus
932 1386 1038 1441 omne,
1052 1370 1118 1435 sive
1143 1380 1262 1444 erescit

229 1443 262 1510 in
288 1447 464 1534 pulverem,
487 1459 552 1526 sire
574 1464 607 1530 in
629 1464 798 1536 humorem
821 1470 965 1549 solvitur,
980 1475 1029 1541 vol
1053 1479 1086 1545 in
1113 1483 1258 1556 cinerem

227 1559 462 1644 comprimitur,
479 1567 575 1638 celin
595 1574 741 1644 nidorem
757 1591 919 1660 tenuatur,
934 1587 1125 1656 subducitur
1137 1599 1253 1674 nobis;

226 1665 282 1758 sed
296 1665 364 1734 Deo
378 1669 609 1749 elementorum
624 1687 748 1753 custodi
764 1695 952 1761 reservatur}
967 1696 1046 1775 Nec,
1061 1713 1095 1766 ut
1106 1705 1252 1783 creditis.

224 1769 326 1843 ullum
343 1778 495 1851 damnum
511 1789 683 1880 sepulturae
698 1798 859 1878 timemus,
872 1805 927 1871 scd
941 1819 1081 1876 veterem
1094 1825 1125 1876 et
1138 1815 1252 1884 melio·

222 1903 290 1949 rem
313 1893 578 1966 consuetudinem
605 1901 759 1973 humandi
785 1909 1033 2001 frequentamus.
1059 1920 1139 1988 Vide
1166 1927 1253 1994 adeo

219 2013 316 2078 quem
345 1997 378 2064 in
404 2000 551 2075 solatium
575 2017 675 2080 nostri
697 2024 962 2094 resurrectionem
983 2029 1124 2100 futurem
1146 2041 1254 2106 omnis

217 2111 331 2170 nature
350 2111 547 2183 meditetur:
566 2121 614 2188 sol
628 2124 795 2218 demergit,
812 2145 845 2198 et
859 2138 1013 2214 nescitum
1032 2155 1116 2210 estre
1135 2143 1251 2216 labun-

218 2220 285 2288 tur,
308 2226 342 2280 et
359 2221 510 2302 redeunt3
527 2227 622 2299 llorcs
640 2237 804 2316 occidunt.
822 2257 856 2309 et
877 2248 1067 2318 reviviscunt
1073 2279 1084 2329 ς
1104 2271 1182 2344 post
1197 2285 1248 2328 se-

217 2319 308 2390 nium
328 2331 457 2400 arbusta
477 2335 701 2420 frondescunts
718 2351 839 2420 semino
857 2379 924 2424 non
945 2361 1004 2426 nisi
1019 2380 1176 2456 corrupto
1196 2395 1248 2437 re-

144 2496 148 2502 ,
215 2429 385 2503 virescunt.
411 2441 460 2509 lta
483 2469 599 2539 corpus
625 2455 658 2520 in
681 2459 810 2542 saeculo,
833 2479 869 2531 ut
891 2471 1018 2537 arbores
1041 2475 1073 2540 in
1091 2476 1247 2560 hiberno,

214 2538 380 2610 occultant
392 2549 530 2622 virorem
543 2561 688 2632 ariditate
699 2573 842 2641 mentita.
854 2577 940 2658 Quid
950 2581 1077 2652 festinas
1090 2601 1128 2654 ut
1143 2595 1246 2662 cruda

208 2985 341 3054 credere
352 3011 362 3053 τ
375 2990 500 3062 malunt
513 3003 599 3071 enim
610 3011 750 3102 extingui
765 3020 903 3105 penitus,
916 3047 1012 3112 quem
1025 3029 1066 3095 sd
1081 3036 1241 3126 supplicia

207 3100 358 3182 reparari.
375 3103 522 3184 Quorum
536 3137 627 3183 error
641 3136 786 3210 nugetur,
801 3141 834 3194 et
849 3130 881 3196 in
898 3131 1013 3201 saecuto
1025 3135 1176 3210 libertate
1192 3171 1240 3214 rc-

208 3205 316 3286 missa,
328 3225 360 3279 et
370 3215 430 3282 Dei
440 3223 590 3308 patientia
601 3233 750 3313 maxima,
764 3240 856 3328 cujus
869 3257 987 3330 quanto
1002 3249 1163 3340 judicium
1175 3269 1239 3324 tor-

205 3307 294 3390 dum,
311 3331 400 3389 tento
414 3332 513 3420 magis
530 3335 651 3424 justum
668 3353 725 3410 est.

213 3467 225 3502 .
241 3417 380 3496 XXXV.
401 3437 443 3503 Et
463 3454 569 3512 temen
587 3449 798 3523 admonentur
812 3459 957 3533 homines
974 3470 1234 3548 doctissimorum

201 3520 301 3607 libris,
319 3547 352 3600 et
366 3548 558 3621 carminibus
577 3565 757 3646 po‘e'tcrum,
772 3566 857 3638 illius
875 3575 958 3664 ignei
971 3579 1126 3664 fluminis,
1143 3592 1230 3658 etde

199 3631 307 3725 Stygia
328 3643 445 3732 palude
464 3664 575 3750 saepius
596 3672 762 3742 ambientis
784 3681 919 3762 ardoris,
938 3713 1009 3777 quse
1030 3699 1226 3768 cruciatibus

195 3747 320 3816 aeternis
331 3773 517 3846 preparata,
527 3785 559 3838 et
570 3775 751 3851 daemonum
762 3787 898 3874 indiciis,
910 3800 991 3867 etde
1002 3806 1141 3876 oraculis
1152 3809 1224 3878 Pro-

172 3873 176 3888 ·
191 3848 359 3934 phetcrum
374 3872 499 3957 cognita
515 3885 721 3963 tradiderunt.
737 3898 778 3966 Et
792 3901 864 3972 ideo
875 3912 961 3999 apud
972 3936 1026 3982 eos
1040 3919 1141 3988 etiem
1157 3924 1165 3939 ’
