2412 4596
314 202 499 248 sTloiiATii!
522 205 582 250 ΗΒ.
611 207 644 250 n.
932 209 988 252 tot

36 351 94 421 ια’.
107 351 262 435 castitas,
278 373 358 446 quae
373 353 483 420 vincit
500 349 738 448 voluptatem:
758 352 922 450 voluptas
935 375 996 424 au·

30 489 52 534 ιι
69 468 136 534 est¹

30 623 105 690 Lenis
117 632 150 686 ot
163 619 298 688 blandus
308 632 413 688 motus
429 620 619 710 cumulique
635 645 738 688 seusu.
752 622 791 688 Ei
805 623 995 691 servientem

30 727 143 796 reluiim
167 741 237 817 post
259 729 388 817 Troiam
404 740 531 820 ceptam
558 729 689 808 dicunt,
712 751 786 796 cum
801 730 923 819 impetu
937 732 996 797 ser·

30 861 60 902 ur
78 838 115 904 ud
128 837 335 904 occidendum
349 836 520 914 Helenum,
536 839 624 927 quod
639 849 687 904 tot
701 851 734 904 et
747 850 910 906 tantorum
922 838 996 906 fuis·
1023 923 1026 932 Ι

39 967 121 1010 causa
135 945 313 1022 malorum,
328 946 362 1012 id
375 947 701 1035 tamennonpetuisso
715 945 841 1015 efficere
851 984 867 1025 ,‹
877 946 997 1015 victum

30 1049 217 1129 ichritudiue,
235 1077 294 1143 per
306 1076 401 1143 quam
420 1054 454 1119 in
467 1066 608 1120 mentem
624 1054 709 1121 venit
722 1055 899 1122 recordatio
910 1056 997 1145 pris-

30 1183 47 1226 e
64 1159 234 1250 voluptatis.
254 1161 349 1230 Unde
365 1161 563 1233 ludificantes
578 1162 722 1254 Tragici,
739 1185 814 1230 cum
826 1164 944 1251 probro
960 1185 1005 1231 sc.

30 1267 119 1336 iecore
129 1269 161 1336 in
175 1289 250 1338 eum
265 1269 465 1339 exclamanti

71 1415 103 1472 Δι
114 1425 143 1472 tu
157 1414 301 1496 pupillum
317 1425 461 1474 contusus
478 1412 612 1493 gladium
626 1413 747 1493 abjicis,

68 1513 102 1572 Et
114 1513 267 1593 proditrici
283 1517 350 1596 figis
365 1515 502 1576 osculum
517 1517 592 1576 ceni.

30 1683 138 1729 1111·δῦδὲ

70 1803 203 1866 Hebcscit
213 1807 294 1866 cusis
305 1825 378 1886 ergo
393 1803 633 1886 pulchritudines

30 1967 113 2032 ,ιιιιιιι
127 1947 309 2016 Antistheni
322 1947 492 2024 assentior,
508 1948 562 2037 qui
578 1947 655 2014 dicit
670 1972 678 2012 ι
700 1950 789 2037 «Ego
801 1947 958 2016 Venerem
971 1951 995 2016 si

30 2053 174 2142 tenerem,
200 2055 316 2148 jaculis
331 2055 534 2124 confoderem
552 2056 647 2144 :quis
662 2054 730 2122 hoec
743 2056 834 2122 nohis
848 2056 995 2124 honestus

30 2163 157 2252 rubemus
167 2165 321 2234 mulieres
335 2163 451 2232 multus
470 2164 612 2252 corrupit
627 2187 635 2228 ι
657 2163 836 2248 Cupidinem
847 2188 921 2232 vero
936 2190 995 2236 no-

30 2291 72 2334 rnu
88 2273 190 2340 vitium
213 2273 413 2367 appellabat,
433 2273 486 2340 cui
509 2273 753 2339 succumbentes
768 2273 892 2350 miseri,
908 2277 996 2363 egri·

31 2373 127 2456 udinem
144 2381 247 2449 Deum
272 2393 398 2448 vocant.
418 2381 506 2448 »Per
524 2379 593 2446 huc
613 2380 698 2462 enim
714 2381 891 2446 ostenditur
911 2383 995 2452 vinci

31 2485 187 2570 peritiores,
209 2482 356 2582 prolitcr
370 2489 599 2580 ignorationem
622 2487 810 2578 uoluptatis,
837 2513 906 2577 quae
929 2513 994 2556 non

32 2593 242 2678 ¹admittenda,
265 2601 326 2666 etsi
349 2599 407 2665 dea
433 2599 576 2675 dicetur,
601 2598 666 2664 hoc
680 2609 747 2674 est,
770 2598 828 2664 etsi
844 2599 993 2666 divinitus

32 2703 101 2768 terit
120 2707 158 2773 ud
180 2731 273 2777 usum
293 2707 466 2774 liberorum
487 2707 724 2797 procreationis.
746 2707 786 2773 Et
808 2706 991 2796 Xenophon
1069 2701 1072 2712 ¹

32 2801 154 2896 brutum
176 2829 284 2906 aperte
310 2815 421 2883 vitium
447 2816 579 2892 dicens,
603 2815 727 2903 inquit:
749 2813 826 2882 «01
855 2816 968 2882 misere
981 2865 991 2896 ,

33 2913 148 2998 uivere
162 2935 196 2990 tu
212 2925 441 3002 honumnosti‚
457 2924 600 3013 autquid
611 2925 780 2992 honestum
790 2923 992 2992 consideres?

33 3041 67 3087 tn
84 3049 120 3094 uc
144 3053 254 3103 eorum
282 3033 430 3124 quidem,
454 3055 524 3122 quae
546 3044 618 3099 sunt
639 3033 799 3122 jucunda,
814 3033 991 3121 appetitum

34 3145 150 3218 tuscus,
180 3143 236 3212 sed
271 3143 453 3234 priusquam
484 3143 602 3209 esurias
636 3140 788 3231 quidem,
819 3139 989 3208 comedis:

34 3235 169 3331 riusquam
192 3265 297 3320 sutem
316 3251 419 3327 sities,
443 3249 525 3317 bibis
539 3275 548 3316 :
564 3262 599 3316 et
613 3261 649 3316 ut
671 3249 812 3340 jucunde
832 3249 993 3327 vesceris,

35 3343 192 3424 umorum
211 3359 394 3428 conditores
410 3358 567 3448 emogitss
582 3382 592 3425 ι
608 3371 643 3423 ut
659 3369 765 3424 eutem
787 3356 923 3423 suaviter
941 3358 995 3430 hi·

35 3473 74 3530 u,
87 3481 192 3553 magno
203 3482 332 3559 sumptu
347 3468 419 3536 vinu
435 3491 618 3557 compares,
633 3479 666 3533 et
680 3490 737 3556 per
756 3477 896 3534 estatem
911 3467 991 3538 uiris

36 3571 164 3639 terenda
185 3600 279 3645 causa
302 3579 552 3645 circumcurses:
568 3589 602 3640 ut
628 3589 734 3644 sutem
756 3575 896 3666 jucunde
915 3576 992 3643 ‹lor-

36 3665 92 3748 Ιῗθῡ,
112 3701 172 3749 non
193 3684 294 3754 solum
324 3683 434 3753 molles
456 3684 577 3762 lectus,
600 3685 656 3752 sed
677 3683 791 3761 etiam,
813 3709 881 3774 quae
901 3683 994 3753 lectis

36 3795 92 3882 ¹qu
105 3815 150 3874 485
160 3834 180 3871 st
190 3841 236 3890 ιη.
