2614 4628
17 4051 22 4110 l

205 221 214 252 ⁸
500 251 664 303 ocravroa
952 229 955 236 ’
1055 239 1093 305 or

101 371 183 439 xvi.
201 373 244 438 Et
262 371 422 440 Octavius
440 398 448 439 τ
467 375 581 442 Dicam
599 375 760 464 equidem,
776 388 811 441 ut
832 387 958 466 potero,
977 399 1035 467 pro
1051 378 1099 444 vi-

67 484 156 558 ribus,
170 495 201 548 et
213 483 438 550 annitendum
450 487 510 552 tibi
522 509 650 553 mecum
663 498 725 563 est,
739 499 774 552 ut
785 487 1005 554 conviciorum
1017 513 1100 554 oma-

6 663 16 688 Ι
69 594 207 658 rissimam
217 592 330 660 lahem
346 596 523 663 verborum
534 597 694 663 veracium
705 595 837 664 llumino
849 595 1019 664 diluamus.
1035 599 1103 668 Nec

75 701 291 780 dissimoloho¹,
315 705 482 794 principio
498 706 541 770 ita
557 705 675 772 Natalis
689 704 773 772 mei²
789 719 961 783 errantem,
974 731 1101 798 vagam,
1203 735 1205 740 ·

79 810 210 879 lubricam
230 828 371 881 nutasse
396 817 600 892 sententiam,
629 828 664 881 ut
685 816 725 881 sit
747 817 839 882 nobis
859 819 1100 908 ambigendum,

84 937 170 990 utnon
183 927 537 998 tuaeruditio'turhata
549 926 600 1001 sit,
614 950 654 992 au
666 925 857 994 vacillaverit
869 953 924 1018 per
935 934 1076 996 errorem
1091 953 1099 996 τ

85 1055 144 1098 nau
161 1035 279 1100 interim
298 1037 386 1102 deos
407 1036 552 1121 credere,
573 1036 698 1100 interim
717 1059 750 1106 se
767 1036 942 1104 deliberare
957 1039 1101 1116 variavit,

86 1156 115 1208 nt
124 1147 332 1234 propositionis
347 1147 475 1213 incerto
491 1147 607 1213 certior
619 1147 832 1235 responsionis
844 1160 959 1216 nostrae
969 1151 1103 1218 intentio

86 1251 253 1321 lundretur.
272 1256 347 1322 Sed
363 1257 397 1321 in
411 1254 514 1322 Natali
533 1279 604 1322 meo
616 1257 785 1320 versutiam
803 1256 892 1334 uolo,
906 1281 969 1326 non
985 1262 1100 1334 credo;

82 1363 174 1452 procul
187 1379 233 1432 est
248 1369 290 1432 ab
304 1367 383 1454 ejus
400 1365 603 1454 simplicitate
618 1365 740 1431 subtilis
762 1367 933 1433 urbanitas.
950 1368 1036 1448 Quid
1050 1371 1105 1461 igi·

81 1475 141 1540 tur?
154 1489 186 1540 ut
200 1478 252 1567 qui
269 1489 402 1542 rectam
422 1477 507 1542 riom
526 1477 639 1552 nescit,
659 1477 728 1552 ubi,
745 1489 780 1542 ut
799 1477 848 1554 lit,
868 1477 903 1543 in
921 1477 1027 1567 plures
1043 1506 1105 1548 una
1143 1487 1168 1572 J

79 1585 261 1667 diffunditur,
279 1588 362 1676 quia
382 1587 468 1653 riam
488 1587 601 1663 nescit,
623 1585 722 1652 haeret
739 1587 863 1664 anxius,
886 1611 946 1655 nec
969 1589 1106 1680 singulas

79 1696 166 1763 audet
176 1695 301 1788 eligere,
316 1721 382 1765 nec
403 1698 565 1764 universas
578 1698 715 1786 probare
732 1719 740 1762 τ
759 1699 805 1765 sic
822 1698 874 1764 cui
892 1712 1024 1765 nonest
1041 1703 1107 1767 veri

82 1807 182 1874 stabile
201 1809 375 1898 judicium,
399 1819 495 1896 prout
512 1806 607 1873 inlida
627 1807 763 1896 suspicio
786 1809 956 1898 spargitur,
974 1809 1017 1876 ita
1039 1808 1108 1900 ejus

87 1918 176 1984 dultia
191 1921 293 2009 opinio
316 1918 501 2008 dissipatur.
519 1915 649 1984 Nullum
671 1918 777 2006 itaque
795 1917 986 2008 miraculum
1002 1933 1063 1998 est,
1081 1924 1108 1988 si

92 2027 223 2096 Caecilius
233 2030 404 2096 identidem
421 2029 455 2094 in
467 2029 632 2094 contrariis
643 2051 681 2095 ac
692 2031 940 2119 repugnantibus
955 2033 1106 2120 jactetur,

95 2152 208 2217 estuat,
223 2139 412 2206 lluctuetur:
429 2139 517 2228 quod
527 2162 567 2205 ne
586 2138 642 2204 liat
653 2136 797 2216 ulterius,
809 2142 997 2232 convincam
1008 2153 1040 2208 et
1055 2167 1109 2208 re-

96 2249 248 2340 darguam,
262 2251 399 2340 quamvis
412 2250 535 2315 diversa
548 2249 611 2314 sint
622 2273 693 2338 quae
704 2251 788 2315 dicta
804 2263 889 2327 suut,
903 2275 964 2316 una
978 2253 1109 2318 veritate

91 2362 264 2428 confirmata
283 2363 491 2451 probataque.
508 2359 576 2426 Nec
593 2360 807 2426 dubitandum
819 2351 848 2424 ei
863 2361 902 2426 de
917 2355 1033 2426 cetero
1049 2372 1115 2448 est,
1137 2432 1143 2446 ¹

85 2495 140 2540 nec
149 2472 334 2564 rogandum.
346 2474 388 2538 Et
399 2470 551 2559 quoniam
559 2493 649 2536 mous
658 2469 756 2534 irater
764 2469 867 2558 erupit
876 2492 959 2560 aegre
970 2493 1004 2536 sc
1016 2470 1109 2549 serre,

83 2583 282 2660 stomachari,
298 2581 474 2672 indignari,
487 2579 607 2657 dolere,
622 2577 813 2656 illitteratos,
824 2603 992 2671 pauperes,
1012 2581 1111 2671 impe-

80 2695 164 2772 ritos,
180 2696 221 2762 de
241 2695 341 2760 rebus
354 2691 536 2758 coelestibus
549 2691 708 2781 disputare
723 2713 731 2755 :
746 2690 825 2756 sciat
840 2715 950 2757 omnes
965 2679 1121 2759 homines¹

80 2809 143 2874 sine
154 2805 283 2872 delectu
299 2803 416 2879 etatis,
434 2825 540 2878 sexus,
557 2801 729 2893 dignitatis,
743 2803 871 2867 rationis
881 2815 915 2868 et
930 2825 1039 2870 sensus
1054 2826 1111 2872 ca-

77 2941 166 3008 paces
181 2929 213 2983 et
225 2913 352 2983 habiles
363 2925 545 3004 procreatos
553 2937 562 2987 ;
578 2936 639 2978 nec
653 2912 777 2978 fortuna
790 2921 913 2988 nactos,
930 2913 986 2979 sed
998 2925 1110 2978 natura
1204 2975 1208 2982 ,

80 3029 184 3095 insitos
199 3050 270 3094 esse
290 3025 496 3114 sapientiam
511 3023 586 3111 quin
605 3023 689 3111 ipsos
709 3023 803 3087 etiam
824 3021 1041 3111 philosophos,
1063 3019 1111 3087 vel

77 3139 102 3206 si
119 3140 172 3230 qui
187 3137 239 3204 alii
260 3137 381 3202 artium
400 3146 576 3224 repertores
598 3135 630 3198 in
646 3133 814 3198 memorias
832 3133 991 3207 exierunt,
1007 3132 1113 3221 prius-

77 3275 172 3340 quam
188 3249 316 3316 solertia
336 3245 454 3312 mentis
466 3256 610 3334 parerent
628 3243 765 3310 nominis
781 3241 971 3317 claritatem,
988 3241 1112 3309 habitos

76 3385 146 3427 esse
157 3359 314 3451 plebeios,
329 3356 478 3424 indoctos
495 3353 675 3420 seminudos
693 3377 701 3417 :
717 3365 749 3417 at
760 3377 834 3450 vero
852 3350 962 3417 divites
978 3345 1111 3420 faculta-

78 3472 162 3538 tibus
172 3471 238 3536 suis
249 3467 402 3558 illigatos,
415 3466 514 3556 magis
526 3488 638 3530 aurum
650 3463 810 3551 suscipere
825 3483 1004 3538 consuesse,
1017 3487 1113 3550 quam

78 3580 210 3655 coelurm
222 3589 561 3671 nostratespauperes,
571 3587 603 3640 et
611 3584 809 3642 commentos
820 3594 887 3637 esse
897 3571 1112 3662 prudentiam,

79 3707 111 3760 et
131 3693 298 3760 tradidisse
316 3688 442 3755 ceteris
457 3681 778 3775 'disciplinom'Unde
801 3693 929 3773 apparat
952 3684 1114 3774 ingenium

113 3875 193 3926 *vide
208 3877 242 3926 D.
253 3873 385 3933 Gnidon,
403 3888 418 3922 s
430 3885 457 3934 p.
472 3885 517 3935 ²90
528 3871 610 3932 usque
622 3867 654 3916 ad
664 3883 690 3931 p.
702 3863 757 3929 327.
783 3937 791 3950 .

115 3945 235 4010 ‘Natalia
249 3949 364 4000 alterum
376 3942 474 3995 Caecilii
482 3956 587 3991 nomen.
