2614 4628
202 230 263 298 116
560 241 696 292 seuerus
720 240 857 291 casurus

197 399 215 436 ι)
233 384 269 442 et
285 368 399 439 nostis
409 366 500 460 jam,
514 377 551 438 et
568 363 722 462 amplius
743 364 982 460 cognoscetis3
1000 364 1064 459 qui
1081 361 1233 458 quidem
1297 385 1299 396 ⁵

199 506 218 543 ι
237 475 304 546 Dei
322 487 416 542 nutu
433 486 468 542 et
482 469 728 568 providentia,
749 470 837 544 dum
854 468 916 540 hic
934 467 1032 568 apud
1054 494 1117 540 vos
1142 492 1235 566 prae-
1292 515 1299 525 ,

200 613 217 649 >r
235 607 317 654 sens
331 595 433 665 esset,
446 578 639 650 Ecclesiam
651 577 784 648 Christi
797 593 833 648 et
846 576 1074 648 confirmavit
1090 593 1127 647 et
1140 600 1236 672 mag·
1293 595 1299 636 ἰ

200 719 218 756 »
238 711 373 787 nopere
383 690 492 758 auxit.
502 684 677 778 »(Euseb.
687 689 780 755 Hist.
789 709 838 772 vr,
853 711 865 756 1
878 689 919 779 ι.)
927 689 998 777 Qui
1013 684 1177 755 similiter
1187 679 1234 752 ad
1293 707 1299 746 v1

201 799 396 893 Origenem
415 794 591 880 scribens,
610 789 807 865 Clementis
827 809 863 866 et
882 796 1038 865 Pantaeui
1057 807 1234 888 tanquam
1294 814 1299 850 z

202 898 432 974 familiarium
464 923 614 970 suorum
648 903 870 972 mentionem
895 899 981 972 facit
1007 900 1064 970 his
1091 895 1236 968 verbis:

202 1039 219 1076 a
234 1016 316 1081 Haec
329 1012 427 1080 enim
439 1006 606 1078 voluntas
619 1009 685 1078 Dei
701 1004 789 1096 fuit,
802 1024 845 1080 ut
862 1014 975 1095 nosti,
988 1033 1062 1105 quo
1078 1006 1236 1076 amicitia

203 1147 221 1183 >³
238 1131 361 1186 nostra
373 1113 446 1208 jam
463 1111 548 1184 inde
563 1137 584 1183 a
598 1113 797 1208 majoribus
809 1115 994 1191 inchoata.
1011 1135 1111 1185 sacra
1125 1126 1236 1207 atque

202 1219 408 1290 »inviolata
427 1233 603 1306 maneret,
621 1222 696 1288 imo
715 1217 910 1291 ferventior
931 1245 973 1292 ac
992 1219 1134 1290 firmior
1157 1214 1233 1287 red·
1298 1254 1299 1258 =

203 1356 220 1394 >r
239 1323 396 1396 deretur.
411 1329 533 1395 Patres
547 1326 684 1422 quippe
700 1329 912 1422 agnovimus
925 1325 1051 1398 beatos
1065 1325 1159 1409 illos,
1170 1323 1233 1419 qui
1297 1379 1298 1382 ,

203 1463 220 1501 r
239 1436 332 1503 viam
351 1430 457 1501 uobis
469 1432 705 1530 praeiverunt,
721 1447 757 1503 et
770 1458 862 1529 quos
879 1433 980 1505 brevi
1000 1436 1161 1504 secuturi
1180 1455 1234 1501 su·

203 1570 221 1606 »
237 1563 338 1625 mus,
351 1543 561 1609 Pautaeuum
575 1536 711 1608 scilicet
724 1563 807 1610 vere
819 1539 966 1612 beatum
982 1564 1022 1612 ac
1044 1537 1233 1609 dominum

204 1677 220 1712 ι)
236 1669 371 1732 meum,
382 1660 419 1715 et
433 1645 466 1716 S.
482 1643 707 1716 Clementem
717 1644 905 1719 dominum
918 1655 1003 1721 item
1017 1671 1155 1737 meum,
1171 1649 1235 1744 qui

197 1775 224 1818 ·»
240 1777 299 1824 me
320 1753 517 1851 plurimum
541 1751 724 1854 adjuvin»
741 1753 891 1848 (Euseb.
910 1761 1001 1827 Hist.
1019 1781 1068 1842 vr,
1093 1755 1171 1850 14.)

254 1859 1233 1963 luterpraecipuosClementisdiseipulosprimumcerte

207 1968 328 2040 locum
353 1980 508 2064 occupat
527 1970 715 2065 Origenes,
741 1973 806 2066 qui
827 1971 896 2060 illi,
920 1973 1235 2070 inpersecutione

209 2076 369 2170 Septimii
398 2077 516 2146 Severi
542 2067 758 2146 Alexandria
787 2075 913 2149 cedere
940 2095 1085 2167 coacto,
1111 2083 1151 2150 in
1180 2077 1237 2150 do-

210 2179 314 2252 cendi
334 2189 485 2251 munere
502 2187 682 2256 successit.
703 2182 745 2252 ln
765 2183 1030 2282 Cappadociam
1048 2184 1232 2295 secedeps,

209 2287 402 2360 Alexandri
426 2287 615 2384 cujusdam
633 2289 848 2364 confessoris
868 2294 1055 2365 ecclesiam
1074 2294 1237 2392 aliquan-

209 2394 274 2466 diu
287 2395 571 2468 administratam
581 2399 618 2468 in
634 2396 707 2469 fide
723 2402 883 2471 veritatis
902 2400 1141 2473 confirmavit.
1157 2406 1237 2493 Quo

209 2519 330 2574 autern
345 2519 524 2601 tempore,
538 2521 656 2602 quove
670 2505 752 2578 loco
765 2509 911 2580 taudem
925 2509 1021 2580 diem
1037 2525 1239 2580 extremum

210 2609 360 2698 obierit,
385 2633 460 2680 non
489 2627 586 2682 certe
612 2628 732 2710 potest
759 2614 920 2706 definiri;
949 2618 1094 2690 videtur
1121 2634 1239 2690 tamen

212 2715 437 2790 Alexandriae
467 2716 535 2788 sub
564 2724 748 2792 Antonino
780 2724 980 2813 Caracalla,
1018 2723 1057 2795 id
1084 2740 1140 2797 est
1168 2751 1241 2796 non

211 2837 295 2924 post
311 2843 450 2893 annum
471 2847 554 2922 217,
573 2851 647 2923 quo
665 2828 725 2900 ille
750 2827 941 2902 defunctus
965 2819 1034 2920 es't,
1054 2831 1100 2903 ad
1119 2833 1242 2904 melio·

211 2957 289 3004 rem
307 2934 416 3003 vitam
434 2934 614 3027 migrasse.

262 3042 348 3112 Tria
373 3041 603 3137 potissimum
630 3061 823 3140 supersunt
843 3052 876 3119 S.
899 3049 1095 3120 Clementis
1114 3077 1242 3151 opera,

212 3145 404 3216 videlicet:
436 3156 466 3216 ιο
495 3143 700 3218 cohortatio
724 3151 777 3220 ad
796 3170 933 3249 gentes,
961 3181 1074 3252 graece
1105 3180 1243 3249 Προτρεπ·

212 3285 295 3333 aaa,
314 3270 388 3348 qua
404 3249 615 3323 fictionibus
635 3256 927 3359 carminibusque
945 3262 1139 3358 poctarum
1157 3291 1242 3338 con·
1297 3281 1298 3284 ’

212 3359 316 3426 tinuo
339 3373 496 3430 armatus
527 3363 684 3459 propriis
711 3363 931 3440 adversarios
958 3371 1037 3442 telis
1066 3373 1244 3471 perfodit,

213 3478 473 3561 congestasque
505 3491 613 3566 snper
642 3474 756 3541 insani
794 3477 912 3548 cultus
947 3484 1069 3551 ruinas
1100 3484 1245 3583 elegans

211 3571 319 3644 simul
352 3586 388 3641 et
416 3578 606 3648 immotum
638 3579 839 3654 christianae
868 3587 1031 3699 religioni
1065 3597 1245 3693 templum

105 3725 115 3745 a
212 3679 331 3773 erigit,
355 3679 455 3773 quod
490 3688 627 3757 ratione
658 3686 849 3780 fundatum
878 3697 1018 3768 cunctis
1048 3703 1245 3775 virtutibus

212 3800 426 3872 exornatum
456 3797 490 3858 2⁰
518 3794 759 3896 Raedagogus,
786 3825 896 3897 quern
917 3789 1020 3898 juxta
1046 3809 1120 3878 vim
1145 3811 1243 3883 verbi
