2738 4628
227 291 267 378 76
573 271 603 352 nl
632 309 755 352 uruurn
779 309 897 352 runicis

225 433 313 520 jactu
328 429 431 496 ollulae
451 429 532 496 ultra
548 429 683 518 spatium
703 429 867 517 lineaeque
884 429 1007 495 vinctus
1021 437 1081 504 est,
1098 427 1137 494 ad
1153 429 1252 516 impe·

139 599 143 607 ,
225 557 294 607 tum
311 555 344 607 et
359 541 473 608 saltum
495 554 707 631 provocatur:
726 541 771 608 sic
785 565 895 608 everso
914 552 946 607 et
968 542 1106 606 extincto
1122 540 1252 606 conscio
1341 523 1349 546 ⁸

224 650 356 728 lumine,
374 652 609 743 impudentibus
630 652 769 720 tenebris
791 675 889 718 nexus
915 651 1049 718 inlandae
1070 649 1253 739 cupiditatis

224 759 387 828 involvunt
401 762 629 852 perincertum
643 763 735 827 sortis
745 785 753 826 τ
763 774 796 827 et
809 762 833 826 si
849 784 914 828 non
926 785 1035 827 omnes
1049 783 1159 849 opera,
1178 781 1253 825 con·

225 872 354 939 scientia
370 885 476 938 tamen
492 873 607 960 pariter
623 873 752 945 incesti3
771 873 920 961 quoniam
936 855 1008 938 veto
1032 871 1253 935 universorum
1338 849 1349 884 ³

225 982 382 1072 appetitur
397 982 550 1071 quidquid
564 983 709 1048 accidere
725 994 829 1072 potest
843 984 876 1048 in
888 995 960 1048 actu
975 979 1180 1071 singulorum.
1340 970 1349 980 ”

266 1091 309 1158 Χ.
329 1093 426 1159 llulta
443 1105 595 1183 praetereo
612 1093 767 1160 consulto.
790 1094 870 1161 Nam
891 1104 924 1160 et
944 1092 1014 1158 haec
1036 1090 1129 1157 nimis
1150 1089 1253 1155 multa
1342 1080 1349 1108 '³

224 1215 310 1278 sunt,
324 1227 393 1292 quae
412 1215 466 1269 aut
489 1206 594 1270 omnia
612 1215 667 1269 aut
686 1203 837 1293 pleraque
857 1203 1000 1270 omnium
1014 1224 1088 1268 vera
1112 1199 1254 1266 declarat
1343 1215 1349 1223 ·

223 1312 320 1399 ipsius
335 1335 438 1401 pravae
453 1311 610 1403 religionis
626 1313 812 1378 obscuritas.
828 1313 894 1378 Gur
909 1312 1027 1378 etenim
1041 1309 1204 1378 occultare
1219 1321 1254 1374 et

224 1421 418 1487 abscondere
444 1421 597 1510 quidquid
627 1421 706 1487 illud
734 1420 844 1487 colunt
869 1444 1059 1511 magnopere
1085 1421 1248 1494 nituntur3
1347 1437 1349 1446 ²

224 1553 298 1596 cum
309 1531 442 1597 honesta
454 1555 579 1622 semper
589 1530 719 1620 publico
731 1531 901 1618 gaudeant,
910 1529 1028 1596 scelera
1041 1541 1160 1594 secreta
1173 1529 1254 1594 sint?

224 1661 282 1706 cur
296 1640 397 1706 nullas
412 1664 482 1706 aras
493 1640 626 1714 habent,
640 1636 757 1727 templa
773 1637 872 1713 nulla,
884 1637 970 1703 nulla
983 1651 1055 1702 nota
1069 1636 1252 1712 simulacra,

222 1772 387 1837 nunquam
401 1747 506 1837 palam
521 1747 620 1835 loqui,
634 1768 798 1834 nunquam
814 1745 915 1813 libere
926 1748 1124 1836 congregari,
1136 1748 1195 1813 nisi
1211 1745 1252 1813 il-

223 1856 279 1923 lud
294 1858 381 1945 quod
396 1856 505 1923 colunt
526 1870 558 1922 et
579 1857 815 1946 interprimunt,
830 1869 884 1921 aut
904 1855 1101 1946 puniendum
1124 1869 1183 1932 est,
1196 1869 1252 1921 aut

222 1965 430 2056 pudendum?
446 1965 537 2032 Unde
554 1978 674 2041 autem,
686 1963 735 2031 vel
750 1966 819 2054 quis
833 1949 907 2040 ille,
921 1978 976 2030 aut
996 1965 1052 2032 ubi
1074 1965 1159 2030 Deus
1180 1965 1256 2029 uni·
1295 1983 1297 1988 ·

224 2100 293 2152 cus,
306 2075 476 2152 solitarius,
494 2076 680 2149 destitutus;
697 2096 792 2161 quem
809 2097 873 2139 non
894 2097 970 2162 gens
993 2071 1104 2149 libera,
1119 2096 1185 2139 non
1199 2095 1264 2137 re¹⁴

223 2211 296 2277 gna,
314 2211 377 2254 non
394 2187 504 2254 saltem
523 2187 665 2255 Romana
684 2187 863 2276 superstitio
880 2185 1056 2253 noverunt?
1067 2186 1086 2251 J
1090 2185 1254 2251 udaeorum

223 2293 289 2362 aola
300 2308 332 2360 et
343 2296 456 2362 misera
469 2295 625 2386 gentilitas
642 2319 742 2362 unum
754 2307 786 2360 et
797 2295 856 2384 ipsi
868 2296 983 2372 Deum,
998 2295 1053 2360 sed
1068 2293 1185 2384 palam,
1198 2293 1256 2360 sed

223 2406 360 2496 templis,
370 2407 443 2483 aris,
453 2407 600 2482 victimis,
610 2406 867 2493 caeremoniisque
874 2404 1050 2472 coluerunt.
1064 2405 1164 2494 Cujus
1174 2405 1255 2472 adeo

223 2515 308 2583 nulla
327 2515 385 2593 vis,
401 2541 461 2584 nec
475 2530 613 2607 potestas
632 2529 693 2595 est,
711 2527 745 2581 ut
761 2517 799 2582 sit
814 2515 964 2583 Romanis
979 2515 1162 2581 numinibus
1179 2539 1257 2580 cum

224 2649 279 2691 aua
301 2626 359 2692 sibi
380 2627 507 2692 natione
531 2626 683 2714 captivus.
711 2624 752 2692 At
777 2625 873 2689 etiam
895 2625 1082 2700 Christiani,
1107 2648 1257 2714 quaenam

224 2746 383 2812 monstra,
407 2757 477 2823 quae
503 2748 649 2825 portenta
682 2734 889 2823 confingunt?
908 2733 1012 2802 Deum
1034 2734 1122 2801 illum
1145 2761 1255 2814 snum,

225 2869 320 2934 quem
336 2869 394 2912 nec
413 2845 579 2911 ostendere
597 2857 743 2936 possunt,
756 2868 815 2911 nec
831 2844 955 2921 videre,
972 2845 1005 2911 in
1023 2846 1168 2911 omnium
1184 2870 1256 2912 mc-

224 2977 288 3032 res,
304 2941 562 3031 actus'omnium,
575 2958 670 3022 verba
692 2955 827 3043 denique
842 2967 874 3019 et
889 2953 1031 3020 occultas
1046 2955 1256 3044 cogitationes

225 3064 390 3156 diligenter
411 3066 592 3156 inquirere?
607 3067 838 3133 discurrentem
859 3064 995 3141 scilicet,
1014 3075 1107 3152 atque
1134 3067 1255 3153 ubique

223 3187 411 3264 praesentem
426 3200 434 3241 :
452 3173 621 3242 molestum
637 3173 726 3240 illum
740 3172 864 3250 volunt,
878 3173 1068 3261 inquietum,
1082 3174 1255 3263 impuden-

225 3300 274 3351 ter
292 3288 387 3352 etiam
408 3289 580 3354 curiosum.
603 3286 766 3374 Siquidem
782 3294 863 3350 astat
882 3283 970 3350 sactis
989 3282 1151 3360 omnibus,
1177 3285 1254 3352 locis

225 3395 371 3462 omnibus
389 3397 575 3471 intererrat,
594 3419 668 3461 cum
689 3417 749 3461 nec
768 3391 896 3482 singulis
912 3393 1063 3460 inservire
1081 3394 1182 3483 possit
1197 3417 1255 3484 per

224 3505 369 3572 universa
383 3506 554 3583 districtus,
572 3529 632 3572 nec
653 3505 803 3572 universis
819 3502 963 3570 sufficere
985 3504 1018 3570 in
1040 3503 1171 3594 singulis
1197 3528 1254 3571 oc·

225 3627 366 3705 capatus.

267 3723 325 3792 Xl.
342 3725 449 3805 Quidl
460 3726 546 3812 quod
562 3737 628 3790 teto
649 3725 730 3798 arbi,
743 3736 774 3789 et
789 3723 848 3812 ipsi
863 3723 982 3789 mundo
1002 3745 1077 3789 cum
1094 3723 1255 3790 sideribus

225 3834 287 3900 suis
299 3834 460 3900 minantur
471 3834 666 3911 incendium,
679 3834 802 3899 ruinam
815 3828 1012 3898 moliuntur?
1024 3833 1112 3919 quasi
1128 3845 1184 3897 aut
1199 3857 1255 3898 na·

223 3956 302 4040 turae
314 3944 425 4013 divinis
439 3943 560 4034 legibus
573 3944 760 4015 constitutus
776 3953 912 4012 eternus
924 3941 1003 4010 ordo
1022 3941 1183 4020 turbetur,
1197 3955 1254 4008 ant
