2478 4594
189 281 252 358 sik
499 297 673 343 cxsusxrxs
698 297 911 343 axsxxxnuxx

187 417 358 509 »oportere
369 440 478 486 omncs
493 419 646 486 insanire.
656 446 670 479 ι
686 418 828 486 srmrhtor
835 418 1023 486 Menander
1012 441 1047 484 rn
1056 407 1232 496 comens

192 552 263 616 quae
274 527 459 596 inscribitur
474 539 561 594 nutet
547 555 651 615 operor:
1231 499 1232 636 l

296 655 407 716 Adesse
424 674 545 736 semper
560 677 621 717 nou
637 657 723 716 decet
739 655 941 737 prudentiam.

292 756 390 815 Etiam
404 757 527 814 evenire
541 757 640 834 aliqua
653 767 783 836 oportet.
1231 745 1232 764 ³

191 875 320 940 Etcum
337 871 464 938 dixisset
476 873 685 941 Antimachus
702 874 818 940 Teius:

292 1001 336 1060 Ex
350 1001 437 1061 donis
452 1001 611 1064 hominum
622 1005 724 1084 generi
737 1004 815 1062 mala
827 1001 960 1082 piurima
974 1003 1067 1072 hunt:

193 1115 267 1184 teci:
278 1114 420 1205 Augias:

294 1243 431 1321 Namque
446 1242 606 1304 hominnm
619 1256 737 1306 mentes
751 1265 821 1306 cum
832 1245 920 1304 sactis
936 1261 1061 1304 munera
1075 1243 1170 1302 sallust.
1223 1298 1230 1325 r

127 1437 131 1450 Ι
194 1361 277 1429 Cum
295 1374 401 1430 sutem
414 1362 541 1428 dixisset
555 1363 728 1455 Hesiodus:

295 1494 432 1570 Namque
444 1489 560 1552 homini
573 1493 680 1552 melior
695 1493 786 1551 luerit
798 1493 951 1572 possessio
964 1491 1065 1563 nulla,

201 1589 207 1596 '
297 1593 418 1669 Coniux
430 1611 521 1670 quam
536 1593 634 1668 hona,
647 1594 690 1653 nil
705 1593 846 1654 scelerata
860 1603 890 1651 at
902 1595 991 1674 pejus
1005 1592 1128 1660 hahetur:

181 1794 184 1802 1
196 1709 274 1776 dixit
288 1710 486 1778 Simonides:

296 1839 394 1898 Uxore
406 1809 447 1898 hii
462 1842 510 1899 rir
519 1840 653 1920 possidet
663 1841 772 1901 melius
783 1841 860 1900 bona
874 1879 884 1912 ,

296 1939 360 1998 Nec
373 1939 446 2016 quid
459 1940 582 2000 scelesta
596 1943 681 2022 pejus
695 1945 798 2001 evenit
809 1945 885 2002 viro.

196 2057 315 2126 Rursus
338 2081 412 2125 cum
436 2057 563 2124 dixisset
581 2058 810 2148 Epicharmus,
835 2059 896 2144 «Ut
916 2057 972 2122 diu
992 2058 1114 2123 rictum
1128 2055 1183 2142 aph

164 2183 168 2194 ·
196 2177 343 2241 umente,
357 2189 418 2232 nec
430 2178 537 2232 tamen
550 2166 644 2238 dius»
665 2167 775 2233 scribit
788 2165 972 2254 Euripides:

296 2291 396 2366 Quin,
410 2309 480 2350 oum
494 2279 566 2350 nihii
583 2293 621 2350 sit
633 2291 742 2372 opibus
753 2292 901 2350 incertum
915 2277 1028 2368 magis,

297 2392 449 2471 Fupnmus
467 2411 593 2469 usquam
606 2392 751 2469 quidquid
763 2403 808 2450 est
823 2389 993 2451 molestiae?

196 2507 348 2575 Similiter
372 2532 448 2576 cum
470 2511 598 2576 dixisset
618 2510 759 2576 comicus
787 2509 957 2600 Diphilus;
984 2510 1183 2588 Mantuanos

197 2611 259 2677 sito
269 2626 392 2690 nostro,
405 2637 459 2680 nec
469 2627 571 2679 monet
579 2641 591 2688 ,·
606 2615 649 2680 ait
662 2613 866 2703 Posidippus:

298 2739 412 2819 Expers
427 2739 574 2800 molestie
587 2752 651 2799 seta
665 2742 778 2798 nemini
794 2741 853 2799 luit

300 2839 383 2912 Vita,
395 2841 502 2901 heatus
517 2859 573 2900 neo
585 2839 676 2899 tinem
689 2859 785 2918 usque
797 2841 835 2897 ad
847 2839 989 2899 ultimum

300 2941 477 2999 Pennansit.
694 2933 697 2940 ’

198 3059 237 3123 Et
249 3055 365 3147 alioqui
377 3057 410 3123 id
425 3059 501 3123 dicit
514 3059 572 3124 tibi
589 3057 693 3134 Plato,
719 3059 861 3125 scribens
882 3058 921 3124 de
941 3059 1063 3124 homine
1078 3051 1181 3146 qnodsl
1227 2999 1229 3144 l

199 3161 313 3229 animal
336 3159 498 3229 mutabile.
516 3163 636 3230 Rursus
655 3186 730 3230 cum
747 3163 874 3228 dixisset
893 3163 1071 3252 Euripides:
1086 3159 1126 3224 «0
1140 3155 1182 3220 ul·
1226 3157 1229 3182 ”

198 3267 352 3334 »seranda
379 3257 548 3332 hominum
570 3269 652 3344 vita,
679 3291 775 3356 quam
799 3267 856 3332 tihi
882 3281 998 3334 cuncta
1019 3269 1048 3332 in
1073 3258 1184 3354 precipiti

198 3383 322 3436 estant·
340 3369 438 3437 modo
450 3394 587 3459 namque
600 3372 701 3461 surgis
716 3372 747 3436 in
762 3370 879 3448 altum,
898 3395 984 3438 nunc
996 3370 1135 3459 devergis,
1147 3385 1187 3430 nst

199 3477 278 3543 »tihi
294 3489 401 3544 certus
421 3476 575 3543 terminus
600 3501 734 3566 usquam
752 3489 820 3552 est,
845 3479 903 3543 uhi
925 3481 1012 3544 sistat
1032 3477 1129 3550 homo,
1148 3467 1227 3536 uk

200 3605 296 3650 »cum
312 3584 416 3661 venit,
428 3585 516 3650 Joris
531 3585 679 3660 arbitrio,
695 3584 807 3674 frigida
819 3587 924 3651 moesti
941 3586 1011 3652 linis
1015 3583 1187 3657 Ιοῑὴίμκτν

200 3691 247 3757 hit
257 3692 403 3782 Diphilus
414 3717 422 3758 :

300 3799 455 3876 Nusquam
468 3799 528 3858 ulia
543 3801 605 3859 rita
619 3810 664 3858 est
675 3841 684 3871 ‚
697 3799 838 3858 omnibus
852 3800 1065 3870 mansuetis,

217 3931 222 3946 ·
277 3899 409 3976 Ι,(ἓιπίε,
425 3900 587 3976 molestiis,
599 3901 780 3976 egrimoniis
796 3901 876 3976 sois,
