2522 4608
183 315 246 379 526
497 336 670 394 annuunrrs
695 335 908 378 snexannnrnr

583 499 744 618 CAPUT.
763 551 821 618 Vl.

580 769 814 844 Datuapilaqua'a.

226 995 253 1062 A
271 993 464 1082 turpiloquio
482 1005 589 1058 autem
600 1005 633 1058 et
648 1017 707 1059 nos
724 995 856 1060 omnino
869 995 1030 1060 abstinere
1041 1005 1204 1083 oportet,et
1258 1027 1260 1058 r

1255 441 1260 464 ⁴

1258 847 1260 890 i

1258 895 1260 1026 i

1258 1065 1260 1106 l

182 1106 227 1172 ois
250 1104 303 1192 qui
324 1101 379 1168 illo
401 1113 536 1169 utuntur
551 1125 586 1168 os
607 1104 786 1180 obstruere,
808 1114 841 1168 et
860 1116 991 1194 aspectu
1008 1105 1204 1180 severiorect

183 1213 288 1282 vultus
305 1214 481 1289 aversione,
496 1223 527 1278 et
540 1235 575 1278 ea
593 1236 664 1301 quae
682 1225 815 1279 vocatur
827 1214 1090 1290 subsannatione,
1101 1227 1133 1280 et
1143 1237 1205 1304 sapa

182 1326 280 1390 etiam
290 1323 444 1413 asperiori
454 1321 609 1388 oratione.
623 1322 726 1401 «Quae
735 1324 834 1400 enim,
847 1325 969 1412 inquit,
982 1335 1207 1396 exoreexeunt,
1259 1315 1260 1324 ¹

183 1464 196 1498 s
211 1435 418 1524 coinquinant
429 1431 591 1498 hominem
602 1430 625 1496 ¹.
641 1432 891 1509 »Communem
906 1443 939 1499 et
953 1431 1121 1524 gentilem,
1132 1433 1205 1497 etiu-

99 1583 110 1595 -
183 1543 335 1618 doctum,
345 1554 377 1607 et
397 1539 592 1630 petulantem
607 1564 681 1606 cum
698 1541 871 1608 ostendunt
892 1564 900 1606 τ
920 1566 985 1609 non
1004 1555 1116 1608 autem
1130 1564 1205 1632 prop·

183 1655 280 1728 rium,
292 1652 475 1728 honestum,
489 1661 522 1716 et
537 1663 779 1742 temperantem.
798 1650 881 1718 Cum
896 1665 1005 1718 autem
1022 1651 1131 1741 turpia
1139 1673 1206 1740 aqua

182 1761 217 1829 in
241 1762 399 1828 audiendo
426 1771 593 1826 versentur
610 1773 643 1825 et
665 1761 697 1826 in
719 1761 906 1858 spectantia,
927 1762 1054 1828 divinus
1078 1761 1204 1852 Paedrga

184 1895 242 1962 gns
261 1871 372 1967 eadem
390 1871 512 1935 ratione
531 1871 638 1959 pueris
655 1869 863 1946 luctantibus,
882 1895 923 1936 ne
941 1895 1033 1936 aures
1051 1870 1201 1937 eorumol-
1259 1903 1260 1906 ¹

182 1980 367 2054 lendantur,
385 1979 519 2069 pudicos
536 2001 711 2052 sermones,
733 1977 831 2045 veluti
849 1980 995 2068 quaedam
1014 1982 1144 2046 aurium
1157 2001 1204 2045 mu

152 2150 154 2166 ,
184 2091 336 2162 nimenta,
355 2087 499 2165 adhibet,
516 2112 556 2154 ne
571 2090 670 2177 possit
685 2089 726 2154 ad
741 2087 949 2179 iungendam
963 2091 1107 2156 animam
1122 2113 1207 2181 paru·
1259 2169 1260 2172 Ἴ

186 2201 262 2265 dere
276 2198 412 2289 pulsatio
428 2199 646 2265 fornicationis
664 2221 672 2263 :
692 2198 801 2267 oculos
817 2213 924 2266 antem
941 2201 1049 2292 dirigit
1064 2203 1108 2267 ad
1122 2224 1208 2267 aaran
1259 2199 1260 2208 ’

185 2311 392 2376 honestarum
408 2307 641 2399 spectaculum,
658 2307 854 2376 moliusessa
871 2310 982 2378 dicens
995 2309 1061 2378 labi
1078 2311 1208 2401 pedibus,
1228 2303 1231 2313 ’
1259 2297 1260 2308 ¹

186 2445 282 2511 quam
314 2420 424 2488 oculis.
454 2421 524 2486 Hoc
557 2418 790 2510 turpiloquium
814 2419 1002 2510 propulsans
1037 2421 1208 2512 Apostolus,

198 2559 211 2592 a
228 2530 353 2608 Omnis,
371 2532 494 2618 inquit,
511 2528 612 2595 malus
624 2554 729 2622 sermo
741 2553 780 2596 ex
794 2553 849 2595 ore
860 2543 964 2597 vestro
980 2555 1046 2601 non
1062 2532 1209 2622 proceda.

188 2670 202 2702 ι
218 2640 274 2706 sed
289 2641 314 2704 si
330 2639 400 2726 quis
414 2641 517 2704 bonus
529 2637 550 2703 ².
571 2641 636 2705 »Et
651 2623 781 2705 rursus:
801 2671 814 2702 ι
828 2641 917 2734 Sicut
929 2643 1022 2708 decet
1033 2657 1169 2718 sanctos,
1182 2663 1210 2706 na

121 2795 123 2800 ι
187 2781 200 2814 n
217 2749 401 2816 nominetur
416 2749 448 2814 in
463 2749 553 2814 vobis
569 2750 747 2839 turpitudo,
762 2765 795 2816 et
810 2751 1056 2840 stultiloquium,
1071 2751 1123 2819 val
1139 2775 1211 2819 scur-

187 2891 201 2925 a
217 2859 282 2926 rilis
294 2861 469 2936 urbanitas,
483 2883 556 2948 quaa
566 2884 630 2926 nou
642 2864 836 2929 conveniunt
848 2886 856 2928 τ
869 2862 924 2929 sed
936 2863 1042 2951 potius
1053 2865 1211 2953 gratiarum

188 3001 201 3034 a
217 2969 331 3038 actio‘.
352 3000 365 3034 s
381 2969 414 3035 Si
431 2977 552 3054 autem,
572 2971 650 3058 aqui
672 2969 804 3037 stultum
820 2971 899 3037 dixit
913 2970 1058 3046 fratrem,
1073 2969 1212 3038 obnoxiu

188 3115 201 3149 ι
218 3095 266 3150 est
280 3081 401 3171 judicio
412 3079 436 3156 ⁸,
457 3079 562 3167 »quid
577 3079 617 3144 de
639 3081 748 3168 coqui
770 3079 863 3146 stulta
879 3079 1020 3170 loquitur
1041 3079 1213 3170 pronuntia-

188 3191 319 3262 bimus?
339 3193 388 3259 An
404 3214 469 3256 non
485 3191 586 3278 etiam
605 3191 645 3256 de
665 3213 705 3256 eo
724 3191 878 3281 scriptum
897 3203 946 3257 est
963 3216 971 3256 :
991 3218 1004 3251 ι
1023 3191 1088 3272 Qui
1103 3191 1213 3259 locutos

190 3305 355 3370 »verbum
377 3295 472 3365 luerit
493 3299 644 3378 otiosum,
666 3299 780 3366 reddet
801 3301 957 3367 rationem
973 3301 1111 3368 Domino
1129 3303 1158 3367 in
1172 3300 1214 3365 dia

192 3413 327 3504 »judicii
338 3411 370 3476 εΡ
384 3440 397 3474 ι
412 3411 456 3476 Es
466 3433 574 3476 rursus
589 3434 597 3474 ε
610 3436 623 3469 ι
637 3411 684 3476 Ex
696 3434 842 3477 sermone
855 3425 909 3476 tuo
921 3411 1155 3501 justificaberis,
1169 3411 1215 3472 in·
1258 3461 1260 3466 .

192 3554 205 3588 ι
221 3525 305 3611 quit,
323 3535 356 3587 et
367 3546 406 3588 ex
417 3543 562 3610 sermone
575 3533 630 3586 tuo
646 3521 942 3588 condemnaberis‘.
958 3552 970 3585 r
985 3524 1141 3603 Quaenam
1151 3531 1215 3587 suut

192 3656 268 3722 argo
284 3631 434 3697 salutares
449 3632 575 3696 aurium
596 3630 806 3708 defensiones,
822 3643 855 3699 et
870 3655 1016 3722 quanam
1032 3645 1106 3698 sunt
1125 3631 1214 3697 labri·

193 3765 305 3811 corum
320 3739 487 3808 oculorum
503 3740 701 3832 disciplinari
716 3743 797 3822 Quae
813 3767 888 3811 cunr
903 3745 995 3834 justis
1011 3756 1085 3811 sunt
1100 3765 1217 3811 conver-

225 3911 236 3946 ¹
250 3911 342 3962 math.
359 3927 401 3972 xv,
418 3910 616 3978 18.—²8phea.
629 3929 662 3977 rr,
679 3931 715 3980 ²9·
729 3912 778 3952 ..t
793 3913 861 3964 lbid.
877 3929 902 3973 v,
913 3913 972 3975 5,4.
988 3911 1038 3953 ·-⁶
1049 3911 1136 3962 Maru.
1146 3925 1169 3970 t,
1182 3923 1215 3956 aa·

195 3995 247 4040 -l
261 3995 304 4048 ld.
315 3995 412 4061 11556.
424 4024 455 4038 -
466 3997 477 4034 ⁸
487 3995 555 4049 thid.
567 3997 624 4066 37.Δ
