2574 4628
239 287 304 334 210
552 285 724 331 cunnus
748 279 961 362 dbblbdbbifl!

233 407 341 496 itaquo
365 425 405 472 ao
428 424 501 472 vero
523 403 649 472 divinus
667 425 759 472 amor
780 416 850 470 tum
871 401 1062 472 conoiliator
1075 399 1272 476 hominihus,

237 537 312 586 oum
325 515 359 582 in
370 514 437 606 ipsa
447 514 553 582 anima
565 537 639 582 vora
650 513 857 604 pulchritudo
869 536 887 580 a
900 512 1007 582 Verbo
1019 512 1131 580 divino
1140 512 1269 581 excitata

236 623 399 694 effulserit
418 623 514 704 Quod
528 647 605 692 vero
621 628 796 693 maximum
811 638 873 702 est,
885 647 960 692 oum
974 620 1100 692 ainoera
1112 620 1270 690 voluntate

235 735 304 824 pnri
315 757 424 824 greasu
435 734 535 802 ourrit
547 732 645 809 arium
660 747 693 800 et
703 735 767 802 vita
778 756 854 802 cum
869 734 968 801 libera
980 732 1140 800 eloctione
1148 733 1268 809 eodem,

236 856 274 909 ut
293 845 337 910 ita
359 841 476 922 dicam,
499 844 576 936 jugo
590 844 718 934 pendet.
744 843 881 912 Proinde
897 842 962 911 sola
977 840 1049 910 haeo
1067 842 1211 912 veritatis
1225 864 1269 909 oo

236 951 374 1020 hortatio
388 963 449 1030 eat,
468 975 552 1041 quae,
568 952 700 1042 perinde
714 975 754 1020 aa
767 950 943 1020 fidelissimi
958 952 1153 1028 amicorum,
1168 949 1210 1016 ad
1224 973 1269 1016 ex·

236 1075 376 1128 nemum
394 1084 496 1150 traque
511 1061 646 1130 halitum
660 1063 828 1130 nobiscum
848 1073 1033 1152 permaneto
1054 1073 1088 1126 et
1108 1061 1134 1127 si
1150 1061 1221 1148 quia
1234 1059 1268 1127 ad

238 1170 356 1240 omium
376 1173 492 1259 tondit,
512 1173 635 1262 integro
654 1173 859 1262 perfectoque
880 1172 993 1239 animm
1015 1171 1141 1261 spiritui
1155 1172 1268 1260 optima

239 1282 303 1346 dux
323 1293 382 1347 eat.
407 1281 458 1349 Ad
473 1281 550 1369 qnid
564 1289 673 1347 antem
686 1279 725 1348 ¹te
746 1279 900 1348 hortor¹i
914 1281 998 1350 Sane
1019 1293 1057 1346 ut
1075 1279 1182 1346 salvus
1204 1278 1264 1345 iias.

238 1391 309 1458 Hoo
323 1388 390 1456 vult
406 1389 573 1457 Christus:
591 1402 636 1466 et,
649 1400 686 1456 ut
702 1413 766 1458 uno
781 1389 886 1457 dicam
900 1391 1012 1468 verbo,
1025 1393 1124 1459 vitam
1140 1391 1200 1456 tibi
1211 1389 1265 1456 lar·

238 1500 332 1590 gitur.
347 1498 404 1566 tite
420 1522 495 1566 roro
510 1500 581 1588 quis
598 1499 669 1567 eati
683 1501 793 1592 paucio
807 1502 917 1591 accipe
934 1523 944 1566 t
961 1500 1107 1568 Verbum
1120 1499 1265 1576 veritatis,

237 1606 380 1674 Verbum
394 1605 602 1675 immunitatis
614 1609 654 1674 ab
666 1609 809 1686 interitu,
822 1609 909 1698 quod
918 1606 1083 1676 hominem
1095 1619 1263 1698 regenerat,

237 1739 314 1782 eum
328 1715 513 1786 redueendo
534 1717 575 1784 ad
591 1718 773 1792 veritatem
795 1716 904 1785 salutis
925 1717 1083 1798 stimulus,
1099 1719 1158 1808 qui
1179 1717 1263 1807 migt

238 1826 416 1902 interitum,
433 1826 488 1914 qui
502 1837 639 1894 mortem
655 1825 797 1916 expellit,
809 1819 865 1915 hui
876 1827 910 1894 in
924 1827 1107 1894 hominibus
1119 1826 1262 1916 tempium

241 1935 420 2011 aedifioavit,
433 1949 470 2002 ut
483 1936 588 2004 Deum
602 1937 635 2003 in
653 1937 727 2026 ipsis
742 1949 904 2004 statueret.
918 1937 985 2004 Fac
996 1948 1031 2004 ut
1043 1935 1203 2027 tempium
1213 1937 1263 2004 hoo

1 2063 3 2096 ι
144 2053 146 2056 ’
238 2046 280 2112 ait
290 2056 462 2133 purum,ot
471 2043 645 2136 voluptates
653 2045 1037 2138 aomoliitiom,tanqunm
1046 2045 1263 2115 caducumiio-

240 2177 322 2231 rem,
335 2163 430 2222 vento
442 2167 537 2245 atquo
548 2155 612 2244 igni
623 2154 777 2244 relinque.
792 2154 1022 2246 Temperantia
1033 2168 1144 2223 autem
1154 2157 1264 2224 naon

239 2263 414 2354 prudenter
427 2263 537 2343 oolito,
553 2277 647 2354 teque
662 2265 767 2355 ipsum
780 2265 861 2344 Deo,
877 2265 974 2332 veluti
985 2267 1156 2357 primitias,
1169 2290 1263 2336 aonio

239 2395 313 2448 oras
330 2385 366 2440 ut
381 2375 451 2462 ejus
466 2375 507 2440 sit
524 2397 588 2442 non
604 2372 707 2440 aoium
721 2397 814 2464 opus,
837 2375 893 2442 aed
914 2376 1011 2442 etiam
1032 2379 1138 2466 operia
1164 2357 1261 2469 gratia.

241 2481 419 2572 Utrumque
434 2495 540 2550 autem
555 2483 660 2559 deoot,
673 2494 708 2550 ut
719 2483 774 2572 qui
790 2480 908 2550 Christi
920 2481 1094 2575 discipulus
1106 2498 1264 2576 anagn

240 2589 355 2679 dignun
371 2591 527 2667 videatur,
542 2603 575 2656 et
588 2613 687 2681 regno
701 2591 847 2681 dignatus
864 2591 914 2658 ait.

285 2698 360 2765 xit.
381 2698 554 2790 Fugiamua
573 2701 670 2790 igitur
691 2701 965 2777 consuetudinem,
995 2701 1156 2792 fugiamus
1183 2703 1264 2770 velati

223 2877 227 2884 ,
241 2805 457 2898 periculosum
475 2811 743 2900 promontorium,
760 2823 815 2876 aut
832 2809 1010 2900 Charybdis
1022 2813 1141 2891 minas,
1162 2827 1216 2880 ant
1228 2813 1263 2878 ir-

243 2915 370 2984 buloooa
384 2916 512 2985 Sirenes
532 2941 541 2984 τ
562 2919 760 2986 consuetudo
782 2913 946 2987 hominem
964 2921 1113 2998 suffocat,
1132 2925 1262 2990 uertita

242 3027 386 3104 reritnto,
406 3027 537 3096 abducit
552 3053 570 3094 a
585 3028 661 3106 vita,
681 3029 812 3119 inquom
828 3041 888 3106 est,
907 3031 1097 3100 barathrum
1111 3047 1175 3114 eat,
1189 3034 1262 3102 soret

242 3146 304 3214 eat,
316 3137 460 3204 cribrum
474 3150 522 3205 eat
537 3137 657 3206 malum
672 3165 681 3215 ς

323 3269 408 3328 Hunc
417 3269 535 3348 quidem
550 3270 660 3328 fumum
672 3283 700 3328 et
713 3267 831 3328 fluctum
842 3283 923 3331 entra
939 3272 1031 3352 dirige
1145 3295 1150 3308 ·

322 3371 435 3428 Navem
438 3413 547 3428 .....

245 3483 431 3575 tingimus,
443 3489 641 3580 fugiamus,o
651 3489 742 3568 aooii,
754 3492 842 3560 huno
853 3491 1000 3570 fluctum,
1016 3495 1125 3584 ignem
1136 3505 1264 3564 eructatt

245 3593 421 3681 periculosa
438 3611 486 3664 est
504 3599 618 3676 inania,
636 3601 758 3683 oasibus
773 3613 806 3667 et
823 3601 1029 3670 cadaveribus
1044 3603 1140 3694 piena
1158 3606 1216 3670 :in
1236 3624 1266 3667 ea

246 3715 353 3770 autem
369 3719 475 3775 cantat
490 3708 628 3776 formosa
650 3709 865 3791 meretricula,
887 3711 1043 3804 voluptas,
1063 3737 1135 3804 qaae
1149 3711 1266 3806 publiea

245 3809 434 3904 vulgarique
450 3816 571 3881 muaioa
587 3813 722 3914 deiectat
739 3841 748 3881 ε

280 3933 360 3982 ¹Vide
374 3933 403 3981 1).
419 3933 532 3994 Guiiion,
541 3949 568 3998 p.
580 3933 636 3983 388.
