2452 4602
292 237 485 294 aauacccos,
509 239 570 283 arn.
599 241 646 284 111.
919 225 986 314 587

13 381 90 428 eacus
101 371 152 436 ast,
164 357 312 449 quomodo
324 381 387 424 non
403 379 495 424 caecae
514 367 587 424 aunt
601 379 671 446 quae
695 380 769 424 curn
792 371 935 450 stupent,
951 373 984 429 et

11 468 177 544 admirantur,
190 478 222 532 et
233 450 263 532 in
278 489 350 532 eum
364 466 485 550 affectae
500 465 598 532 sunt?
611 468 697 534 Dum
711 492 787 557 ergo
803 471 985 559 cupiditatis

11 576 97 642 linitas
114 577 165 643 sihi
185 601 244 644 noa
263 577 470 652 constituunt,
492 577 525 642 in
543 577 772 666 impudentiam
790 578 981 670 impingunt.

11 687 49 754 Eis
64 685 132 752 erim
149 709 219 776 opus
235 697 281 752 est
300 697 333 750 et
355 685 491 762 theatro,
510 697 543 750 et
564 708 696 776 pompa,
717 699 751 752 et
770 700 986 777 spectatorum

13 793 181 866 mdtitudiae.
206 808 237 861 ct
266 792 523 860 obambulatione
553 794 585 860 in
609 793 752 884 templis,
775 807 808 862 et
837 798 987 868 diuturna

11 929 75 972 nara
87 905 113 970 in
124 905 223 981 triviis,
240 916 274 969 ut
288 905 350 970 sint
360 903 534 972 manifesto
545 903 704 971 omnihus.
721 905 884 973 Ornantur
901 911 988 978 enim

13 1027 38 1080 ut
54 1014 105 1080 aliis
121 1015 272 1106 placeant,
294 1015 413 1104 quaein
432 1015 526 1091 facie,
545 1039 610 1082 non
628 1015 662 1080 in
685 1017 781 1082 corde
800 1015 986 1106 gloriantur.

13 1123 77 1190 Sicut
93 1127 164 1190 enim
185 1125 327 1215 stigmata
348 1148 475 1191 servum
496 1123 676 1214 fugitivum,
703 1125 746 1193 ita
770 1127 865 1194 etiam
883 1129 988 1198 lloridi

13 1233 101 1300 colores
119 1233 280 1302 adulteram
301 1233 461 1299 indicant:
486 1257 585 1300 «nam
605 1235 663 1299 etsi
680 1235 812 1302 coccino
834 1237 994 1318 induaris,

14 1356 143 1411 retaureo
156 1355 338 1410 ornamento
357 1342 491 1418 orneris,
506 1353 540 1407 et
555 1339 663 1408 oculos
678 1355 751 1410 tuos
767 1369 865 1436 ungas
881 1350 990 1423 stibio.

15 1452 119 1521 alrustra
130 1467 172 1521 est
185 1453 387 1546 pulchritudo
397 1451 478 1528 tua¹‚
487 1481 500 1514 ι
510 1451 586 1518 dicit
597 1452 699 1542 Logos
714 1477 772 1544 par
786 1457 990 1528 Hieremiam.

16 1567 50 1632 ln
61 1588 115 1630 raro
128 1588 184 1630 non
199 1563 373 1630 absurdum
387 1572 447 1636 est,
465 1583 562 1648 equos
577 1561 719 1648 quidem,
731 1575 764 1628 et
778 1587 863 1643 aves,
881 1579 914 1633 et
929 1567 990 1636 ulia

15 1675 154 1752 animantia,
167 1699 203 1741 ex
216 1674 318 1740 herba
341 1681 374 1738 et
390 1670 487 1761 pratis
505 1693 632 1760 surgere
652 1695 690 1738 ac
708 1673 846 1749 evolare.
862 1681 991 1769 proprio

7 1797 125 1852 'ortena
142 1795 337 1858 ornamento,
360 1781 445 1871 jubis
471 1792 503 1846 et
524 1779 630 1848 colore
654 1783 803 1874 naturali,
825 1798 857 1850 et
877 1791 989 1875 pennis

7 1897 98 1960 'rariist
114 1894 260 1961 mulierem
276 1917 367 1968 vero,
382 1891 513 1982 perinde
530 1892 609 1958 acsi
625 1892 665 1956 sit
680 1895 788 1960 hestiis
804 1895 946 1978 inferior,
959 1921 993 1966 ae

16 2029 68 2071 esse
86 2005 146 2071 adeo
168 2007 344 2072 deformem
365 2003 557 2078 existimare,
578 2014 612 2068 ut
628 2015 769 2079 externa.
785 2008 939 2097 emptitia.
962 1993 995 2075 ot

16 2115 157 2182 adumbrata
175 2113 413 2206 pulchritudine
436 2112 550 2202 egeat?
573 2111 668 2179 Vittae
697 2125 802 2192 certe,
828 2130 860 2182 et
885 2143 994 2186 earum

15 2223 137 2316 permulta
158 2226 360 2301 differentiae,
383 2235 416 2290 et
438 2246 577 2311 operosae
603 2218 789 2311 capillorum
813 2224 993 2314 plicaturae,
1052 2209 1056 2218 ¹

16 2347 39 2400 et
53 2337 158 2402 crinium
176 2333 423 2403 innumerabiles
443 2331 564 2423 figurat,
577 2343 609 2396 et
630 2331 775 2422 pretiosae
795 2335 996 2422 speculorum

7 2443 156 2526 'ehodum
169 2450 282 2538 quibua
304 2469 339 2512 se
354 2454 551 2534 componunt
577 2443 654 2508 dum
671 2455 826 2510 venantur
846 2469 900 2512 eos
923 2449 997 2538 qui,

16 2577 146 2646 puerorum
167 2583 254 2625 more
280 2554 516 2645 insipientium,
543 2551 660 2618 forinas
688 2553 898 2634 admirantur,
923 2572 998 2626 sunt

9 2667 166 2736 ‘laminarum
178 2693 247 2760 quae
259 2687 392 2733 omnem
403 2663 558 2754 pudorem
569 2673 726 2727 exuerunt
741 2684 750 2726 ε
766 2686 843 2750 quas
858 2667 913 2755 qui
927 2691 999 2734 me-

16 2775 108 2842 retrices
125 2779 294 2858 vocaverit,
310 2775 336 2840 is
356 2797 421 2840 non
442 2773 647 2848 aberraverit,
664 2783 698 2838 ut
719 2797 789 2861 quae
804 2798 843 2840 ex
858 2776 997 2847 vultibus

16 2887 59 2954 uia
69 2913 195 2978 parsoms
209 2890 344 2956 iaciunt.
360 2884 458 2951 Nohis
473 2893 579 2948 autem
594 2883 705 2949 suadet
715 2883 830 2974 Logos‚
853 2913 945 2957 anon
960 2916 998 2958 ea

7 3000 198 3066 'icanaidarare
221 3021 295 3088 quae
323 2994 484 3068 videntur,
510 2992 566 3058 sed
591 3016 627 3058 ea
652 3016 722 3081 quse
752 3017 816 3060 non
838 2995 995 3066 videntur.

16 3107 88 3187 rQuae'
98 3110 173 3176 enim
186 3110 348 3181 ridentur,
366 3113 440 3168 sunt
454 3100 654 3190 temporalia:
673 3125 744 3190 quae
758 3113 864 3170 autem
878 3129 943 3172 non
958 3109 1000 3174 vi·

15 3213 130 3297 alentur,
143 3230 258 3283 mter-na
271 3212 296 3279 ².
312 3241 326 3274 a
341 3210 415 3291 Quo
435 3219 544 3274 autem
560 3205 638 3274 nihil
659 3206 720 3274 dici
736 3220 791 3274 aut
803 3209 879 3298 fingi
898 3226 1003 3301 potest

14 3303 158 3404 absurdius,⁴
171 3327 253 3393 fictae
270 3322 359 3388 istius
375 3342 439 3384 suae
455 3317 577 3394 formae,
593 3317 724 3408 perinde
740 3341 777 3384 ac
792 3319 817 3384 si
833 3343 883 3385 res
899 3325 937 3390 ah
956 3325 1002 3392 eis
1082 3399 1087 3406 ,

12 3433 72 3519 lene
84 3451 154 3526 gesta
173 3451 205 3504 et
219 3433 368 3503 conlecta
383 3429 436 3504 sit,
453 3427 578 3518 specula
594 3429 825 3518 excogitarunt,
840 3454 913 3496 cum
927 3433 1002 3503 hiric
1116 3491 1118 3495 ,

13 3539 89 3612 laudi
102 3560 174 3615 esset
189 3548 297 3638 potius
318 3539 552 3608 admovendum
572 3538 768 3628 operculum.
788 3541 897 3630 Neque
916 3547 1001 3614 enim

12 3651 57 3745 [ut
68 3670 107 3724 est
119 3661 148 3724 iu
162 3660 347 3726 Graecorum
364 3649 499 3738 fabulis)
509 3649 651 3716 formoso
663 3647 808 3716 Narcisso
824 3663 910 3719 recte
927 3680 1003 3724 sur-
1094 3667 1108 3692 ³

8 3767 98 3844 *cessit
116 3769 196 3858 quod
223 3782 289 3832 suae
308 3762 403 3828 luerit
427 3757 660 3848 contemplator
680 3759 831 3849 imaginis.
861 3763 1002 3852 Quodsi

7 3913 8 3917 ¹
33 3896 130 3949 ‘laram
141 3917 175 3962 aa,
186 3899 228 3949 30.
240 3923 271 3936 -
283 3893 294 3930 ²
307 3893 386 3945 πῦον.
400 3908 433 3952 tv,
447 3890 483 3939 18.

775 3981 826 4045 25.
