2478 4594
345 322 535 370 snnottarutt
556 326 618 370 bi!-
645 327 686 370 vt.

95 445 302 519 Quaecunets,
318 446 427 506 medici
438 449 590 522 adinstar,
602 467 664 510 una
677 453 813 514 funditus

95 546 177 608 diors
191 545 268 606 tollit
277 588 286 620 ‚
303 557 337 606 ut
347 565 455 628 sopore
471 569 525 610 nos
540 555 639 634 tetigit
654 573 721 614 suo.

6 663 146 732 neuma
159 685 235 732 cum
251 663 379 730 dixisset
393 667 579 757 Euripides:

200 792 303 880 diuites
318 795 409 883 iacies
423 807 492 855 sunt
508 799 657 873 fortunas,

99 913 102 920 ·
194 893 348 971 Multaque
364 905 474 974 praeter
485 897 552 976 spes
569 901 732 970 eveniunt:

4 1010 128 1099 tragicus
139 1009 283 1078 similiter
297 1011 496 1080 Theodectes
509 1017 620 1082 scribit
637 1041 645 1080 :
660 1014 801 1082 :Fluxas
815 1041 970 1108 vagisque
982 1047 1033 1091 res

6 1119 62 1206 sagi
73 1117 290 1186 mortalium.»
305 1121 346 1186 Et
357 1144 432 1187 cum
441 1122 808 1212 dixissetBacchylides:
827 1127 941 1216 «Apud
959 1153 1038 1220 quos

7 1227 470 1307 ‚auummnuium,1)aemoni
480 1231 648 1310 visumest,
660 1244 694 1297 ut
706 1244 775 1298 toto
783 1244 928 1323 tempore
937 1239 1035 1306 vitam

7 1347 106 1422 »agant
118 1333 331 1413 mediocrem,
348 1349 381 1402 et
396 1338 586 1428 intempore
601 1339 641 1406 ad
653 1362 766 1406 canam
781 1344 966 1430 pervenient
983 1369 1035 1410 se-

8 1444 348 1533 =nectam,priusquem
360 1445 501 1512 incidant
510 1447 680 1513 infortunia
690 1447 729 1512 i»
744 1449 857 1516 scribit
868 1449 1033 1519 Moschion

1 1568 134 1616 *cuncus
145 1575 154 1616 :

92 1661 167 1720 Vere
181 1659 285 1722 beatus
296 1661 347 1721 iiie
359 1674 468 1742 praeter
481 1676 625 1736 caeteros,

88 1761 147 1820 Cui
160 1763 219 1821 rita
233 1763 447 1843 semperssuxit
461 1765 569 1840 aequaii
582 1765 686 1825 modo.

10 1880 130 1946 nvenias
142 1890 175 1945 et
190 1902 266 1946 cum
282 1880 411 1946 dixisset
422 1880 602 1968 Theognis:

84 2009 154 2069 Non
166 2010 286 2088 juvenis
298 2008 400 2069 vetulo
415 2007 528 2086 conjux
539 2020 583 2068 est
594 2001 663 2089 apta
678 2011 808 2083 marito,

61 2158 65 2164 .
128 2109 222 2185 Quas,
245 2107 355 2186 cymba
371 2117 404 2166 ut
419 2107 516 2182 olavi,
529 2106 610 2166 baud
628 2108 728 2166 audiet
744 2101 893 2187 imperio:

1 2221 231 2314 :ristophanem
247 2221 408 2288 comicum
419 2221 628 2287 scribentem:

2 2359 6 2367 ²
85 2350 155 2408 Nou
170 2348 302 2406 ioeminso
313 2347 416 2424 juveni
431 2347 556 2406 maritus
571 2347 713 2409 conuenit

1 2464 3 2498 ε
88 2447 201 2505 Senex.

8 2567 64 2612 um
82 2556 192 2611 autem
208 2543 333 2612 fecisset
345 2545 534 2622 Anacreon,

225 2655 409 2734 Cupidinem
425 2654 590 2726 tenellum,

228 2755 580 2815 Vittisoanorerinctum

226 2855 354 2915 Floridis
371 2856 548 2915 celebrans:

224 2957 381 3034 Tyrannus
392 2955 441 3014 bic
452 2956 577 3015 deorum
592 2968 635 3015 est
646 2996 656 3026 ‚

220 3061 430 3138 Hominesque
441 3061 542 3120 subdit
556 3080 633 3118 unus
647 3080 655 3131 ;

16 3160 89 3228 ribi:
103 3160 292 3251 Euripides:

79 3266 201 3347 Cupido
213 3266 293 3326 solos
303 3268 414 3345 quippe
430 3284 491 3324 non
507 3264 610 3325 domat
622 3268 723 3337 siros,

77 3368 118 3428 Et
132 3367 321 3432 ioeminurum
333 3367 420 3427 saecia
428 3409 440 3440 ,1
452 3366 506 3426 sed
520 3366 627 3426 coelum
640 3369 733 3444 petit,

78 3469 236 3545 Divosque
250 3466 350 3525 turbat
361 3511 369 3532 ‚
386 3477 415 3525 et
427 3465 577 3546 profunda
590 3466 691 3524 Nerei.

10 3610 32 3637 s·
58 3603 99 3645 ne
120 3591 227 3646 nostra
248 3577 371 3668 longius
393 3577 548 3668 procedat
571 3576 691 3652 oratio,
714 3576 792 3644 dum
809 3577 879 3645 hoc
900 3579 1019 3668 agimus

1 3685 252 3760 recondamus,
270 3707 366 3772 quam
390 3685 453 3750 sint
476 3683 579 3749 Graeoi
599 3679 755 3770 proclives
770 3684 810 3749 ad
830 3683 968 3761 furtum,
985 3700 1017 3752 et

0 3826 3 3847 ι
25 3794 241 3870 orationibus,
254 3804 288 3858 et
302 3794 335 3858 in
347 3793 564 3883 dogmatibus,
582 3813 638 3879 age
655 3790 851 3870 adducamus
866 3794 1013 3884 Hippiam

11 3895 160 3987 phiatam
182 3897 295 3967 Eleum
314 3899 368 3985 qui
387 3911 493 3988 aperte
517 3896 686 3962 nobiscum
703 3895 792 3975 fucit,
810 3909 842 3964 ct
860 3898 892 3964 id
907 3900 1012 3993 ipsum
