2614 4628
444 305 688 352 aususausus.
1023 309 1080 374 ¹¹7

49 432 221 508 memes
238 427 500 522 Prmceptorem
520 423 692 512 dixerim,
714 429 778 523 qui
802 449 959 522 puerum
982 431 1086 524 quasi

49 531 92 602 ab
111 527 350 602 incunabulis
375 533 414 602 in
436 539 570 603 unitate
589 531 689 626 fidei
708 535 927 629 uirtutisque
947 531 1086 631 perfec·

52 645 144 712 hone
156 639 438 712 informandum
450 642 611 739 suscipit,
623 641 735 712 donec
746 657 907 712 occurrat
921 648 1087 715 invirum

46 749 261 846 pefidiam,
283 754 321 817 in
340 773 544 819 mensuram
563 754 681 818 oetotis
696 747 930 846 plenitudinis
954 750 1090 821 Christi

50 853 157 951 (Eph.
169 879 222 944 ιν,
238 852 308 948 13),
317 851 358 924 3⁰
366 858 559 940 stromata,
569 875 831 952 &peparethum
840 854 969 926 melius
976 855 1087 928 latine

54 968 217 1061 Tarpetes,
229 984 395 1058 quorum
409 973 547 1058 septem
570 960 672 1032 libris
686 965 763 1032 sine
780 961 908 1034 ordine
925 961 1086 1060 quidem,

51 1069 109 1142 sed
119 1095 195 1142 non
214 1073 299 1141 sine
309 1083 411 1166 grata
422 1073 592 1140 varietate
608 1068 777 1166 diffusam
791 1094 937 1141 omnem
953 1061 1088 1143 Christi
1162 1055 1177 1084 '

51 1178 321 1278 philosophiam
349 1201 559 1274 percurrere
584 1177 782 1276 gaudebis3
809 1176 854 1248 de
880 1177 1014 1276 quibus
1038 1185 1087 1251 ita

53 1293 122 1388 ipse
134 1289 328 1360 Clemens:
343 1315 360 1352 a
379 1291 470 1358 Sunt
487 1301 609 1358 autem
621 1287 705 1359 libri
724 1293 946 1360 Stromatum
962 1291 1088 1385 utique

57 1398 213 1470 »similes
232 1422 312 1469 nou
338 1396 407 1467 illis
426 1394 620 1468 elaboratis
641 1398 759 1468 hortis
781 1400 819 1467 in
843 1397 978 1493 quibus
1003 1412 1090 1468 sunt

58 1505 229 1578 »arbores
253 1519 293 1576 et
317 1504 448 1603 plantae
475 1506 512 1574 in
541 1519 684 1576 certum
709 1503 876 1576 ordinem
901 1501 945 1575 ad
970 1504 1089 1576 delec-

58 1612 210 1685 »tandos
229 1611 362 1683 oculos
383 1609 543 1708 digestae,
563 1612 626 1683 sed
644 1612 754 1684 alicui
777 1614 901 1709 potius
922 1614 1037 1708 spisso
1054 1627 1091 1683 et

60 1721 261 1794 »umbroso
282 1722 418 1802 monti,
441 1722 478 1789 iu
502 1745 578 1817 quo
603 1721 711 1792 simul
734 1735 820 1792 sunt
845 1721 1015 1818 plantatae
1034 1739 1091 1816 cy·

63 1835 198 1927 »pressi
209 1843 248 1899 et
266 1827 422 1925 platani,
438 1825 560 1900 laurus
573 1843 610 1900 et
626 1829 779 1916 hedera,
792 1828 880 1900 mali
896 1829 1038 1923 etloleae
1055 1843 1092 1899 et

68 1938 196 2024 silicus,
214 1941 266 2008 ita
288 1951 332 2007 ut
356 1933 402 2006 de
424 1934 600 2009 industria
620 1936 795 2008 fertilium
819 1937 929 2010 simul
955 1953 992 2008 et
1014 1961 1089 2007 non

73 2042 266 2114 »fertilium
281 2043 411 2141 plantae
428 2035 600 2113 arborum
617 2047 689 2114 sint
699 2049 948 2115 commiste.»
969 2049 982 2128 l
989 2046 1086 2115 Stro-

76 2169 156 2222 mot.
169 2151 231 2223 lib.
246 2151 317 2243 vu.)
335 2156 492 2222 Octavus
505 2149 598 2224 liber
612 2155 646 2223 S.
662 2151 844 2223 Clementi
853 2178 929 2222 non
947 2150 1091 2223 videtur

74 2257 298 2331 ascribendus.
315 2256 448 2330 Tribus
475 2273 597 2329 autem
622 2258 694 2328 illis
718 2256 891 2355 operibus
916 2257 1090 2357 perficere

71 2367 294 2438 christianum
314 2362 514 2435 intendisse
539 2364 712 2450 dixerim,
732 2388 815 2435 cum
838 2369 958 2462 primo
982 2389 1092 2463 opere

66 2473 194 2547 futuros
211 2497 368 2573 purgare
386 2471 601 2543 christianos
616 2496 637 2543 a
651 2468 823 2542 sordibus
834 2469 1093 2542 adhaerentium

63 2586 374 2682 superstitionum,
405 2579 565 2650 secundo
591 2579 666 2674 jam
690 2594 862 2678 purgatos
892 2583 1034 2652 initiare
1058 2595 1095 2651 et

62 2693 260 2776 instituere,
286 2689 395 2760 tertio
417 2683 576 2782 denique
599 2685 644 2756 ad
668 2709 768 2756 sacra
794 2687 949 2757 maxima
971 2709 1094 2784 supre-

61 2825 221 2898 mamque
239 2800 309 2870 Dei
325 2793 669 2891 contemplationem
683 2791 874 2864 admittere
891 2809 1053 2866 conetur.

103 2916 229 2981 Praeter
263 2906 326 2977 illa
353 2917 475 2974 autem
507 2904 640 2999 scripta
673 2916 862 2972 remanent
891 2905 1092 2974 etiamnum

68 3031 95 3090 ι·
107 3044 234 3117 parvus
246 3016 340 3087 liber
355 3041 364 3083 ε
381 3016 468 3104 Quis
481 3010 575 3083 dives
588 3009 766 3081 salvetur?
776 3025 812 3080 et
826 3021 863 3080 ’θ’
875 3017 1091 3108 Hypotypo-

61 3149 152 3212 seon,
168 3145 388 3204 reiteremus,
405 3132 576 3188 truncatae
598 3114 770 3214 quaedam.
782 3116 1025 3215 partes,squae
1047 3115 1095 3189 ad

61 3232 323 3308 Platonicorum
353 3223 597 3323 sophistarum
626 3223 775 3322 placita,
802 3226 911 3294 nimis
940 3237 1029 3292 tunc
1054 3225 1092 3300 in

61 3339 296 3412 Alexandrina
328 3332 452 3405 schola
482 3332 630 3420 diflusa,
663 3332 746 3431 plus
779 3356 884 3428 aequo
918 3329 1091 3402 inclinare

61 3447 233 3521 videntur.

104 3563 136 3629 S.
152 3557 356 3628 Clementis
368 3555 501 3648 scripta
515 3550 586 3621 alta
602 3552 802 3649 praesertim
818 3547 982 3619 doctrina
996 3551 1090 3620 inter

64 3691 182 3738 omnes
197 3679 366 3734 veterum
381 3658 672 3732 elucubrationes
686 3655 993 3760 commendantur.
1005 3662 1091 3727 «Fe.¹

64 3789 237 3858 uminum,
262 3771 388 3868 inquit
416 3772 675 3863 Hieronymus,
706 3765 784 3860 ejus
809 3768 962 3862 insignia
987 3765 1090 3837 volu·

67 3887 209 3964 rusina,
226 3879 408 3977 plenaque
423 3875 637 3950 eruditionis
655 3887 691 3944 et
708 3871 939 3970 eloquentiae,
955 3885 1028 3942 tam
1046 3871 1092 3942 de
