2574 4628
403 295 407 308 .
523 236 701 282 clausuris·
719 225 929 284 :saxanorum

213 369 280 423 arte
300 356 457 426 columbae
477 357 595 426 fuerint
612 359 694 426 adeo
714 360 755 426 ad
774 361 879 427 virum
896 379 1058 449 expresse,
1075 368 1110 422 ut
1126 355 1224 422 aden
1251 336 1272 425 l

211 465 278 533 alite
294 465 450 535 columbae
466 467 656 547 advolarint,
672 469 847 560 imaginum
861 466 1061 536 similitudine
1074 465 1222 555 deceptor
1246 434 1272 542 p

210 588 243 642 et
262 577 303 642 ad
324 600 478 670 equarum
504 580 657 670 imagines
682 579 915 654 adhinniverint
939 579 1011 666 eqni
1031 601 1040 643 :
1064 589 1225 663 utcumque
1248 544 1272 641 l¹

211 685 315 774 puella
327 688 473 775 quaedum
484 687 641 779 imaginis,
654 702 687 756 et
699 688 856 772 formosus
867 688 987 779 juvenis
998 686 1116 756 Cnidia:
1127 697 1225 754 ttatoe
1264 675 1272 714 ³

213 819 322 862 amore
334 798 417 887 capti
432 796 526 866 fuisse
541 811 782 866 memorentur:
801 811 907 866 tamm
922 796 980 864 soli
995 795 1078 864 oculi
1091 807 1226 886 spoctea

212 905 293 972 tium
308 929 348 972 eo
367 905 502 973 artificio
518 907 643 998 decepti
659 920 748 982 sunt:
763 930 865 998 neque
876 907 963 974 enim
974 906 1085 994 aliquit
1098 925 1226 994 unquam

212 1037 296 1080 sana:
317 1017 433 1082 mentis
455 1027 510 1082 ant
531 1039 606 1084 cum
624 1018 687 1083 dea
713 1039 898 1108 congressus
921 1027 981 1104 est,
1003 1025 1057 1081 ant
1076 1037 1138 1080 una
1161 1033 1227 1078 mn
1267 1010 1272 1050 ⁴

212 1136 339 1192 mortun
362 1148 429 1192 sose
445 1124 634 1203 inhumavit,
651 1137 706 1192 aut
721 1129 754 1194 in
769 1124 919 1196 dramonis
937 1124 1085 1216 lapidisve
1098 1143 1228 1190 amorem
1271 1201 1272 1206 ἵ

214 1234 334 1300 incidit.
353 1233 417 1301 Vos
437 1249 545 1302 autem
563 1260 614 1302 ars
635 1235 703 1304 aliis
721 1248 872 1326 praeterea
889 1233 1017 1304 bllaciis
1032 1247 1063 1300 at
1077 1231 1227 1323 prestig'u't

217 1344 315 1435 capit,
330 1367 474 1433 quosque
492 1345 525 1412 in
540 1367 682 1412 amorem
705 1345 857 1414 inducere
873 1367 937 1412 non
951 1341 1045 1419 valet,
1061 1340 1101 1408 ad
1117 1337 1228 1408 cultura
1266 1339 1272 1410 f

216 1469 311 1544 atque
324 1457 558 1523 venerationem
574 1467 750 1524 statuarum
760 1469 793 1524 ot
800 1457 973 1547 imaginum
984 1451 1127 1545 impellit.
1144 1451 1227 1540 Atqu
1270 1495 1272 1498 ·

216 1564 327 1634 similis
342 1578 390 1634 est
402 1567 538 1657 pictura.
559 1567 721 1636 Laudatur
737 1591 813 1658 ergo
828 1567 999 1634 artificium
1015 1589 1023 1632 :
1042 1589 1083 1634 ne
1098 1571 1172 1633 'aero
1185 1562 1230 1629 be

215 1675 294 1744 mini
310 1677 465 1767 imponat,
481 1690 536 1744 aut
550 1701 610 1768 pro
625 1680 756 1746 veritate
776 1702 810 1744 se
823 1679 954 1768 ingerat.
975 1677 1090 1758 Quiete
1102 1673 1229 1742 constitit

216 1811 317 1876 equus
331 1811 339 1852 :
354 1786 502 1855 columba
514 1789 645 1856 minime
656 1790 840 1878 perturbata
856 1800 916 1864 est,
928 1807 1118 1876 neoponnas
1132 1783 1226 1850 morit

215 1893 337 1968 Daedali
348 1919 476 1986 quoque
487 1919 582 1964 vacca
598 1920 617 1968 o
632 1894 718 1988 ligno
729 1896 833 1964 efficta
845 1909 972 1964 taurum
983 1905 1139 1984 agrestem
1148 1890 1230 1980 oepit,

220 2017 253 2070 at
278 2000 419 2072 belluam
444 2003 531 2072 illam
558 2004 691 2075 artificio
718 2005 886 2097 deceptam
912 2005 1014 2094 coegit
1036 1991 1232 2070 insanientem

218 2135 327 2180 amore
348 2113 514 2182 mulierem
536 2116 626 2183 inire.
646 2116 694 2188 Ac
715 2127 838 2182 tantum
860 2115 989 2206 quidem
1007 2113 1149 2180 furorem
1165 2121 1232 2177 artes

217 2226 372 2315 improbis
387 2225 528 2298 artificiis
539 2227 716 2294 amantium
728 2239 760 2296 et
774 2226 934 2294 fatuorum
948 2224 1061 2292 animis
1072 2225 1233 2294 concitare

219 2346 304 2400 runt.
328 2332 442 2400 Simius
460 2357 534 2400 vero
550 2334 669 2402 habere
684 2332 785 2400 solent
795 2335 828 2401 in
843 2333 1051 2401 admiratione
1063 2333 1118 2420 qui
1127 2353 1179 2398 eas
1190 2353 1234 2397 on

218 2457 291 2510 rant
305 2444 526 2534 nutriuntque,
544 2444 632 2533 quod
645 2467 698 2510 eas
712 2467 773 2511 nee
784 2466 884 2510 oereae
901 2465 960 2510 nec
974 2441 1068 2509 luteae
1084 2439 1235 2530 imagines,

219 2550 295 2620 licet
302 2566 416 2619 ornatu
425 2553 605 2643 puellarum
616 2555 791 2634 instructae,
805 2577 944 2645 unquam
955 2551 1074 2622 fallant.
1089 2549 1235 2640 Numquid

219 2665 316 2754 igitur
330 2691 385 2734 vos
401 2667 499 2734 simiis
511 2667 585 2757 ipsis
600 2667 773 2736 deteriores
788 2668 887 2744 eritis,
904 2668 982 2736 dum
992 2663 1136 2754 lapideis,
1146 2675 1177 2732 et
1188 2660 1235 2750 lig-

216 2761 301 2856 neis,
327 2789 359 2843 et
379 2768 495 2856 aureis,
514 2790 547 2846 ct
573 2780 721 2846 eburneis
740 2777 913 2846 simulacris
931 2783 1025 2866 atque
1040 2774 1172 2864 picturis
1190 2770 1236 2838 ad·

222 2887 370 2954 heretis?
385 2886 447 2953 'l'ot
459 2911 533 2955 sane
544 2889 795 2978 perniciosorum
810 2887 1022 2954 ludibriorum
1037 2883 1166 2983 opifices
1176 2892 1237 2950 sunt

221 2996 379 3088 lapicidae,
392 3011 426 3066 et
436 3000 590 3089 statuarii,
606 3011 758 3089 preterea
773 2999 909 3089 pictores
924 3011 956 3062 et
967 2995 1060 3073 labri,
1073 2997 1238 3084 atquepoi*
1271 3009 1272 3012 ’

196 3171 200 3178 .
226 3110 435 3200 tae,aquibus
447 3110 558 3199 ingens
569 3110 754 3200 hujusmodi
766 3108 915 3176 colluvies
927 3107 1105 3176 inducitur:
1120 3106 1238 3172 inmun

222 3218 307 3282 tibus
329 3218 458 3307 quidem
479 3217 598 3308 Satyri,
621 3231 653 3285 et
670 3218 783 3294 Panes:
804 3218 835 3284 in
851 3216 943 3306 sylvis
960 3227 1081 3292 autem,
1098 3213 1240 3303 Nympha

156 3391 159 3400 ,
222 3323 378 3404 Oreades,
394 3338 427 3393 et
441 3328 700 3418 Hamadryades:
715 3340 866 3418 preterea
883 3329 915 3394 in
926 3322 1240 3416 aquis,lluviisetson-

223 3435 323 3511 tibus,
345 3437 477 3514 Naides:
501 3451 534 3505 et
548 3440 580 3506 in
599 3441 693 3516 mari,
711 3439 881 3507 Nereides:
899 3437 980 3526 Magi
995 3435 1105 3511 etiam,
1119 3435 1173 3525 qui
1186 3432 1241 3498 de-

226 3565 359 3608 monum
369 3547 546 3614 ministerio
557 3571 590 3614 se
602 3549 779 3626 venditant,
790 3547 906 3636 quippe
914 3545 967 3633 qui
979 3568 1031 3612 eos
1043 3543 1076 3608 in
1084 3561 1241 3610 numerum

225 3646 419 3718 famulorum
441 3678 570 3722 suorum
602 3657 825 3748 ascripserint,
851 3667 883 3720 et
905 3654 1090 3720 necessitate
1118 3649 1241 3740 quadam

227 3758 355 3824 adactos
376 3764 569 3832 carminibus
587 3768 650 3832 suis
665 3789 771 3834 servos
790 3765 932 3834 fecerint.
951 3763 1103 3830 Praeterea
1122 3761 1242 3826 deorum

210 3868 359 3959 -nuptiae,
377 3882 408 3936 et
424 3876 658 3964 procreationes
676 3875 862 3953 liberorum,
883 3887 915 3942 et
928 3873 1106 3964 puerperia,
1123 3882 1155 3938 et
1167 3865 1242 3934 adul·
