2574 4628
332 309 533 356 concursum
557 311 598 352 an
621 307 752 355 auarus.
1001 309 1056 376 ¹9¹

6 433 164 504 teritum,
181 429 283 519 pictam
301 447 376 493 sero
397 423 533 492 salutem
550 423 671 490 alferat.
692 421 941 514 Conspiciuntur
961 445 1063 513 saepe-
1140 505 1141 513 ἵ

26 540 233 629 numero.qui
245 534 423 604 simulacris
435 559 468 602 sc
480 534 782 611 addixerunt,coma
792 535 922 623 quidem
933 534 1060 602 sordida

26 665 55 718 et
66 648 200 725 inculta,
217 647 360 714 vestibus
380 643 528 712 laceratis
546 655 578 710 et
594 643 739 734 squalore
755 646 864 711 obsitis
880 644 1061 718 deformati,

25 755 232 824 levationibus
262 775 392 843 prorsus
420 751 629 825 abstinentes,¹
652 754 811 842 unguibus
834 753 867 819 iu
890 752 1063 818 immanem

25 865 256 955 longitudinem
278 861 535 929 excrescentibus
557 860 649 950 plane
672 861 813 936 alienati.
837 859 1061 952 quamplurimi

25 978 114 1043 ctiam
131 973 321 1040 virilitatem
346 972 462 1048 execti,
488 971 542 1062 qui
563 995 598 1036 re
619 971 750 1060 quidem
772 973 837 1062 ipsu
858 973 932 1038 satis
954 985 1063 1040 osten-

25 1089 111 1163 dunt,
124 1085 279 1177 sepulcra
295 1083 440 1174 quaedum
458 1095 659 1150 mortuorum
674 1097 731 1148 aut
747 1105 892 1150 carceres
907 1084 1003 1151 luisse
1018 1085 1061 1150 si-

25 1197 244 1264 molscmrum
256 1193 389 1284 ‘templa
403 1193 443 1260 lli
460 1215 536 1260 sane
554 1194 632 1261 mihi
651 1194 759 1285 lugere
771 1195 860 1272 deos,
878 1219 944 1264 non
956 1194 1060 1262 colere

27 1307 189 1375 ridentur:
200 1320 237 1374 nt
248 1307 303 1396 qui
318 1329 355 1372 ea
367 1307 527 1395 patiantur
538 1329 609 1396 quae
621 1306 836 1375 misericordia
847 1308 952 1397 potius
964 1307 1058 1398 digna
1156 1303 1162 1312 ”

27 1429 107 1494 sunt,
120 1439 223 1507 quam
242 1417 371 1506 pietate.
389 1413 452 1482 Vos
468 1427 576 1504 autem
592 1416 729 1483 etiamne
744 1417 818 1497 estis
835 1419 924 1493 caeci,
945 1439 1006 1484 nec
1018 1417 1061 1486 ad

28 1529 167 1596 omnium
195 1551 308 1595 rerum
338 1527 458 1592 llerum
479 1538 512 1592 et
535 1527 631 1593 totius
653 1527 864 1594 universitatis
887 1528 1059 1596 Dominum
1165 1537 1167 1540 ’

29 1636 130 1703 oculos
145 1635 298 1703 attollere
313 1634 454 1702 curatis?
470 1636 520 1703 An
537 1659 603 1702 non
625 1659 664 1702 ex
684 1635 733 1702 bis
755 1638 936 1705 carceribus
956 1637 1059 1716 elabi,

29 1759 60 1814 ct
72 1747 112 1814 ad
127 1746 382 1814 misericordiam
402 1769 420 1812 e
436 1744 518 1813 ooelo
534 1747 703 1814 demissam
728 1748 900 1838 contingere
924 1749 1012 1816 vobis
1027 1750 1062 1816 in

30 1857 133 1924 mimo
144 1858 216 1924 est?
229 1857 315 1924 Deus
326 1857 413 1923 cuim
427 1855 605 1933 bominem,
621 1858 752 1947 perinde
766 1879 805 1925 ao
819 1871 923 1924 mater
937 1858 977 1924 ad
988 1857 1062 1949 pul-

30 1964 100 2032 lum
113 1989 134 2032 e
146 1966 221 2034 nido
234 1966 432 2034 assidentem
446 1964 609 2046 advolans,
625 1989 684 2056 pro
699 1989 755 2033 sua
770 1966 921 2058 singulari
935 1969 969 2034 in
983 1991 1059 2035 eum

34 2073 251 2142 benevolmtia
260 2087 433 2142 sustentat:
447 2077 534 2165 quod
545 2078 570 2144 si
582 2099 711 2167 serpeus
721 2077 833 2167 aliquis
844 2077 931 2168 pullo
944 2077 1057 2158 inhiet,

34 2202 147 2253 mutar
160 2186 367 2252 circumvolat
389 2186 575 2252 coriuimos
595 2202 691 2252 notos
707 2184 859 2276 dellens:
876 2186 962 2252 Deus
984 2209 1059 2254 vero
1166 2273 1174 2281 ν

34 2307 128 2386 pater
140 2293 320 2384 figmentum
335 2316 429 2360 suum
450 2295 575 2383 quaerit,
591 2307 624 2360 et
643 2294 766 2383 lapsum
787 2306 890 2370 curat,
913 2304 946 2360 et
961 2295 1060 2372 leram

33 2405 142 2495 abigit,
164 2417 197 2471 ct
213 2403 335 2494 pullum
351 2425 555 2493 recuperans,
579 2415 616 2469 ut
638 2402 783 2470 subvolat
798 2404 831 2470 iu
850 2403 963 2472 nidum
982 2405 1061 2471 bor·-

30 2523 124 2581 tstur.
143 2513 304 2579 Ceterum
317 2535 425 2590 canes,
441 2535 518 2579 cum
531 2514 770 2590 aberraverunt,
787 2510 897 2604 sagaci
911 2537 987 2580 narn
1003 2515 1062 2581 do·

26 2626 150 2691 minum
160 2624 309 2714 persequi
319 2633 353 2690 at
362 2620 511 2713 indagare
522 2621 634 2690 solent.
648 2622 832 2703 Quinetiam
843 2625 916 2714 cqui
928 2643 1061 2694 excusso

25 2735 199 2811 insessore,
227 2731 276 2799 vel
302 2757 367 2800 uno
391 2730 484 2800 sibilo
507 2733 607 2810 edito,
630 2731 760 2800 domino
786 2757 845 2800 suo
870 2749 1057 2824 paruerunt.

34 2847 284 2922 alloritautcm,
298 2845 420 2932 inquit,
432 2846 491 2911 bos
502 2867 713 2934 possessorem
725 2867 832 2922 suum,
847 2855 880 2910 ct
894 2846 971 2912 asini
983 2869 1062 2935 prae·

23 2987 37 3020 ι
53 2979 131 3046 sepe
141 2952 266 3021 domini
281 2953 330 3019 sui
344 2977 353 3018 ι
367 2951 463 3020 lsrncl
474 2965 581 3020 autem
594 2975 720 3021 menon
737 2953 849 3021 novit¹.
864 2955 973 3035 »Quid
983 2977 1061 3044 ergo

21 3066 203 3138 Dominus?
214 3063 420 3134 obliviscitur
431 3077 525 3132 tantae
541 3065 676 3156 injurias,
689 3067 863 3133 etiamnum
878 3066 1061 3142 miseretur,

21 3181 204 3248 etiamnum
218 3178 360 3267 exposcit
373 3176 602 3267 paenitentiam.
621 3177 694 3244 Jam
709 3201 784 3245 vcro
799 3199 941 3267 quaercrc
956 3200 996 3243 ex
1009 3201 1063 3244 vo·

22 3293 72 3358 bis
92 3288 205 3365 velim,
227 3286 420 3376 ecquidnam
442 3271 530 3354 vobis
552 3287 697 3356 uideatur
717 3286 898 3365 absurdius,
914 3307 1011 3374 quam
1026 3297 1063 3351 ut

24 3423 92 3478 vos,
113 3399 170 3488 qui
185 3420 203 3462 a
219 3397 289 3464 Deo
311 3395 386 3464 facti
406 3397 494 3472 estis,
515 3397 569 3486 qui
590 3399 711 3464 animas
732 3410 852 3464 vestras
873 3393 918 3461 illi
940 3395 1063 3462 debetis

23 3521 186 3600 acceptas,
206 3519 240 3574 ct
258 3507 331 3582 toti,
351 3506 501 3595 denique,
519 3509 768 3597 quanticumque
787 3507 867 3572 forte
886 3506 973 3583 estis,
991 3507 1061 3595 ejus

23 3619 112 3696 estis,
131 3617 185 3685 alii
199 3617 340 3708 cuipiam
358 3617 487 3683 domino
505 3617 663 3690 serviatis:
686 3629 839 3706 praetercu
862 3627 896 3683 ut
911 3641 969 3708 pro
985 3639 1062 3707 rego

25 3742 210 3818 tyr-mnam,
232 3751 294 3818 pro
313 3729 400 3803 bono
419 3727 593 3818 pessimum
609 3726 742 3795 colatis?
758 3727 837 3807 Quis
854 3729 951 3805 enim,
968 3749 988 3793 o
1004 3750 1061 3814 por

24 3839 204 3916 veritatem,
225 3837 280 3906 cui
304 3859 379 3904 sana
403 3859 493 3904 mens
517 3838 609 3914 inest,
632 3837 719 3903 bono
745 3835 908 3914 derelicto,
932 3833 1061 3904 malitiae

56 3966 67 4000 ¹
81 3966 138 4017 rar.
148 3984 167 4029 t,
177 3966 201 4028 s.
