2522 4608
398 273 598 326 reuinctus,
621 275 681 318 mn.
710 276 744 318 ιι.
1031 254 1093 338 5¹27
1199 241 1200 244 ¹

42 377 203 454 sationes,
221 401 293 466 quae
317 401 407 446 eures
426 394 665 470 praeoccupant,
689 396 722 448 et
741 384 828 473 prius
850 383 1022 448 obstruunt
1038 382 1089 448 ad-

40 509 155 553 uersus
165 511 225 555 eos
238 490 293 576 qui
303 488 415 556 volunt
425 491 586 558 ebducere
598 515 615 556 a
627 493 769 558 veritate.

118 673 340 756 'Corrumpunt
356 669 449 728 bonos
465 691 560 730 mores
571 673 718 750 colloquia
731 693 836 751 prava,

42 828 146 914 inquit
173 827 320 895 Poie'tice.
349 830 524 898 Praeclarus
556 843 665 897 autem
697 830 900 920 Apostolus:
928 833 1094 910 «Estote,

44 939 202 1024 ‚inquit
227 939 302 1006 odio
321 939 475 1007 habentes
495 940 629 1017 malum,
646 939 845 1008 adhaerentes
860 941 978 1008 bono¹.
999 971 1011 1005 ι
1027 943 1092 1022 Qui

42 1047 127 1112 enim
143 1071 230 1114 cum
252 1051 370 1121 sanctis
386 1063 542 1130 versatur,
566 1051 828 1119 sanctificabitur.
855 1051 995 1119 Omnino
1017 1078 1092 1144 ergo

41 1157 278 1226 abstinendum
293 1171 342 1226 est
352 1184 370 1226 a
381 1162 528 1252 turpibus
543 1163 774 1238 auditionibus,
786 1175 819 1228 et
832 1164 948 1240 verbis,
961 1174 992 1228 et
1004 1186 1094 1252 spec·

43 1267 186 1335 tecnlis:
213 1269 274 1336 sed
296 1269 397 1338 multo
421 1273 520 1362 magis
542 1297 560 1337 e
583 1271 674 1340 sactis
696 1273 843 1363 turpibus
866 1273 1002 1340 mundos
1024 1297 1092 1343 esse
1195 1273 1197 1278 ’

45 1390 189 1468 oportet;
212 1382 333 1468 partim
347 1382 478 1472 quidem
493 1384 526 1450 in
541 1384 745 1451 ostendendis
762 1396 795 1451 et
809 1383 967 1452 nudandis
980 1381 1094 1472 aliqui·

44 1489 102 1556 bus
120 1491 277 1580 partibus
298 1493 454 1582 corporis,
470 1517 549 1582 ques
572 1517 637 1560 non
659 1495 765 1568 doeet;
789 1494 904 1584 partim
931 1507 1038 1560 autem
1061 1495 1093 1561 in

42 1602 306 1693 contemplandis
321 1604 546 1670 secretioribus
560 1604 714 1694 pertibus.
734 1603 844 1694 Neque
860 1605 948 1670 enim
964 1616 1094 1694 turpem

43 1714 116 1799 justi
138 1713 289 1782 hominis
315 1713 563 1782 denudationem
586 1716 727 1804 aspicere
749 1715 900 1781 sustinuit
928 1714 1092 1781 modestus

42 1819 142 1895 lilius;
164 1821 228 1888 sed
249 1821 328 1886 texit
353 1821 530 1898 modestia,
551 1822 638 1911 quod
660 1823 798 1890 nudaret
819 1822 972 1896 ebrietas,
999 1845 1091 1911 spee-

44 1933 184 1998 tendum
210 1930 336 2020 lapsum
362 1931 536 1998 inscientiae
553 1931 576 1998 ¹.
601 1931 737 1998 Mundos
759 1944 869 1998 eutem
892 1931 1095 1998 nihilosecius

48 2063 119 2108 csse
134 2052 259 2130 oportet
274 2054 307 2108 et
327 2065 345 2106 a
361 2064 476 2109 vocum
491 2043 735 2133 prolationibus,
755 2043 871 2131 quibus
886 2041 1011 2109 nullum
1026 2065 1094 2109 esse

48 2163 181 2241 oportet
201 2151 322 2217 aditum
346 2150 388 2216 ad
411 2174 503 2219 aures
527 2175 641 2218 eorum
666 2152 776 2241 quiin
800 2151 927 2218 Christo
947 2152 1093 2218 credide-

48 2273 137 2327 runt.
154 2263 224 2327 Hac
238 2263 362 2328 ratione
386 2260 464 2327 mihi
488 2263 614 2329 ridetur
631 2261 823 2351 Paedngogus
849 2260 927 2328 nihil
947 2261 1034 2349 quod
1054 2262 1094 2326 sit

47 2371 237 2438 indecorum
255 2373 349 2438 nobis
367 2371 454 2461 loqui
469 2373 667 2460 permittere,
689 2370 783 2460 longe
799 2359 872 2437 ante
888 2394 945 2436 nos
960 2393 1094 2459 praemu·

43 2483 134 2548 niens
145 2482 303 2548 adversus
319 2483 583 2549 incontinentiam
598 2507 607 2547 t
620 2480 772 2571 praeclare
788 2482 919 2547 enimet
931 2481 1010 2545 mira
1025 2492 1092 2545 arte

40 2592 121 2660 solet
144 2593 302 2659 vitiorum
318 2592 441 2658 radices
465 2592 644 2658 excindere.
667 2591 867 2668 ltlud‚gverhi
889 2615 996 2667 causa,
1018 2590 1095 2657 Non

40 2703 276 2780 medeberis,
285 2725 343 2793 per
350 2693 442 2778 illud,
453 2703 485 2769 Ν
487 2727 529 2768 on
541 2704 743 2792 concupisces
753 2701 776 2767 ⁸.
792 2700 993 2770 Adulterium
1005 2701 1091 2765 enim

40 2813 167 2880 fructus
184 2825 236 2879 est
252 2813 534 2906 concupiscentie,
545 2836 614 2901 quae
631 2813 760 2901 quidem
772 2825 819 2878 est
833 2809 914 2878 mala
931 2811 1029 2876 radix.
1045 2809 1092 2876 si-

43 2921 164 2990 militer
186 2946 272 3012 ergo
289 2922 344 2989 hic
365 2946 492 3012 quoque
519 2921 711 3013 Paedegogus
738 2922 905 2989 nominum
929 2920 1091 2986 licentiam

46 3043 201 3120 tanquam
215 3053 310 3096 usum
325 3031 542 3120 reprehendit,
556 3043 591 3096 ut
603 3030 765 3098 licentiam
782 3032 831 3096 nd*
840 3011 1091 3119 intemperantiae

45 3141 308 3232 congressionem
320 3152 465 3230 amputet
479 3165 488 3206 ε
502 3141 675 3208 insolenter
688 3143 775 3208 enim
790 3165 823 3208 se
839 3143 871 3208 in
887 3142 1020 3208 vocibus
1035 3163 1091 3230 ge-

40 3273 127 3328 rere,
141 3251 223 3316 lecit
234 3262 269 3315 ut
281 3249 473 3316 meditemur
487 3250 653 3317 inhoneste
665 3251 778 3318 secere.
792 3253 828 3318 ln
841 3251 973 3318 vocibus
985 3260 1092 3314 autern
1200 3277 1203 3288 ·

41 3384 114 3426 esse
129 3359 317 3426 modestum
328 3357 354 3435 ¹,
371 3372 418 3425 est
429 3359 569 3450 seipsum
581 3384 729 3428 exercere
744 3360 785 3426 ad
799 3360 923 3426 sortiter
938 3353 1093 3425 sustinen-

42 3469 122 3535 dam
137 3468 281 3536 libidinis
295 3469 546 3560 impressionem.
565 3470 731 3537 Prolixiori
752 3483 860 3538 autem
880 3469 1023 3536 oratione
1039 3492 1092 3534 os-

43 3578 226 3655 tendimus,
238 3579 327 3670 quod
338 3603 443 3670 neque
454 3581 488 3646 in
499 3581 696 3658 nominibus,
715 3581 771 3647 sed
789 3563 937 3670 neque'iu
948 3579 1092 3671 pertibus

43 3688 84 3755 ed
101 3689 231 3757 coitum
243 3689 489 3780 pertinentibus,
506 3703 539 3756 et
554 3688 686 3780 nuptiali
700 3690 935 3780 congressione,
951 3713 1010 3782 pro
1026 3687 1093 3777 qui·

77 3862 180 3910 'Rom
192 3875 236 3908 nt.
247 3875 272 3924 9.
284 3856 336 3896 -2
349 3857 416 3908 Gen.
428 3875 465 3920 rr,
475 3861 517 3912 25.
532 3858 829 3924 -⁸Exod.xx,13,17.

78 3937 89 3968 Ι
103 3935 172 3986 Vade
183 3935 216 3984 u.
227 3933 340 4000 Guillon,
353 3948 379 4000 p.
393 3933 450 3999 427.
