2596 4624
322 291 526 341 cononrsrro
552 297 597 338 nn
614 297 743 341 curres.
992 279 1049 366 ¹59

105 426 210 500 laidet
227 421 340 497 infelix,
351 427 413 486 Nili
425 424 588 485 remanebis
597 426 635 484 ad
646 445 760 490 amnem

103 529 180 602 Sola,
192 547 294 588 carens
305 540 335 588 et
348 547 439 602 voce,
450 527 607 608 furensque
617 529 788 590 Acherontis
800 534 903 592 arenis.

30 671 143 737 lleinde
153 671 301 761 subjicit:

102 825 216 900 Tuque,
224 822 345 902 Sarapi,
356 821 459 881 sedens
471 821 501 879 in
514 821 604 893 saxis,
614 821 706 880 multa
719 819 853 892 dolebis,

103 924 264 1003 AEgyptoin
280 925 388 984 misera
401 943 468 983 cum
479 942 582 1002 magna
592 925 677 982 ruina
686 921 806 1000 jacebis.

31 1068 78 1134 l'u
88 1093 171 1144 rere,
182 1071 208 1135 si
221 1070 383 1137 minusad
394 1084 497 1139 ratem
508 1071 657 1147 attendis,
670 1069 782 1139 saltem
793 1086 849 1140 tuo
864 1071 1054 1164 philosopho

32 1179 181 1248 llrrnelito
200 1180 354 1270 Ephesio.
376 1182 455 1250 dum
472 1184 644 1273 exprobrat
662 1182 838 1252 simulacris
853 1187 941 1274 quod
962 1211 1058 1255 sensu

34 1303 165 1366 careant,
181 1314 275 1358 eures
290 1292 419 1362 adverte
431 1317 442 1359 :¹
463 1276 539 1360 «m
556 1293 640 1370 haec,
662 1295 779 1383 inquit,
799 1296 966 1366 simulacra
982 1323 1058 1389 pre—

37 1414 177 1478 acantur,
193 1404 330 1492 perinde
344 1426 383 1472 ec
397 1405 423 1469 si
438 1404 507 1492 quis
523 1403 564 1469 ud
579 1404 662 1470 redes
676 1425 859 1471 sermonem
873 1386 1015 1474 hnlreret.
1035 1435 1049 1471 ι

39 1515 84 1578 An
96 1535 154 1578 non
168 1513 257 1580 enim
273 1527 348 1581 sunt
362 1513 455 1603 pleno
469 1514 654 1604 prodigiosi,
676 1515 731 1603 qui
756 1513 877 1606 lapides
894 1541 972 1605 quos
992 1540 1058 1609 prae

40 1621 144 1687 foribus
159 1633 319 1700 statuunt,
339 1627 428 1714 quasi
445 1626 618 1714 vitantque
636 1625 743 1715 vigore
759 1628 909 1715 preditos
926 1628 1060 1699 colunt?

41 1731 168 1798 sterant
175 1735 301 1824 quippe
306 1735 500 1805 Mercurium
511 1736 600 1826 qnasi
611 1737 720 1814 deum,
730 1738 811 1806 sicut
821 1739 918 1806 etium
926 1739 1058 1830 Aguiea,

42 1866 89 1909 sen
100 1845 153 1910 rire
166 1845 350 1934 presidem,
370 1859 403 1912 et
423 1846 517 1914 simul
536 1871 600 1938 prae
621 1847 742 1938 foribus
760 1861 915 1916 statuunt.
934 1850 1061 1918 Nam'si

44 1976 101 2030 eos,
111 1955 193 2042 qnod
207 1979 303 2023 sensu
320 1970 461 2033 careant,
473 1956 618 2025 alliciunt
628 1956 835 2035 contumelia,
853 1981 912 2026 cur
926 1959 1061 2028 adorant

45 2077 74 2128 ut
86 2065 178 2134 deos?
193 2068 281 2156 qnod
296 2067 322 2135 si
332 2069 514 2136 existiment
527 2091 582 2134 eos
601 2092 670 2136 esso
684 2093 794 2136 sensus
808 2070 990 2160 participes,
1003 2095 1062 2140 cur

44 2198 99 2264 pro
109 2174 231 2244 foribus
248 2179 472 2246 constituunt?
486 2171 619 2246 Romani
634 2190 756 2258 sutem,
772 2202 847 2248 cnm
861 2182 1062 2272 inceptorum

47 2309 161 2354 suornm
175 2288 389 2356 maximorum
406 2287 590 2356 felicitatem
609 2289 761 2356 Fortunae
779 2301 944 2378 acceptam
962 2291 1063 2358 refer-

48 2408 118 2473 rent,
135 2410 167 2464 et
183 2399 435 2488 potentissimam
452 2399 545 2468 dcem
556 2421 625 2466 osso
641 2399 871 2478 existimarent,
882 2421 953 2466 cam
968 2400 1001 2466 in
1016 2397 1064 2467 ln-
1143 2445 1144 2448 =

50 2508 119 2573 trina
140 2521 336 2588 statuerunt,
360 2509 503 2578 cloacam
526 2509 598 2598 ipsi,
620 2507 707 2575 haud
737 2507 903 2598 indignum
931 2508 1064 2576 numine

49 2617 200 2707 templum,
215 2632 448 2690 consecrantes.
467 2620 511 2687 m
531 2643 606 2688 vero
628 2616 737 2708 lapidi,
759 2629 792 2685 et
807 2617 905 2709 ligno,
921 2631 953 2685 et
974 2619 1063 2687 diviti

50 2749 116 2792 auro
130 2751 240 2818 perum
253 2744 303 2797 est
316 2753 414 2810 curae,
430 2755 489 2798 seu
508 2731 615 2806 nidor,
631 2753 687 2796 seu
708 2730 846 2819 sanguis,
863 2752 919 2796 seu
934 2730 1060 2809 fumus,

50 2840 190 2925 quodum
203 2840 334 2908 honoris
346 2865 438 2910 causa
450 2842 658 2930 surriguntur,
671 2838 834 2930 fuliginem
848 2839 1042 2908 contrahunt
1049 2866 1060 2915 ς

51 2945 108 3012 imo
120 2971 175 3016 nec
189 2948 307 3026 honor,
323 2974 384 3019 nec
404 2949 609 3018 contumelia.
627 2949 712 3016 Sunt
725 2962 832 3018 autem
847 2951 1004 3040 ejusmodi
1019 2949 1065 3017 si-

51 3055 176 3126 mulacra
195 3061 306 3149 quovis
322 3059 450 3128 animuli
474 3059 595 3126 viliore.
611 3061 851 3148 ecquomodo,
871 3083 946 3127 cum
971 3084 1066 3127 sensu

52 3181 183 3246 careant,
209 3170 325 3237 (lirinis
353 3169 435 3238 affici
458 3170 634 3238 honoribus
657 3171 831 3261 coeperint,
855 3193 937 3260 saepe
958 3170 1067 3238 mirari

54 3279 139 3356 nulrit,
156 3303 331 3372 eorumque
352 3282 459 3371 quiin
479 3280 567 3349 hunc
586 3303 728 3348 errorem
751 3281 933 3358 inciderint,
957 3290 1067 3371 utpote

54 3412 162 3458 summe
174 3390 361 3469 infelicium,
373 3393 519 3459 amentiae
534 3393 685 3459 misereri.
708 3391 788 3459 Num
804 3392 830 3457 si
842 3391 987 3480 qnaedum
997 3392 1067 3458 ani-

55 3499 135 3567 malis
148 3525 211 3570 non
227 3503 347 3571 habent
357 3525 469 3570 omnes
484 3525 606 3581 sensus,
619 3515 655 3569 ut
669 3523 792 3569 vermes
807 3513 840 3568 et
853 3519 972 3577 eruore,
983 3525 1068 3592 quae-

57 3635 108 3699 que
119 3626 234 3682 naturas
249 3637 314 3681 sum
333 3615 516 3688 conditione
531 3639 548 3681 a
563 3615 668 3704 primo
684 3625 756 3678 ortu
776 3611 960 3714 imperfecta
979 3625 1064 3689 sunt,

59 3720 130 3788 retur
145 3723 250 3816 talpae,
266 3737 300 3792 et
318 3747 389 3792 mus
411 3749 558 3801 araneus,
575 3747 671 3814 quem
689 3724 848 3791 Nicander
867 3736 960 3792 vocet
976 3751 989 3785 r
1003 3713 1072 3792 cae-¹

60 3853 220 3921 reumque,
243 3833 451 3925 surdumque,
477 3865 490 3898 a
515 3847 622 3900 tumen
644 3835 693 3901 his
714 3835 810 3924 signis
827 3848 859 3901 et
878 3834 1067 3912 simulacris,

60 3957 201 4028 querunt
214 3945 341 4036 penitus
361 3945 499 4036 stupida,
520 3943 657 4013 multum
676 3958 846 4035 prestent:
862 3945 978 4036 quippe
994 3967 1069 4013 curn
