2614 4628
243 247 285 334 96
598 264 629 311 u.
656 265 780 311 ursorn
804 267 922 312 ruerus

240 389 366 478 gionom
381 385 495 462 tenuit,
508 398 540 450 et
558 388 615 452 sub
633 386 745 475 jugum
762 385 876 452 missus
891 395 939 451 est
954 396 986 451 et
1006 384 1156 453 deditus?¹
1170 385 1278 478 pullos

240 499 353 566 edaces
367 497 478 564 babuit
493 506 526 562 ot
540 495 655 563 Paulus
670 497 756 587 apud
772 497 909 574 Cannas,
929 511 1036 565 tamen
1054 521 1130 565 cum
1150 501 1278 588 majore

240 608 421 698 reipublicae
436 620 526 706 parte
541 621 716 698 prostratus
730 609 801 674 esti
813 608 908 676 Caius
924 610 1039 688 Caesar,
1054 634 1095 676 ne
1109 623 1186 677 ante
1201 613 1278 677 bru-

239 745 326 787 mum
342 723 374 787 in
389 723 529 789 Africam
545 722 666 812 navigia
682 722 910 787 transmitteret
924 722 1061 811 auguriis
1077 733 1109 787 ot
1125 723 1277 811 auspiciis

239 834 463 908 renitentibus,
477 833 612 922 sprevit3
627 855 666 899 eo
682 831 804 899 facilius
819 844 852 898 et
866 832 1021 922 navigavit
1036 845 1068 897 et
1084 833 1182 898 vicit?
1195 833 1277 912 Quae

239 967 314 1010 vero
329 954 361 1008 et
377 955 492 1030 quanta
517 943 557 1007 de
577 940 712 1008 oraculis
727 942 925 1031 prosequar?
941 942 1015 1007 Post
1024 923 1173 1008 'mortem
1196 941 1277 1009 Am-

238 1055 387 1144 phiaraiis
399 1063 531 1118 ventura
548 1053 721 1141 respoudit,
738 1053 791 1141 qui
811 1052 973 1142 proditum
995 1052 1032 1116 iri
1048 1075 1081 1116 se
1096 1053 1138 1119 ob
1154 1052 1277 1118 monile

118 1209 123 1234 r
146 1223 154 1244 ,
240 1166 278 1230 ab
296 1187 393 1230 uxore
410 1163 551 1244 nescivit,
571 1161 706 1228 Tiresias
721 1184 823 1229 oaecus
846 1161 952 1226 lutura
966 1162 1106 1238 videbat,
1121 1163 1177 1251 qui
1192 1186 1276 1251 prae-

239 1274 338 1340 sentia
357 1296 421 1339 non
440 1271 576 1338 ridebat
592 1272 639 1337 De
655 1271 777 1360 Pyrrbo
792 1271 913 1336 Ennius
930 1269 1082 1360 Apollinis
1096 1271 1205 1360 Pythii
1220 1295 1274 1338 re-

239 1407 352 1474 sponsa
368 1382 533 1458 confinxit,
551 1406 625 1449 oum
646 1384 712 1471 jum
727 1380 841 1473 Apollo
863 1405 970 1448 versus
992 1382 1097 1449 facere
1112 1383 1269 1450 desisset:

240 1493 332 1581 cajus
351 1504 430 1557 tunc
449 1504 579 1558 cautum
600 1490 678 1558 illud
696 1503 729 1557 et
747 1492 933 1580 ambiguum
954 1491 1070 1559 defecit
1093 1492 1271 1570 oraculum,

239 1625 313 1668 cum
329 1614 361 1668 ot
376 1600 536 1692 politiores
547 1601 704 1679 homines,
716 1613 749 1667 et
760 1603 864 1668 minus
878 1601 999 1668 creduli
1011 1625 1079 1668 esse
1092 1617 1270 1693 caeperunt.

239 1713 280 1777 Et
300 1712 542 1788 Demosthenes,
558 1713 644 1799 qnod
659 1713 754 1778 sciret
772 1735 922 1800 responsa
939 1711 1098 1790 simulata,
1110 1726 1266 1802 pumero

238 1821 385 1911 Pythiam
399 1822 602 1911 querebatur.
618 1819 660 1887 At
675 1845 904 1909 nonnunquam
919 1833 1026 1888 tamen
1043 1824 1204 1889 veritatem
1222 1824 1274 1891 vel

239 1934 376 2023 auspicia
394 1930 442 1996 vel
458 1927 586 1996 oracula
602 1931 743 2018 tetigere.
760 1927 963 2018 Quamquam
974 1931 1058 1997 inter
1073 1931 1170 1997 multu
1181 1955 1273 1998 men·

240 2043 328 2108 dacia
344 2043 441 2108 videri
455 2041 555 2131 possit
569 2040 757 2107 industriam
770 2063 862 2108 casus
874 2041 1027 2119 imitatus,
1047 2042 1214 2132 aggrediar
1229 2053 1273 2108 ta·

238 2175 313 2218 men
327 2151 448 2216 fontem
465 2151 568 2240 ipsum
583 2149 698 2215 erroris
713 2161 745 2214 ct
759 2149 932 2239 pravitatis,
951 2150 1037 2217 unde
1052 2155 1155 2220 omnis
1169 2153 1272 2244 caligo

238 2261 297 2346 ista
312 2261 463 2352 manavit,
476 2269 509 2324 et
523 2256 617 2324 altius
625 2281 739 2324 eruere
755 2271 788 2323 et
804 2259 928 2348 aporire
947 2261 1153 2328 manifestius.
1170 2263 1271 2353 Spiri-

238 2382 289 2436 tus
304 2383 377 2436 sunt
389 2369 550 2446 insinceri,
566 2369 648 2458 vagi,
664 2393 682 2434 a
699 2367 818 2436 ooelesti
835 2369 942 2458 rigare
959 2372 1091 2437 terrenis
1103 2371 1229 2440 labibus
1239 2387 1272 2441 et

238 2482 464 2572 cupiditatibus
493 2481 663 2570 degravati.
694 2481 748 2546 lsti
774 2479 870 2570 igitur
898 2482 1038 2569 spiritus,
1063 2497 1270 2576 posteaquam

237 2591 471 2682 simplicitatem
487 2590 683 2665 substantie,
696 2590 800 2657 onusti
817 2601 849 2656 et
863 2591 1003 2658 immersi
1013 2592 1108 2671 vitiis,
1120 2597 1271 2684 perdide—

237 2713 325 2777 runt,
337 2701 379 2767 ad
393 2701 541 2767 solatium
557 2697 743 2766 calamitatis
759 2724 822 2767 suae
833 2724 898 2767 non
915 2702 1063 2767 des'druat
1077 2705 1195 2794 perditi
1206 2709 1271 2797 jam

236 2811 388 2903 perdere,
400 2825 434 2877 et
449 2810 611 2900 depravati
626 2834 766 2877 errorem
782 2811 942 2900 pravitatis
957 2811 1138 2893 infundere,
1152 2829 1186 2882 ct
1202 2816 1272 2885 alie·

236 2923 334 2990 natia
354 2922 434 2998 Deo,
448 2921 584 2988 inductis
603 2922 706 3012 pravis
726 2921 949 3011 religionibus,
966 2947 984 2988 a
1003 2924 1071 2990 Deo
1092 2949 1267 3016 segregare.

237 3037 299 3101 Eos
314 3033 439 3123 spiritus
455 3033 613 3119 daemopas
631 3055 700 3098 esse
720 3039 821 3121 po'e'tae
839 3033 956 3108 sciunt,
976 3032 1155 3124 philosophi
1178 3037 1272 3104 disse-

237 3159 324 3221 runt,
342 3145 487 3210 Socrates
502 3142 669 3231 novit,qui
684 3143 854 3209 adnutum
872 3155 905 3208 et
923 3144 1090 3210 arbitrium
1106 3147 1272 3214 assidentis

237 3256 295 3320 sibi
311 3255 461 3321 daernonis
476 3252 656 3333 declinabat
668 3253 805 3342 negotia,
819 3252 867 3320 vel
879 3255 1016 3342 petebat.
1032 3253 1113 3344 Magi
1129 3280 1269 3346 quoque,

236 3388 301 3431 uon
315 3377 439 3431 tantum
454 3364 558 3430 sciunt
572 3363 744 3438 daemonas,
761 3363 927 3429 sedetiam
950 3363 1103 3452 quidquid
1122 3367 1271 3435 miraculi

147 3533 149 3538 .
235 3473 368 3550 ludunt,
388 3499 445 3564 per
465 3474 623 3542 daemonm
646 3471 777 3540 faciunt.
795 3471 859 3539 lllis
882 3473 1091 3563 aspirantibus
1107 3488 1141 3540 et
1163 3476 1272 3543 insun-

236 3582 383 3650 dentibus
404 3584 575 3674 prestigias
596 3582 715 3650 edant:
735 3581 784 3650 rel
802 3605 873 3671 quae
892 3605 957 3648 non
978 3595 1067 3660 sunt,
1087 3584 1205 3660 rideri3
1223 3585 1270 3652 rel

236 3717 306 3784 quas
320 3706 409 3770 sunt,
419 3717 484 3760 non
497 3694 607 3760 videri.
623 3696 743 3760 Eorum
758 3693 922 3782 Magorum
939 3705 970 3758 et
984 3693 1111 3782 eloquio
1127 3708 1161 3761 et
1176 3720 1270 3786 nego

236 3807 280 3872 tio
294 3804 413 3894 primus
430 3805 596 3881 llostanes,
610 3817 642 3870 et
653 3827 763 3871 rerum
775 3801 879 3870 Deum
895 3805 1005 3869 merita
1022 3805 1189 3892 majestate
1200 3829 1271 3897 pro·

233 3901 388 4004 sequitur,
405 3925 437 3980 et
452 3913 591 4003 angelos,
607 3917 640 3982 id
662 3926 721 3991 est,
739 3913 898 3982 ministros
918 3925 952 3980 et
974 3914 1102 3981 nuntios
1122 3915 1195 3994 Dei,
1214 3917 1270 3984 sed
