2452 4602
190 231 255 296 588
309 251 313 260 ’
504 247 677 294 conuersis
700 247 910 294 seminamur

191 369 293 436 Moses
323 369 465 460 precipit
485 368 683 446 hominibus,
699 367 820 436 nullam
843 369 949 441 lacere
966 371 1130 462 imaginem
1147 396 1206 462 qua

190 481 295 548 Deum
314 491 380 546 arte
399 492 621 569 representem
640 479 801 569 quomodo
826 481 876 548 he
893 492 982 548 recte
1001 482 1130 549 iecerint
1144 507 1204 550 mu

190 591 281 658 lieres
302 613 372 677 quae
386 587 490 656 fallaci
512 613 658 679 personae
680 589 812 657 fictione
828 615 900 658 suas
918 615 977 682 per
994 595 1205 662 reverberatio-

189 723 264 767 nem
278 700 443 766 imitentur
457 699 635 790 imagines?
650 691 811 768 Ceterum
832 702 998 793 prophete
1017 727 1142 792 quoque
1160 705 1206 771 Sa-

188 807 298 886 mueli,
314 833 389 876 cum
405 808 586 876 mitteretur
603 821 637 874 ut
660 823 794 900 ungeret
808 810 841 877 in
856 834 964 901 regem
985 835 1085 878 unum
1102 835 1140 878 ex
1151 812 1209 880 filiu

188 921 290 994 «lesse,
308 930 341 985 et
361 919 491 986 vidisset
507 919 578 1008 ejus
593 917 694 985 lilium
712 933 790 986 natu
809 923 985 988 maximum
1006 919 1209 1012 pulchrumct

186 1049 352 1126 magnum,
364 1028 492 1118 quando
503 1051 541 1093 eo
553 1027 676 1095 laetatus
689 1027 819 1096 Samuel
835 1030 974 1098 chrisma
988 1029 1133 1120 protulit,
1149 1030 1209 1096 ‹d-

188 1169 204 1202 ι
215 1141 274 1216 xit,
285 1139 408 1226 inquit,
423 1139 453 1204 ei
464 1137 619 1206 Dominus
636 1161 644 1204 ι
661 1139 707 1206 Nc
723 1141 897 1230 respexeris
909 1141 950 1207 ad
962 1152 1129 1230 aspectum
1141 1135 1214 1229 ojus,¹

189 1261 248 1316 set
273 1248 472 1316 altitudinem
493 1249 719 1339 magnitudinis
739 1251 822 1339 ejus,
838 1251 991 1338 quoniam
1014 1250 1119 1340 repuli
1138 1273 1205 1320 euu-

190 1358 323 1427 »Homo
337 1361 423 1426 enim
437 1360 585 1450 respiciet
601 1358 643 1425 ad
659 1358 782 1436 oculos,
800 1371 832 1426 et
848 1360 1004 1427 Dominus
1025 1362 1068 1428 ad
1083 1385 1139 1428 cor
1149 1361 1177 1425 ¹:
1191 1389 1204 1424 ι

89 1491 91 1499 “
189 1483 222 1536 et
236 1493 301 1537 non
316 1470 406 1537 unxit
426 1493 502 1537 eum
521 1470 575 1560 qui
593 1480 661 1536 erat
682 1469 817 1560 pulcher
832 1492 980 1560 corpore,
1000 1471 1060 1538 sed
1075 1467 1208 1562 eumqu‘

187 1579 321 1671 pulcher
334 1591 402 1647 erat
418 1581 534 1649 animo.
554 1581 588 1647 Si
603 1604 679 1670 ergo
691 1580 872 1647 naturalem
880 1582 1026 1670 corporis
1041 1581 1206 1672 pulchn'tu-

187 1693 293 1760 dinem
311 1693 416 1759 minus
431 1715 527 1782 quam
545 1691 816 1782 pulchritudinem
832 1691 945 1758 animae
960 1692 1102 1758 aestimat
1115 1680 1218 1760 lintri·¹

186 1827 266 1880 nus,
292 1803 368 1892 quid
387 1803 483 1870 sentit
506 1801 545 1868 de
573 1801 766 1879 adulterina,
787 1803 840 1892 qui
860 1799 1019 1892 quidquid
1049 1801 1156 1870 sibun
1169 1811 1207 1870 cst

187 1913 318 1980 omnino
339 1911 457 2002 expulit
467 1910 486 1976 i¹
502 1938 514 1970 ι
528 1911 589 1976 Per
607 1911 706 1978 iidem
726 1912 813 1977 enim
834 1910 1057 1989 ambulamus,
1082 1936 1145 1978 nou
1158 1931 1214 2007 pe*⁸

193 2051 206 2084 ι
219 2020 400 2111 speciem².»
409 2021 613 2110 Apertissine
622 2043 697 2110 ergo
708 2019 803 2086 docet
814 2019 968 2086 Dominus
975 2045 1037 2111 per
1050 2021 1211 2098 Abrabam.⁸

187 2144 220 2198 et
230 2133 366 2222 patriam
375 2131 401 2208 ¹.
415 2143 448 2196 et
463 2143 634 2220 cognatos,
647 2142 679 2198 et
688 2132 913 2221 possessiones,
930 2145 963 2198 et
978 2156 1095 2199 omnes
1107 2133 1221 2200 dirim

187 2255 393 2312 contemnere
406 2266 481 2308 eum
498 2243 552 2331 qui
566 2241 671 2308 Deum
686 2243 841 2332 sequitur,
859 2265 935 2309 cum
950 2267 1029 2309 eum
1044 2244 1126 2312 secit
1136 2243 1212 2339 adres

190 2377 274 2420 nam.
290 2353 330 2419 Et
344 2351 415 2417 ideo
426 2373 501 2417 eum
521 2349 688 2440 appellarit
703 2351 881 2428 amicosn‘,
902 2354 1007 2442 utqui
1036 2377 1113 2420 sues
1127 2346 1209 2420 ised-¹

191 2474 270 2529 tates
283 2460 443 2528 habuisset
463 2459 659 2550 contemptui
672 2461 859 2528 :eratenim
875 2459 1012 2528 honesto
1032 2461 1110 2529 loco
1121 2487 1158 2530 m

193 2585 227 2638 et
243 2569 333 2637 valde
351 2571 461 2636 dives:
488 2573 638 2637 trecentis
654 2573 761 2658 itaque
776 2583 810 2637 et
828 2573 1005 2638 octodecim
1021 2573 1090 2639 suis
1103 2574 1128 2640 fs
1144 2610 1157 2631 ..
1171 2608 1173 2628 ι

187 2692 324 2769 quatuor
336 2701 424 2768 reges
439 2679 566 2768 subegit
577 2680 631 2768 qui
645 2679 728 2746 Loth
742 2680 902 2770 captivum
921 2680 1156 2748 abduxerant‘.
1193 2709 1213 2740 a

185 2791 249 2857 lam
261 2787 380 2855 Esther
396 2789 481 2878 juste
495 2788 673 2855 invenimus
689 2789 879 2856 ornatam⁸t
897 2791 1034 2874 mystice
1049 2793 1183 2858 ornaha
1212 2833 1213 2838 κ

185 2897 299 2966 mulier
318 2898 385 2986 rogi
404 2921 481 2973 suo,
504 2896 561 2964 sed
582 2899 651 2985 ejus
670 2897 875 2988 pulchritudo
896 2899 1039 2988 pretium
1064 2901 1183 2967 inveni
1197 2901 1218 2965 sl

184 3031 248 3098 quo
260 3008 411 3075 liberatus
427 3007 487 3072 fuit
502 3006 638 3096 populus
654 3006 900 3086 interficiendus.
918 3007 1014 3088 Quod
1029 3021 1142 3075 autem
1154 3032 1181 3076 c1
1196 2993 1218 3054 ’ἶ

183 3133 235 3185 tus
247 3118 341 3186 iaciat
352 3116 502 3184 mulieres
514 3118 713 3194 meretrices..
728 3119 811 3185 viros
829 3131 936 3184 autem
954 3115 1170 3186 effeminatos
1214 3146 1217 3147 ⁷

184 3227 356 3304 adulteros,
370 3228 458 3294 testis
472 3239 521 3293 est
535 3227 628 3294 nobis
643 3225 815 3318 Tragicuse
827 3229 874 3295 sio
884 3251 1038 3318 narrans:

305 3381 350 3437 Ex
366 3373 530 3456 Phrygibus
542 3375 592 3435 ille
605 3396 670 3435 cum
685 3376 845 3455 appulisset
863 3379 914 3456 qui
928 3382 1007 3436 Deas

301 3473 497 3554 Dijudicsvit‚
509 3475 598 3532 Graia
611 3487 644 3533 ut
657 3475 752 3554 iuquit
765 3472 876 3547 fabule,

299 3575 521 3648 Lacedaemona,
539 3575 620 3636 cultu
639 3575 782 3635 discolore
798 3575 937 3650 vestium,

299 3677 336 3733 Et
349 3675 546 3734 Barbarorum
560 3685 629 3734 tenu
642 3686 671 3734 et
684 3691 756 3734 auro
771 3673 956 3754 splendidus,

211 3827 220 3861 ¹
235 3845 243 3877 r
263 3829 324 3896 Reg.
336 3847 393 3891 ιιι,
407 3850 471 3896 7.--
482 3830 493 3864 ²
505 3849 519 3880 2
532 3833 591 3881 Cor.
602 3848 627 3888 ι,
639 3849 696 3896 7.-
707 3828 718 3864 ⁸
730 3831 798 3881 Gon.
812 3841 860 3894 iss,
876 3847 885 3880 ι
899 3842 925 3882 et
937 3849 1029 3897 ceq.-
1042 3834 1052 3866 ⁵
1063 3835 1119 3883 lat.
1131 3850 1165 3889 ιι,
1202 3833 1203 3836 ’

185 3904 232 3942 -l
246 3903 310 3953 Gen.
322 3920 374 3965 ιιι,
392 3905 419 3964 nl
431 3916 521 3972 etseq.
536 3935 566 3945 -
576 3906 587 3939 ⁸
597 3905 699 3966 Esther,
711 3921 732 3956 ι.
