2532 4608
333 325 548 372 veruorurtu
571 326 631 370 uu.
658 324 712 368 ru.
994 302 1055 387 567

32 449 187 538 exquibus
205 447 284 517 nihil
301 447 451 536 estquod
472 447 514 516 sit
530 445 675 514 Gnostici
689 447 867 536 proprium.
886 446 1058 526 Quomodo

33 571 130 624 antem
155 557 294 645 Angelos
320 557 374 644 qui
399 555 585 622 deiecerunt
612 553 769 643 judicabit
795 553 971 642 quispiam,
1004 554 1059 640 qui

30 666 253 755 ipsedcsecerit
265 663 369 731 abillo
381 662 530 741 leuitate,
543 675 576 729 et
587 673 726 752 acceptae
741 663 866 750 injuriae
881 661 1058 738 oblivione,

29 797 119 863 quem
130 774 302 863 prescribit
314 772 519 862 Evangelium
528 771 543 836 l
552 799 565 832 ι
573 771 639 836 Gur
650 795 714 836 non
725 794 801 860 ergo
813 771 932 859 potius,
947 769 1055 857 inquit,

29 883 156 971 »injuria
171 882 356 950 afficimini?
369 881 435 946 Gur
450 904 514 946 non
525 880 631 970 potius
643 878 831 946 fraudamini
840 875 934 952 iSed¹
944 901 998 944 vos
1010 877 1062 944 in-

26 1019 48 1064 ,ι
55 992 164 1080 juriam
179 991 281 1058 fucitis
299 1002 331 1054 et
345 987 548 1064 fraudatis„
569 988 614 1053 eis
629 985 748 1054 scilicet
763 987 816 1075 qui
837 1009 896 1075 per
911 987 1060 1074 ignoran-

25 1101 102 1166 tiam
112 1111 261 1189 peccant,
275 1110 441 1188 precantes
453 1095 536 1162 male
550 1119 558 1160 :
573 1107 606 1160 et
617 1095 768 1162 fraudatis
779 1096 837 1160 Dei
848 1093 1016 1160 clementia
1026 1107 1060 1160 ct

25 1209 183 1284 bonitate,
194 1219 349 1294 quantum
361 1217 409 1272 est
421 1207 454 1270 in
465 1205 573 1281 robis,
587 1225 642 1270 eos
654 1203 768 1292 quibus
780 1199 863 1268 male
872 1203 1059 1290 pronomini,

23 1329 55 1383 et
67 1317 153 1384 etiam
167 1316 292 1406 fratres:
321 1313 500 1386 eonomine
517 1335 582 1378 nou
601 1334 654 1378 eos
670 1311 753 1378 solos
767 1311 821 1399 qui
836 1322 911 1378 sunt
929 1312 962 1376 in
981 1310 1058 1386 lide,

22 1425 82 1490 sed
93 1423 186 1490 etiem
198 1423 321 1496 laturos
332 1420 505 1512 proselytos
518 1421 696 1509 designans.
712 1420 858 1486 Auenim
870 1420 895 1484 is
908 1420 961 1508 qui
972 1442 1060 1486 nune

25 1544 74 1598 cst
85 1531 226 1600 iuimicus
241 1537 280 1596 sit
294 1542 403 1619 postes
419 1528 616 1604 crediturus,
630 1551 687 1594 uos
704 1529 851 1595 nondum
868 1529 994 1594 scimus.
1016 1531 1062 1594 Ex

22 1640 136 1726 quibus
151 1650 257 1728 aperte
273 1637 451 1727 colligitur,
470 1638 528 1702 etsi
550 1661 615 1704 uon
632 1637 694 1703 sint
710 1660 840 1712 omnes,
858 1649 890 1701 at
906 1638 997 1703 nobis
1012 1647 1062 1702 ta·

18 1769 94 1814 meu
112 1748 186 1835 ipsis
204 1749 321 1814 debere
343 1747 443 1813 videri
458 1745 589 1812 tratres.
614 1743 688 1810 lam
710 1768 785 1811 vero
808 1767 919 1809 omnes
935 1765 1063 1834 quoque

17 1855 166 1922 homines
182 1855 269 1941 quod
281 1854 343 1918 sint
356 1854 449 1918 unius
460 1853 519 1918 Dei
531 1875 610 1941 opus
622 1863 655 1916 et
666 1875 763 1917 unam
775 1851 944 1940 imaginem
956 1853 989 1916 in
1002 1877 1064 1919 una

15 1972 135 2040 ,nutura
151 1961 276 2036 induti,
293 1961 416 2025 etiamsi
433 1960 495 2024 siut
510 1958 562 2024 alii
581 1956 648 2024 aliis
664 1960 763 2049 magis
779 1962 958 2039 obscurati,
980 1961 1064 2028 solus

17 2069 164 2157 agnoscit
174 2068 199 2132 is
209 2069 263 2157 qni
277 2081 325 2134 est
337 2068 468 2135 scientia
482 2067 645 2156 praeditus,
659 2068 713 2155 qui
724 2069 820 2135 etiam
835 2093 893 2158 per
903 2081 1064 2138 creaturas

17 2177 165 2266 agnoscit
191 2177 425 2266 operationem,
440 2199 498 2265 per
513 2198 610 2264 quam
625 2198 733 2242 rursus
747 2177 806 2243 Dei
823 2177 933 2245 adoret
951 2176 1066 2246 volun-

14 2296 129 2352 tatem.
157 2285 214 2352 An
239 2284 358 2351 nescitis
386 2283 466 2372 quod
487 2284 596 2372 injusti
616 2307 744 2372 regnum
767 2285 827 2350 Dei
853 2310 913 2352 noo
934 2287 1067 2373 posside·

14 2395 96 2459 bunt
108 2391 144 2458 Ῥ
165 2394 409 2482 injuriam-ergo
425 2393 501 2459 lecit
520 2393 574 2481 qui
590 2391 687 2458 refert
708 2393 878 2480 iujuriam,
895 2417 951 2460 seu
966 2395 1065 2472 facto,

14 2524 74 2566 seu
90 2503 211 2579 verbo,
226 2503 291 2568 sive
302 2502 367 2590 ipsa
382 2499 553 2568 voluntatis
570 2500 760 2589 cogitatione
772 2549 781 2578 ,
794 2525 891 2589 quarn
907 2515 979 2591 post
991 2500 1067 2591 legis

14 2610 235 2699 paedagogiem
251 2610 486 2676 circumscribit
500 2607 717 2697 Evangelium.
733 2609 779 2674 Et
797 2611 852 2676 ltoc
869 2611 987 2698 quidem
998 2636 1067 2678 ero·

14 2718 55 2784 tis
76 2742 88 2784 .·
105 2717 185 2784 tales
197 2716 318 2784 scilicet
330 2716 634 2806 qnalcsadhuosunt
646 2717 761 2804 quibus
774 2717 833 2807 ipsi
847 2741 912 2786 non
927 2719 1068 2808 ignosci-

14 2827 65 2894 tis.
83 2825 151 2891 Sed
163 2826 358 2893 ablutiestis³
376 2850 384 2891 ε
399 2849 464 2892 nou
477 2825 621 2892 absolute
634 2837 668 2890 ut
684 2824 819 2915 reliqui,
836 2827 892 2894 sed
910 2852 969 2917 per
989 2853 1067 2918 cog·-

14 2934 178 3000 nitionem
203 2935 360 3021 abjecistis
386 2932 536 3002 animales
559 2933 769 3011 affectiones,
801 2947 836 3000 ut
862 2959 921 3023 pro
944 2937 1064 3003 viribus

14 3037 275 3108 rssimilaremiui
298 3041 432 3107 bonitati
458 3042 571 3108 divinae
596 3042 806 3108 Providentiae
818 3093 829 3119 „
854 3055 923 3110 tum
941 3069 999 3132 per
1021 3057 1068 3110 to-

14 3149 209 3226 larentiam,
240 3159 310 3212 tum
333 3171 390 3238 per
416 3161 554 3238 acceptae
582 3150 705 3237 injuriee
734 3148 937 3221 oblivionem.
969 3152 1068 3238 Super

14 3257 111 3322 'ustos
128 3269 159 3322 et
176 3254 304 3342 injustos
318 3252 347 3330 ⁴,
364 3254 526 3320 Sermonis
547 3266 580 3319 et
597 3277 731 3343 operum
749 3256 1001 3345 benignitatem,
1024 3258 1069 3324 si-

14 3379 69 3436 :nt
87 3366 158 3444 sol,
183 3363 360 3433 illucentes.
386 3367 457 3432 Hoc
479 3366 574 3455 igitur
600 3378 784 3454 assequetur
807 3368 977 3446 Gnosticus
1005 3371 1069 3438 siro

14 3477 116 3544 mimi
138 3471 381 3564 magnitudine,
398 3474 463 3540 sive
480 3473 656 3541 imitatione
679 3476 748 3563 ejus
771 3475 861 3563 quod
879 3488 927 3542 est
941 3476 1065 3548 melius.

14 3581 125 3648 l'ertia
150 3593 201 3646 est
219 3593 325 3646 autem
343 3603 456 3656 causa,
482 3578 612 3644 Remitte
633 3590 662 3643 et
679 3579 849 3646 runittetor
870 3580 943 3658 titt,
972 3583 1067 3651 veluti

14 3700 157 3778 :ugente
173 3689 326 3760 mandato
340 3687 381 3754 ad
395 3684 530 3754 salutem
554 3709 612 3775 per
627 3687 783 3776 insignem
799 3689 984 3759 bonitatem.
1003 3695 1068 3760 Sed

14 3797 208 3886 mestificati
231 3797 300 3863 estis
314 3795 324 3830 ⁵
340 3821 348 3862 ε
366 3796 395 3862 ci
414 3796 501 3862 enim
527 3795 583 3884 qui
609 3794 650 3861 od
676 3793 765 3862 hunc
791 3799 877 3864 veuit
899 3799 1067 3880 herbitum,

54 3946 64 3970 ¹
86 3966 97 3998 1
112 3945 177 3998 Cor.
188 3965 226 4011 rr,
235 3965 262 4016 7,
271 3945 413 4000 t.-¹1htd
425 3945 567 4012 9.-'1bid.
582 3959 621 3995 Η.
633 3943 886 4010 -*Μιῑιὴ.ν,45.·-“
898 3951 1020 4019 rCor.vr,
1030 3967 1071 4002 11.
