2738 4628
221 285 265 362 48
541 305 655 350 sarum
678 305 791 351 ιιιιιιι
814 305 875 350 ιιι.
902 306 921 348 ι

272 475 305 536 2⁰
324 469 378 539 De
397 465 523 540 futuro
534 465 674 564 judicio
696 493 761 568 per
782 467 979 558 Christum,
998 469 1261 542 communione
1352 444 1357 449 .

221 601 258 656 et
273 587 499 684 separatione
519 585 652 673 divina,
667 601 778 683 atque
794 583 995 658 infidelium
1013 587 1132 686 poenis
1151 601 1260 658 aeter-

221 731 278 792 ms
290 703 314 777 ¹.

277 879 311 945 Si
332 879 418 946 enim
433 903 497 948 non
513 881 636 970 judicat
657 879 765 954 Putem
783 891 839 946 eut
857 903 923 946 non
943 879 1081 969 pertinet
1101 877 1141 944 nd
1166 899 1258 954 eum,

219 999 274 1053 aut
288 989 446 1054 consentit
468 989 517 1055 his
538 1011 608 1078 quae
630 987 713 1055 liunt
733 989 908 1056 omnibus:
932 999 966 1053 et
986 989 1011 1054 si
1033 1011 1097 1054 non
1119 985 1258 1075 judicet,

219 1119 330 1163 omnes
345 1099 378 1165 in
394 1120 487 1188 aequo
501 1110 608 1175 erunt,
624 1111 658 1164 et
672 1099 704 1163 in
720 1098 835 1164 eodem
851 1097 1139 1164 dinumerabuntur
1158 1107 1255 1161 statu.

219 1207 441 1299 Supervacuus
463 1232 539 1298 ergo
556 1210 619 1274 erit
637 1208 791 1274 adrentus
808 1207 939 1284 Christi,
958 1219 992 1274 et
1008 1205 1200 1280 contrarius,
1222 1205 1258 1271 in
1359 1235 1364 1244 ·

217 1341 257 1384 eo
271 1318 358 1406 quod
372 1339 436 1386 non
457 1319 589 1407 judicet.
605 1343 619 1378 ι
636 1317 732 1386 Venit
751 1317 837 1383 enim
859 1317 1001 1383 dividere
1015 1316 1179 1383 hominem
1200 1313 1259 1380 ad·
1361 1317 1366 1358 ²

219 1453 358 1496 »versus
380 1440 504 1518 patrem
523 1453 630 1505 suum,
649 1441 682 1497 et
702 1425 800 1495 filiam
817 1428 968 1494 adversus
984 1439 1132 1501 matrem,
1151 1437 1184 1491 et
1199 1449 1259 1492 nu·
1363 1463 1366 1470 ·

218 1561 318 1604 »rum
333 1539 482 1605 adversus
497 1537 645 1605 socrum²
661 1561 669 1605 ι
684 1549 738 1604 ret
750 1561 825 1606 oum
838 1538 902 1603 duo
913 1537 976 1604 sint
987 1537 1020 1602 in
1031 1507 1255 1610 eodemleoto,
1364 1545 1365 1548 ’

145 1633 148 1641 ’
219 1673 318 1716 unum
333 1673 506 1724 assumere,
522 1663 555 1716 et
569 1648 704 1716 alterum
721 1648 924 1738 relinquere:
943 1660 976 1714 et
990 1647 1114 1714 duabus
1129 1645 1258 1712 molen·
1365 1655 1367 1698 l

216 1762 302 1826 tibus
315 1761 346 1826 in
359 1759 456 1836 mola,
469 1759 601 1825 eltemrn
613 1781 787 1836 assumere,
800 1771 831 1824 et
843 1758 975 1824 alteram
987 1753 1177 1844 relinquere⁸
1190 1778 1198 1819 ι
1212 1757 1255 1821 ad
1366 1733 1367 1754 l

217 1867 315 1933 finem
331 1868 443 1954 jubere
457 1867 649 1932 messoribus
662 1863 810 1955 colligere
820 1865 961 1954 primum
973 1865 1103 1938 zizania,
1115 1874 1147 1928 et
1163 1861 1256 1928 lasei-
1366 1893 1367 1944 ;

217 1975 306 2044 eules
325 1977 464 2066 elligere,
482 1988 514 2042 et
536 1978 726 2043 comburere
747 1975 812 2066 igni
834 1972 1086 2065 inextinguibilis
1109 1974 1256 2040 triticum
1367 1963 1368 2004 ⁷

217 2098 325 2152 nutem
340 2083 488 2175 colligere
512 2085 545 2151 in
560 2083 733 2170 borreum⁴
753 2107 761 2151 ι
779 2097 812 2150 et
826 2107 924 2174 agnos
939 2084 1069 2173 quidem
1084 2105 1197 2150 vocare
1220 2083 1254 2150 in

216 2207 428 2286 praeparatum
444 2219 578 2285 regnum
587 2220 596 2269 ι
611 2195 719 2260 haedos
730 2208 838 2260 autem
853 2197 886 2261 in
897 2207 1053 2261 aeternum
1064 2195 1169 2284 ignem
1181 2195 1257 2260 mit·
1367 2273 1368 2278 ἵ

216 2319 297 2382 tere,
319 2306 372 2396 qui
393 2319 586 2396 praeparatus
605 2319 653 2373 est
676 2330 693 2371 a
713 2306 806 2372 Putre
828 2307 898 2395 ejus
920 2304 1048 2372 ‹liubolo
1069 2316 1102 2371 et
1124 2303 1255 2395 Angelis
1367 2289 1368 2316 l

216 2415 312 2506 ejns⁶.
332 2417 371 2482 Et
387 2416 464 2504 quid
481 2414 744 2482 enlleerbum
760 2415 893 2481 venitin
911 2415 1035 2480 ruinam
1053 2415 1131 2480 etin
1149 2436 1256 2504 resur-

192 2561 198 2574 =
215 2528 390 2593 rectionem
407 2523 619 2591 multorum⁶i
633 2525 671 2590 ln
687 2524 812 2590 ruinam
824 2522 953 2612 quidem
969 2546 1034 2588 non
1050 2523 1254 2590 credentium

215 2637 257 2711 ei,
274 2636 389 2723 quibus
404 2645 437 2699 et
452 2635 607 2722 majorem
623 2633 859 2698 damnationem
874 2655 970 2721 quam
987 2631 1201 2698 Sodomorum
1217 2644 1252 2696 et

213 2744 401 2810 Gomorrbae
418 2744 450 2809 iu
465 2743 586 2832 judicio
602 2744 813 2811 comminatus
828 2742 914 2818 eet⁷3
935 2743 968 2810 ln
982 2742 1252 2809 resurrectionem

213 2866 321 2920 nutem
342 2853 554 2929 credentium,
580 2866 613 2920 et
634 2853 817 2921 iacientium
839 2853 1035 2920 veluntatem
1049 2853 1150 2918 Patris
1166 2853 1252 2941 ejus,

142 2951 147 2966 ’
212 2964 267 3052 qui
282 2977 330 3030 est
345 2963 378 3029 in
389 2960 487 3029 coelis.
502 2962 536 3028 Sl
548 2987 624 3053 ergo
639 2964 793 3031 adventus
805 2963 876 3030 Filii
891 2987 987 3053 super
998 2985 1108 3029 omnes
1120 2961 1253 3050 quidem

212 3072 356 3140 similiter
370 3073 511 3148 advenit,
526 3072 684 3161 judicialis
700 3086 748 3140 est
763 3088 883 3150 antem,
899 3086 932 3140 et
947 3073 1102 3140 discretor
1119 3073 1255 3139 ereden-

212 3185 293 3252 tium
308 3197 341 3250 et
356 3207 420 3252 non
437 3185 650 3262 credentium,
664 3185 815 3274 quoniam
826 3209 865 3250 ex
880 3209 935 3251 sne
948 3184 1103 3251 sententia
1119 3183 1254 3249 creden-

212 3306 259 3360 tes
275 3293 397 3360 faeiunt
411 3295 482 3384 ejus
499 3291 705 3370 voluntatem,
718 3305 800 3360 etex
815 3318 871 3360 sua
889 3295 1043 3360 sententie
1060 3291 1179 3359 indicto
1192 3315 1255 3358 au-

211 3405 333 3469 dientes
356 3428 419 3470 nen
445 3405 604 3471 accedunt
629 3406 671 3469 ad
697 3405 766 3493 ejus
794 3405 1004 3471 doctrinam:
1031 3406 1250 3480 menifestum,

210 3514 362 3602 quoniam
376 3525 409 3578 et
428 3514 522 3580 Pater
546 3515 616 3603 ejus
631 3537 742 3580 omues
756 3513 885 3602 quidem
906 3513 1050 3581 similiter
1065 3514 1152 3589 lecit,
1170 3535 1248 3602 pro·

209 3625 312 3714 priam
328 3625 516 3688 sententiam
532 3647 792 3713 unumquemque
806 3622 993 3700 habentem,
1013 3637 1045 3690 et
1062 3646 1190 3691 sensum
1208 3623 1252 3690 li-

245 3772 253 3805 ¹
267 3771 330 3837 Cup.
346 3787 425 3834 nvn,
437 3789 464 3838 p.
477 3775 532 3822 525.
620 3739 624 3760 l

244 3856 254 3891 ²
266 3859 358 3907 bietth.
372 3876 396 3917 ιι,
406 3858 446 3906 55.
465 3887 496 3897 -
511 3857 594 3910 ⁸Lue.
605 3875 666 3919 ιιιι,
676 3861 716 3920 bl,
729 3861 768 3908 55.
786 3887 817 3898 -
833 3858 943 3910 lbiattb.
960 3877 1016 3920 xnr,
1027 3861 1067 3909 5ο.
1080 3860 1138 3911 lbitl.
1153 3881 1192 3919 ru,
1209 3869 1249 3910 ιι.

211 3972 242 3984 -
254 3945 264 3976 ⁵
276 3944 337 3994 ltr'rt.
348 3961 405 4006 xxv,
416 3945 446 3994 55
457 3954 483 3996 et
494 3962 567 4011 seqq.
580 3973 611 3984 -
623 3947 633 3980 ⁶
645 3948 707 3996 bue.
721 3966 748 4007 u,
762 3947 800 4005 54.
812 3947 862 3984 -l
876 3948 937 3998 Luc.
950 3964 974 4009 1,
989 3964 1025 3997 ιι.

1188 4069 1196 4102 b
