2382 4592
287 283 290 288 ’
324 282 513 328 susurrus
535 283 596 326 nra.
623 283 652 326 v.
782 286 785 299 ·
946 265 1007 352 189

10 411 147 466 murare
156 447 167 476 ,
177 421 252 466 cum
261 398 478 467 sitinanisesta'
486 397 592 466 divina
597 398 797 465 Providentia
807 449 817 476 ,
829 421 868 466 ex
875 414 1005 490 aspectu

0 540 14 565 ιι
31 508 114 574 Num
143 529 211 595 quse
233 507 381 574 ridentur
406 506 593 574 effectorum
619 529 689 595 quae
714 519 782 574 arte
805 521 953 576 coustant
975 523 1007 576 et

7 615 146 704 pientia,
163 638 301 702 quorum
316 614 377 682 alia
391 614 521 704 quidem
539 615 651 680 ordine
666 614 766 690 fiunt,
787 613 845 682 alia
862 640 937 682 vero
954 641 1009 684 or·

13 756 17 781 ι
31 754 40 781 ι
61 722 315 790 manifestantur
331 723 395 806 Qui
409 745 468 789 nos
483 734 590 788 autem
607 723 741 788 essentia
761 734 793 786 et
810 723 871 790 vita
887 723 1008 812 imper·

0 831 155 907 1t‚etiam
168 830 337 920 participes
350 830 426 897 fecit
438 830 587 908 rationis,
602 853 660 897 nos
675 828 768 897 simul
784 832 1010 903 convenienter

9 938 85 1004 tioni
101 936 230 1014 volens,
246 950 278 1003 et
289 939 372 1005 hene
386 939 531 1006 vivere...

15 1045 153 1136 Oportet
171 1046 299 1112 autem¹
317 1059 459 1114 mentem
473 1070 602 1135 quoque
616 1046 735 1114 hahere
750 1071 877 1125 sanam,
894 1058 926 1112 et
938 1070 1009 1137 quae

39 1179 56 1220 a
76 1153 259 1220 retardetur
278 1155 463 1244 poenitentia
479 1180 496 1221 a
512 1153 637 1243 pulchri
661 1156 847 1232 venatione,
866 1156 906 1222 ad
921 1159 1008 1245 quod

18 1262 99 1328 idem
115 1263 254 1328 maxime
263 1263 366 1330 divina
376 1287 454 1353 opus
466 1262 620 1330 hahemus
633 1264 752 1352 gratia,
769 1276 917 1351 rectaque
930 1264 1010 1330 doc-

6 1370 68 1446 ἀι,
91 1383 247 1458 castaque
269 1385 302 1436 et
326 1372 447 1438 munda
470 1372 566 1438 animi
584 1372 769 1449 allectione,
795 1384 827 1437 et
847 1372 948 1438 Patris
969 1373 1010 1440 ad
1117 1359 1118 1362 Ἴ

2 1501 79 1544 =sum
99 1479 300 1545 attractione.
327 1479 467 1545 Terrena
490 1478 576 1546 enim
597 1480 722 1569 corpori
739 1477 866 1568 illigati,
887 1478 1012 1554 sensilia
1115 1523 1120 1536 ι

1 1586 101 1652 uidem
109 1609 171 1675 per
186 1610 301 1676 corpus
313 1585 577 1676 apprehendimus
589 1611 596 1652 :
610 1610 680 1676 quae
688 1585 1010 1675 intelligentiaautem

6 1693 211 1784 rapiuntur,
235 1718 292 1784 per
315 1696 415 1784 ipsam
435 1695 499 1761 rim
522 1695 661 1760 rationis.
681 1695 804 1782 Siquis
823 1707 930 1760 autem
953 1719 1011 1760 ex-

8 1802 168 1877 ctarerit,
186 1803 272 1878 sore,
287 1814 323 1867 ut
341 1803 447 1868 omnia
464 1801 618 1868 sensiliter
632 1800 900 1890 comprehendat,
917 1799 1011 1890 louge

1 1910 140 1976 ,veritate
154 1910 281 1976 excidit.
303 1909 491 1999 Spiritaliter
505 1910 635 1998 quidem
647 1921 733 1974 certe
745 1908 856 1974 scribit
873 1907 1013 1997 Aposto-

16 2048 22 2073 ;
40 2016 155 2083 dallei
172 2019 376 2106 cognitione:
397 2017 569 2084 «Videmus
584 2017 669 2081 enim
685 2038 773 2082 nunc
790 2028 941 2104 tanquam
956 2041 1014 2106 per

1 2123 182 2214 peculum,
198 2137 276 2191 tunc
299 2137 406 2194 autem
421 2124 501 2190 sacia
521 2123 560 2189 ad
582 2121 757 2190 faciem².»
784 2122 896 2189 Paucis
925 2125 1011 2190 enim

1 2237 83 2299 trum
97 2245 149 2298 est
164 2231 381 2321 spectaculum
392 2231 542 2298 veritatis.
561 2230 645 2296 Dicit
660 2231 764 2319 itaque
779 2229 868 2296 Plato
884 2255 1012 2322 quoque

2 2371 5 2397 ι
23 2340 232 2431 lipinomide:
252 2342 372 2410 «Haud
395 2339 529 2406 dixerim
549 2338 619 2404 lieri
634 2363 744 2428 posse,
767 2351 803 2404 ut
825 2340 1013 2406 omnes-ho-

2 2449 97 2516 mines
125 2449 188 2514 sint
218 2449 303 2516 beati
324 2460 357 2513 et
377 2447 502 2523 felices,
529 2459 741 2536 praeterquam
767 2447 870 2536 pauci,
901 2449 1013 2515 Donec

4 2556 102 2624 vixero
115 2608 125 2634 ,
140 2555 205 2623 hoc
223 2558 268 2622 sie
284 2556 443 2622 deliniam.
467 2557 556 2621 Bona
583 2566 691 2622 autem
714 2579 785 2644 spes
805 2567 854 2621 est
874 2555 960 2631 fore,
977 2567 1013 2620 ut

4 2677 168 2754 postquam
190 2687 353 2731 excessero
376 2664 481 2732 omnia
504 2685 718 2751 consequar.»
740 2663 860 2728 Eadem
876 2662 935 2727 sihi
955 2686 1013 2731 vo-

2 2802 6 2825 ι
22 2783 66 2849 t,
88 2797 160 2865 quae
178 2773 328 2839 dicuntur
350 2771 435 2860 apud
447 2771 591 2836 Mosam:
614 2770 739 2836 «Nemo
761 2770 880 2836 videbit
896 2771 1011 2840 faciem

4 2901 122 2958 meam,
144 2892 177 2945 et
194 2879 337 2947 vivet⁸.»
358 2877 488 2946 Clarum
506 2890 554 2944 est
572 2879 677 2955 enim,
693 2878 854 2946 neminem
871 2903 1013 2967 unquam

2 2987 48 3052 'te
69 2999 215 3076 tempore
235 3011 327 3076 posse
345 2988 448 3054 Deum
464 2987 626 3052 evidenter
642 2981 923 3075 comprehendere.
949 2986 1014 3067 Qui

14 3134 19 3147 ·
36 3107 171 3165 tautam
183 3095 290 3161 mundi
305 3094 412 3169 corde,
427 3095 526 3160 Deam
538 3093 679 3160 uidebant
689 3093 720 3166 ⁶,
733 3106 900 3182 postquam
910 3093 949 3158 ad
964 3116 1015 3158 ex·

18 3236 21 3243 ’
36 3229 113 3272 ιι
127 3203 327 3294 pervenerint
341 3202 578 3292 perlectionem.
598 3201 681 3268 Cum
696 3201 781 3267 euim
798 3202 837 3266 ad
856 3224 912 3276 ea,
944 3224 1014 3289 quae

7 3327 53 3380 ιιι
74 3311 398 3402 comprehendenda,
419 3308 585 3376 imbecillis
606 3321 688 3374 esset
716 3308 839 3384 anima,
863 3319 895 3372 et
910 3308 1016 3388 divino

4 3452 8 3475 ι
23 3470 25 3475 <
38 3422 130 3503 2istro
145 3443 328 3510 egeremus,
345 3418 522 3484 demittitur
536 3418 705 3492 serrator,
720 3415 797 3481 honi
811 3416 1016 3502 possessionis

1 3528 146 3595 tdoctor
172 3540 205 3596 et
227 3527 462 3616 suppeditator,
487 3548 637 3592 arcanum
658 3545 779 3612 magnae
809 3523 1017 3590 Providentiae

6 3649 190 3725 ·ctumque
211 3637 335 3726 signum
357 3647 390 3700 et
412 3634 573 3702 indicium.
604 3633 692 3698 «Ubi
713 3644 761 3698 est
779 3654 862 3723 ergo.
884 3635 1019 3702 sariba?
1080 3661 1085 3680 ¹

19 3821 26 3846 ¹
40 3825 96 3888 Peg.
109 3823 159 3886 647
171 3835 195 3873 et
204 3839 254 3889 seq.

22 3910 31 3938 ⁸
43 3929 54 3962 r
67 3911 296 3980 Cor.,xur,12.-
309 3912 405 3964 'Exod
415 3930 509 3979 mur,
522 3910 608 3967 ιιι-4
619 3911 706 3964 ldattlr.
716 3929 742 3976 v,
752 3915 777 3964 8.
816 3963 817 3968 ,
