2614 4628
329 301 529 344 ΕΟΙΘΙΤΔΠΟ
554 303 595 344 Η)
619 303 750 346 uultus.
1002 304 1058 369 127

60 437 100 480 urs
115 437 121 474 :
137 424 166 476 et
188 433 247 476 son
264 435 301 476 ea
320 411 462 477 Verbum
482 412 660 500 praecurrit,
678 435 739 476 vox
758 411 974 490 adhortative,
991 438 1061 502 quse

59 522 217 590 adsalutem
232 535 403 611 praeparat3
428 545 499 598 ror,
522 545 592 611 quae
611 523 650 588 ad
670 521 824 588 coelorum
841 523 1061 596 haereditatem

59 635 180 706 inritat¹3
195 657 253 722 qua
270 633 385 698 sterilis
399 646 431 699 et
443 634 564 700 deserta
578 633 798 700 loecundatur:
815 658 913 722 quam
929 639 1060 726 quidem

59 745 218 811 latilitatem
236 745 383 834 praedixit
403 743 513 834 Angeli
535 767 594 809 vox
612 768 696 832 quae,
718 756 870 833 tanquam
886 742 966 812 alius
990 749 1057 816 Do-

59 857 115 922 nini
127 877 306 945 praecursor,
323 853 422 922 sterili
433 853 558 923 mulieri
571 851 770 943 evangelium
785 853 978 942 praedicavit,
997 883 1061 926 non

61 989 125 1034 aecus
140 989 175 1033 ac
194 967 332 1032 loannes
346 966 470 1056 regioni
486 966 629 1032 desertae.
646 966 714 1032 Hac
730 964 827 1054 igitur
840 965 967 1032 Domini
984 994 1061 1038 voce

58 1075 144 1142 stnilrs
154 1075 188 1142 lit
200 1087 314 1151 mater,
328 1089 361 1140 et
373 1075 496 1141 deserta
509 1075 649 1141 fructum
659 1075 731 1140 lbrt.
748 1074 908 1140 cesorum
919 1076 990 1143 duae
1001 1079 1061 1148 tttae

61 1187 144 1276 lngcli
157 1201 186 1252 et
198 1187 328 1253 loannis
348 1207 456 1262 voces,
473 1209 544 1274 quae
558 1187 733 1252 Dominum
748 1189 998 1275 praecurrcbant,
1014 1192 1061 1258 in·
1127 1223 1130 1244 ι

61 1295 212 1362 nsercmihi
226 1295 377 1362 videntur
391 1295 525 1368 salutem
539 1297 631 1364 nobis
643 1298 829 1385 repositam,
840 1298 907 1386 qui,
920 1321 995 1366 cnm
1008 1325 1061 1393 ap-

63 1405 168 1493 paruerit
187 1405 244 1470 hoe
268 1403 428 1480 Verbum,
445 1403 613 1471 fertilitatis
634 1418 751 1471 nostrae
772 1406 913 1474 lructum
929 1435 1065 1502 percep·

64 1517 110 1579 tui
120 1539 223 1590 snmus,
238 1527 394 1581 aeternam
405 1515 512 1580 vitam.
528 1513 703 1602 Utramque
717 1516 812 1605 igitur
825 1539 934 1583 rocem
947 1521 1061 1587 eodem

67 1624 166 1701 ducena,
178 1645 239 1691 rem
254 1637 359 1691 totam
370 1624 507 1715 explicat
522 1622 685 1714 Scriptura
702 1646 711 1687 ε
736 1651 749 1684 ι
764 1624 893 1702 Audiat,
910 1649 981 1715 quae
996 1651 1061 1696 non

69 1736 161 1822 »parit3
174 1747 309 1826 erumpat
320 1759 450 1811 vocem,
466 1757 536 1825 quae
553 1755 617 1801 non
628 1735 765 1824 parturit
781 1758 791 1800 a
810 1737 884 1824 quia
902 1737 994 1806 multi
1006 1739 1062 1808 lilii

72 1845 299 1936 »drumonem
311 1849 387 1935 ejus
404 1845 724 1934 quaebabetvirum².
743 1845 880 1913 »Virum
891 1849 983 1916 nobis
1003 1873 1062 1918 an-

76 1957 171 2020 nuntiat
183 1955 326 2047 Angelus:
344 1969 381 2020 nt
396 1953 673 2044 deprehendamus
688 1953 874 2044 agricolam,
891 1969 926 2022 ut
941 1981 1063 2046 quaera·

82 2065 461 2141 connumeratorum
476 2063 628 2131 loannes.
651 2064 739 2130 Unus
759 2065 845 2131 enim
864 2077 896 2131 et
910 2067 996 2136 idem
1012 2083 1061 2137 est

82 2171 121 2237 illa
131 2174 218 2240 sterilis
229 2177 276 2254 sir,
287 2191 325 2244 et
344 2179 478 2243 descrtae
495 2173 647 2264 agricola,
661 2176 716 2262 qui
732 2197 808 2242 cum
822 2176 974 2258 sterilem,
990 2195 1060 2248 tuna

78 2282 287 2353 atiandesertam
302 2285 412 2352 divina
438 2286 557 2352 virtute
579 2282 732 2371 implevit.
760 2283 844 2363 Quia
867 2287 952 2352 enim
973 2289 1063 2380 inge-

74 2413 127 2455 noa
138 2393 303 2463 unltierant
317 2395 427 2471 liberi,
438 2393 490 2461 illa
507 2405 617 2459 autem
635 2389 859 2458 incredulitate
874 2419 929 2459 sua
950 2399 1065 2464 meruit

72 2513 97 2564 nt
108 2501 162 2567 llas
175 2507 240 2570 orba
252 2518 350 2581 esset,
372 2526 442 2593 quas
458 2503 577 2571 multos
598 2501 676 2568 olim
693 2501 777 2567 lilios
799 2503 968 2581 habuerat,
986 2531 1065 2576 uxor

70 2609 301 2686 debraarsterilis
314 2618 432 2692 virum,
444 2616 568 2680 deserta
581 2611 753 2702 agricolam
764 2613 891 2703 accipit.
907 2615 1063 2686 lndebaec

69 2721 166 2804 quiden
174 2726 345 2802 linctum
362 2723 414 2790 illa
430 2722 587 2799 fidelium,
600 2735 735 2809 utraque
751 2721 850 2790 Verbi
862 2725 977 2791 virtute
992 2749 1062 2794 ma·

68 2839 103 2894 tar
121 2832 188 2901 lacta
204 2851 269 2912 eat;
292 2838 330 2902 iia
348 2859 425 2901 vcro
444 2835 500 2924 qui
522 2835 555 2901 in
576 2857 631 2901 sua
651 2831 839 2900 infidelitate
859 2853 1061 2924 permanent,

69 2941 151 3010 statilia
170 2959 199 3011 et
223 2947 345 3014 deserta
369 2947 545 3012 etiamnum
566 2944 764 3034 relinquitur.
791 2944 944 3022 loannes,
965 2946 1063 3016 Verbi

68 3071 155 3135 preto,
168 3055 224 3123 bac
238 3057 350 3146 utique
373 3056 496 3123 ratione
517 3055 718 3128 hortabatur,
743 3065 778 3120 ut
800 3054 841 3119 ad
861 3055 921 3122 Dei
945 3055 1063 3123 Christi

67 3159 202 3230 idrontum
223 3167 324 3255 parati
338 3166 453 3232 fierent
474 3189 481 3230 :
499 3177 531 3231 et
547 3165 610 3231 boc
626 3175 695 3230 erat
715 3163 800 3252 qnod
825 3163 980 3230 innuebat
1000 3165 1064 3231 Za-

67 3267 153 3338 tbariar
165 3274 333 3352 silentium,
348 3287 518 3365 expectans
530 3275 671 3341 fructum
686 3273 804 3340 Christi
816 3295 1059 3361 praecursorem
1121 3255 1143 3270 ²

68 3389 92 3441 ut
105 3381 241 3462 Verbum,
257 3388 397 3453 veritatis
412 3386 479 3464 lux,
496 3386 668 3474 mysticum
687 3383 951 3472 propheticorum
966 3387 1063 3476 aenig-

67 3503 157 3561 murm
164 3497 317 3564 silentium
326 3494 690 3586 solveret,llrangelium
699 3495 833 3560 lactum.
845 3493 1061 3574 Quamobrem

69 3597 157 3667 lirare
173 3605 275 3674 Deum
290 3608 396 3673 videre
418 3607 520 3697 cupis,
540 3603 742 3695 piaculorum
768 3626 838 3690 quae
860 3604 927 3671 Deo
945 3629 1063 3674 conve-

69 3708 136 3776 niunt
156 3718 305 3806 particeps
328 3719 402 3792 linea
425 3741 491 3784 non
515 3716 665 3781 loliorum
690 3713 788 3793 lauri,
811 3729 865 3780 aut
889 3729 1061 3792 sertorum,

71 3841 121 3904 qua
132 3847 164 3890 ex
176 3825 246 3894 lana
261 3843 290 3894 et
305 3853 442 3920 purpura
459 3827 647 3896 concinnari
664 3826 764 3894 solent
782 3851 789 3892 :
805 3829 859 3894 sed
874 3829 994 3917 justitia
1011 3849 1063 3892 re-

94 3947 157 4002 ’l'ide
166 3955 194 4004 ll.
207 3955 316 4018 Gnidon,
327 3975 351 4023 p.
365 3957 522 4023 57o.-²1s.
540 3971 588 4013 aar,
604 3973 624 4003 ι.
