2448 4610
327 260 513 308 suttonam
534 264 584 307 tlt}
608 263 628 307 1.
973 267 993 331 9
1032 292 1036 301 .

26 385 159 454 tntiolide
170 383 365 474 dignissima,
381 407 452 474 quae
463 379 604 474 sequitur
614 383 841 474 experientiam
857 407 864 450 :
880 385 996 476 quippe

26 520 60 564 nn
72 519 170 562 eorum
182 546 191 571 ,
203 517 272 584 quae
283 495 552 562 'condemnaveris
570 505 657 562 certa
679 493 818 583 cognitio
832 495 997 582 perfectis-

26 604 341 672 medemonstratioais
351 603 422 670 loce
433 604 503 670 crit.
517 605 670 671 Praeterea
685 603 797 679 multa,
814 627 885 692 quae
901 605 939 670 ad
958 601 994 670 li-

26 735 121 780 mnan
134 691 306 788 conserant,
320 726 423 779 tamen
436 713 549 780 artifici
562 725 784 786 ornamentum
794 713 944 780 afferunt.
959 715 1000 779 Et

26 819 193 911 inquinarit«
220 845 260 888 ae
283 821 455 912 multiplex·
471 823 639 898 doctrina,
663 845 755 898 eum,
783 823 836 912 qui
862 823 1000 888 maxime

26 930 154 1019 rheipalia
162 932 307 1020 dogmata
319 932 485 1022 proponit,
499 932 572 1004 srdei
585 931 765 998 auditorum
777 931 998 1008 commendas,
1096 1019 1099 1026 Ι

26 1037 133 1127 htipulis
147 1039 385 1106 admirationem
401 1042 497 1129 ipsius
512 1041 720 1129 ingenerans,
736 1053 767 1106 et
783 1040 823 1108 ad
834 1042 1000 1130 ueritatem

26 1148 178 1214 ttadducit.
199 1149 313 1214 Fidem
329 1160 434 1216 autem
453 1149 546 1216 faciet
562 1149 718 1238 ejusmodi
735 1148 926 1225 oblectatio,
942 1173 1001 1238 per

26 1265 78 1323 tam
99 1281 115 1323 a
134 1256 223 1346 vulgo
243 1259 454 1349 vituperatum
475 1259 606 1324 studiosi
628 1259 786 1348 recipiunt
811 1259 1000 1335 veritatem,

26 1365 70 1440 ot
83 1387 173 1454 neque
187 1368 253 1456 ipsa
269 1367 469 1457 philosophia
485 1369 556 1433 vitae
570 1368 743 1456 perniciem
759 1366 887 1444 afferat,
903 1391 1001 1456 quam

26 1473 159 1539 adesset
179 1498 286 1541 mrum
309 1475 458 1552 salsarum
484 1475 689 1543 etmalorum
711 1500 844 1566 operum
868 1476 1000 1552 artilex,

26 1581 107 1670 nidum
126 1582 198 1650 hiso
216 1583 402 1652 calumniati
425 1597 516 1661 sunt,
536 1609 614 1652 cum
644 1587 683 1650 sit
710 1586 837 1652 evidens
863 1586 1002 1652 veritatis

26 1707 103 1778 nege,
128 1693 242 1760 denum
266 1695 386 1761 Graecis
408 1695 519 1762 alatum
543 1694 710 1769 ‹livinitus3
737 1719 840 1783 neque
867 1719 925 1760 noe
946 1719 1004 1784 per

26 1819 87 1886 ptam
99 1812 238 1890 tanquam
261 1829 279 1869 a
298 1803 486 1892 quibusdam
510 1804 633 1896 decepti
654 1803 818 1894 praestigiis
834 1827 851 1869 a
866 1802 930 1868 {ide
946 1805 1004 1870 ah2

26 1903 131 1975 luuntur
149 1936 157 1977 :
177 1913 232 1978 sed
251 1915 358 2004 potius
374 1915 485 2003 majori
502 1915 700 1980 munimento
717 1913 815 1989 tecti,
835 1925 867 1977 et
883 1914 1003 1984 socium

26 2016 204 2102 quodammodo
215 2024 494 2102 exercitationem,
509 2048 571 2112 qua
580 2024 658 2090 lides
669 2023 843 2114 pleniorem
855 2024 1006 2092 demons-

26 2125 143 2194 tatianem
163 2134 318 2223 accipiet,
343 2131 453 2200 lucrati
480 2157 599 2198 sumtu.
629 2133 810 2214 Quinetiam
833 2134 910 2200 dum
931 2159 1005 2201 con-

26 2234 84 2326 tuia
99 2237 232 2328 dogmata
249 2244 334 2308 inter
348 2267 381 2309 se
397 2241 626 2318 conseruntur,
643 2242 757 2308 veritas
773 2243 872 2331 magis
888 2240 1007 2309 eluces-

26 2327 134 2412 ltfline
148 2353 361 2442 consequitur
373 2352 513 2420 scientia.
540 2351 643 2441 Atque
663 2351 741 2417 adeo
759 2350 1006 2440 haudquaquam

67 2474 93 2517 se
105 2454 254 2526 inducitur
269 2457 487 2553 philosophia,
504 2461 559 2526 sed
575 2474 705 2551 propter
716 2459 838 2526 fructus
853 2481 892 2524 ex
903 2460 1008 2528 scicn-

27 2553 252 2648 ltprarenientes
267 2596 276 2638 :
292 2571 364 2661 quia
386 2571 476 2638 nohis
502 2595 559 2662 per
581 2571 744 2664 scientiam
770 2593 877 2636 rerum
901 2570 1006 2636 anime

27 2675 275 2758 apprehensurum
289 2681 434 2748 firmatur
445 2704 525 2747 rerae
536 2681 746 2772 perceptionis
758 2679 926 2770 persuasio.
943 2681 1007 2747 Ta-

27 2795 60 2842 uo
70 2786 140 2870 quod
152 2783 220 2856 libri
235 2792 269 2857 hi
285 2789 450 2882 multiplici
468 2817 505 2860 ac
522 2792 605 2858 varia
618 2791 761 2858 doctrina
777 2791 921 2857 inunum
934 2813 1007 2856 cor-
1070 2799 1075 2810 “

27 2905 62 2974 pu
73 2902 275 2985 coagmentati,
292 2901 401 2968 volunt
418 2901 584 2968 artificiose
601 2899 703 2968 celare
715 2901 835 2968 semina
851 2900 1007 2991 cognitio-

28 2983 64 3060 llt·
78 3001 338 3081 Quemadmodum
358 3035 433 3101 crgo
455 3011 508 3100 qui
529 3010 632 3076 sardio
662 3022 788 3076 tenetur
809 3009 1007 3087 venationis,

28 3115 146 3197 postquam
154 3122 285 3206 quaesiit,
295 3121 507 3210 investigavit,
522 3121 699 3210 indagavit,
716 3143 828 3196 canes,
847 3119 900 3208 qui
914 3141 1009 3186 cursu

28 3225 260 3309 lffi‘querentur,
274 3231 397 3308 emisit,
411 3231 509 3296 seram
527 3230 610 3319 capit
624 3255 632 3295 a
647 3231 689 3296 ita
705 3231 800 3296 etiam
814 3239 942 3319 apparet
953 3251 1009 3294 re-

28 3333 71 3388 fflm
83 3327 231 3405 dulcedine
245 3339 424 3428 quaesitum,
440 3352 473 3404 et
485 3338 592 3405 labore
603 3351 759 3428 paratum.
773 3339 920 3419 Quanam
934 3359 1009 3426 ergo

28 3435 134 3507 auaasic
146 3456 211 3514 tues
222 3449 466 3516 commentarios
481 3449 538 3515 tibi
555 3448 702 3514 ordinare
719 3448 821 3512 visum
837 3447 906 3512 est?
919 3447 1010 3527 Quo-

28 3533 221 3641 liammagnum
229 3571 276 3624 est
284 3556 460 3648 periculum
468 3581 541 3625 vere
550 3579 699 3624 arcanam
710 3579 792 3622 veras
803 3553 1009 3647 philosophie

29 3648 140 3726 niooem
153 3664 186 3731 iis
197 3666 361 3760 propalare
376 3719 385 3745 ,
405 3669 458 3758 qui
477 3667 605 3759 profuse
617 3667 744 3756 quidem
761 3691 797 3733 ae
810 3665 1008 3757 petulanter,

29 3755 122 3877 tttlnoo
132 3772 205 3858 jure,
221 3777 331 3846 velunt
346 3790 455 3846 contra
467 3801 578 3846 omnes
588 3777 706 3854 dicere,
716 3777 821 3843 emnia
835 3789 942 3845 autem
954 3799 1010 3844 no·

29 3881 226 3958 mutatoria
242 3889 376 3982 turpiter
390 3901 422 3956 et
438 3889 588 3957 indecore
604 3885 818 3978 ejaculantur,
843 3900 876 3956 et
892 3889 1010 3980 seipsos
