2546 4614
411 327 450 374 na
475 326 699 374 aurtcmtsro.
1006 307 1071 392 lap

31 439 84 508 bit
100 440 148 506 vir
164 440 277 508 beatus
295 441 335 508 de
349 464 414 532 quo
428 444 608 534 querimus.
628 441 788 512 Caeterum
804 453 960 532 quantum
978 441 1072 508 baesi-

32 561 143 618 tantes
164 553 335 641 animoque
356 553 446 622 dubii
468 555 624 643 capimus,
646 551 796 622 dicimus.
819 550 919 620 Multa
944 552 1073 620 nomina

32 660 240 730 insaniemus
253 665 322 753 pari
341 687 475 732 numero
491 677 587 755 atque
601 675 753 754 computo
764 663 1010 754 comprehensa,
1024 676 1072 740 ιιι,

32 767 126 840 v'erbi
148 773 262 863 gratia,
279 786 326 842 est
341 796 460 844 nomen
479 775 596 853 Titan,
614 775 701 866 qnod
716 797 836 844 nomeu
853 774 1022 863 antiquum
1036 795 1074 844 ιιι

33 881 161 952 illustre
177 897 243 972 ast,·
258 883 308 954 vel
320 885 519 966 Euaetlmu
533 910 610 956 nam
624 887 688 954 boc
703 909 830 978 quoqne
845 886 915 975 pari
930 908 1076 976 compre·
1206 911 1209 918 ’

32 990 192 1062 henditur
213 1008 380 1094 computo.
396 994 522 1087 aliaque
543 1021 610 1064 nou
624 1017 725 1086 pauet
740 1019 811 1085 quae
825 993 902 1064 boet
918 996 1071 1064 invenire.

34 1103 123 1184 Quia
145 1117 253 1174 tamen
270 1107 337 1197 jam
357 1107 507 1186 diximus.
527 1107 643 1196 prioris
659 1106 770 1174 bestias
785 1104 912 1196 plagam
930 1117 1075 1173 curatam

1 1263 6 1310 p
33 1238 122 1294 eme,
140 1235 178 1284 ac
193 1216 280 1306 loqui
300 1219 472 1309 imaginem
487 1218 614 1294 lesisse,
631 1217 719 1308 quod
732 1228 780 1286 est
793 1218 894 1284 robur
910 1215 956 1296 illi
973 1217 1074 1284 sires-

35 1351 102 1415 que
115 1329 282 1403 tribuisse:
297 1327 465 1419 palamque
477 1329 627 1396 omnibus
638 1340 699 1405 eat,
710 1328 766 1417 qui
776 1328 954 1396 etiamnum
964 1350 1073 1394 rernm

34 1438 207 1526 potiantur
227 1438 356 1506 Latione
375 1461 454 1506 esse.
474 1438 507 1504 Si
527 1439 623 1527 igitur
638 1449 674 1504 ut
691 1437 785 1507 unius
801 1437 939 1506 bominis
955 1459 1073 1506 nomen

35 1546 260 1624 transferatur,
277 1549 417 1616 Latiam
431 1546 598 1616 efficietur.
619 1547 728 1628 Quare
744 1572 804 1618 nec
819 1547 1072 1637 praedicandum,

34 1656 128 1744 quasi
144 1656 208 1724 boo
223 1657 265 1724 sit
282 1655 365 1726 illins
377 1681 517 1734 nomena
532 1657 724 1746 molturam
739 1659 963 1736 nesciendum,
981 1681 1074 1748 posse

4 1805 9 1822 ·
33 1789 113 1834 eum
130 1763 224 1834 aliter
244 1772 426 1858 nuncupari
444 1793 453 1834 τ
469 1771 528 1838 sed
543 1792 619 1838 oum
639 1767 698 1834 Dei
718 1769 908 1855 mysterium
922 1768 956 1834 in
976 1769 1074 1836 corde

6 1921 9 1932 .
35 1876 229 1953 babeamus,
242 1899 318 1946 oum
332 1880 448 1946 timore
457 1877 522 1946 lide
537 1878 691 1946 servanda
706 1901 806 1968 quaea
822 1873 923 1946 beatis
933 1878 1075 1969 Prophe-

37 1987 79 2054 tis
100 1986 252 2075 praedicta
275 2000 362 2064 sunt,
385 1999 420 2056 ut
443 2011 519 2056 oum
541 1984 592 2054 illa
614 1987 705 2062 fient,
729 1987 953 2076 prospiciendo
973 1987 1073 2054 soler-

37 2108 89 2164 ter
103 2119 169 2162 non
183 2090 385 2186 desipiamur
402 2122 410 2162 ι
427 2097 682 2187 ιιιροιιοιιίιιιιιίιι
697 2097 784 2164 enim
801 2109 959 2188 tempora,
976 2099 1073 2169 et'um

34 2204 126 2274 ltttno
138 2207 178 2272 da
188 2229 254 2294 qno
265 2205 339 2274 hac
351 2207 438 2278 dieta
455 2218 542 2283 sunt,
556 2205 813 2274 manifestabunt.

80 2315 133 2384 Ll.
154 2313 220 2384 Sed
234 2316 344 2384 nte-bis
363 2316 517 2384 dmum
538 2317 704 2385 sententiis
719 2316 875 2405 dictisque
890 2315 960 2386 illes
977 2319 1073 2387 indu-

38 2449 150 2496 camus
173 2451 229 2518 qut
219 2427 430 2493 divinorum
446 2425 649 2514 eloquiorum
663 2424 754 2494 cultu
774 2423 987 2504 delectentur,
1003 2428 1072 2498 aliis

5 2537 184 2660 pluribus
198 2537 525 2606 demonstrationibus
540 2536 755 2603 ostendemus.
772 2534 825 2602 tit
836 2535 923 2602 enim
935 2477 1071 2604 Ddbiel:

46 2650 116 2714 aEt
136 2648 188 2716 isti
209 2645 417 2716 salvabuntur
432 2646 472 2713 de
487 2669 586 2714 manu
606 2645 690 2733 ejus,
709 2645 849 2712 Ammon
867 2656 900 2710 et
918 2645 1026 2720 Moab,
1040 2657 1074 2712 ot
1198 2729 1201 2736 ,

1 2732 8 2797 l
35 2759 258 2848 »principium
273 2755 413 2824 filiorum
428 2755 604 2824 Ammou‘.
615 2756 777 2824 ammon
788 2767 820 2822 et
834 2754 927 2822 Moab
943 2754 1000 2822 filii
1010 2753 1073 2822 Lot

1 2822 10 2887 l
37 2893 78 2938 ex
88 2868 213 2936 filiabus
223 2867 401 2960 progeniti²
404 2889 562 2957 ‚quorum
573 2867 750 2934 etiamnum
760 2889 860 2956 genus
871 2879 1064 2955 perseverat.

39 2978 93 3048 dit
105 2979 192 3046 enim
206 2979 302 3046 lsaias
316 3001 325 3044 s
339 3005 352 3040 ι
369 2981 409 3046 llt
423 2977 577 3046 volabunt
595 2979 628 3044 in
645 2977 779 3044 nasibus
794 2975 1044 3066 alienigenarum
1058 3001 1067 3044 t

41 3119 54 3156 s
69 3089 153 3160 male
170 3087 264 3158 simul
280 3089 521 3178 prodebantur,
539 3101 573 3154 et
591 3111 648 3156 eoa
667 3088 723 3178 qui
739 3110 757 3152 a
775 3085 849 3154 solis
865 3099 939 3154 ortu
956 3109 965 3154 ι
988 3087 1069 3156 etin

3 3179 5 3206 '
39 3198 163 3268 abloab
177 3198 320 3288 primum
334 3219 448 3266 manus
462 3198 619 3287 injicient.
637 3196 709 3266 Filii
724 3209 833 3266 autem
849 3198 989 3264 Ammon
1003 3199 1053 3287 pri

40 3338 54 3376 a
66 3311 112 3380 ml
124 3309 278 3379 obediant
288 3307 311 3374 Ι.
327 3336 341 3371 a

83 3419 149 3488 lll.
171 3419 231 3488 llio
256 3418 354 3510 igitur
378 3415 441 3488 illis
469 3417 668 3507 temporibus
692 3440 861 3508 emergens
887 3430 1035 3498 oopurret
1060 3444 1068 3486 :

38 3533 200 3621 triumque
215 3554 375 3600 oornuum
390 3551 430 3598 ex
445 3529 558 3624 ἀιιωιιι
573 3551 688 3619 pugnas
702 3528 770 3596 aoie
791 3529 926 3619 potitus,
941 3527 1067 3619 illisque

40 3643 190 3712 nabitu
204 3640 332 3718 evulsis.
348 3638 489 3731 AEgypto
504 3637 639 3717 scilieet,
654 3638 756 3727 Libya
772 3651 806 3704 et
820 3637 995 3730 AEtbiopia,
1008 3664 1069 3710 aa·

42 3754 138 3844 oeptia
149 3775 264 3822 οωιιιιι
276 3749 385 3843 spoliis
403 3773 443 3820 ao
456 3750 630 3826 manubiis,
645 3747 776 3838 :etquis
791 3750 888 3819 etism
901 3753 1067 3827 cornibus,

43 3891 109 3958 quae
127 3887 187 3934 neu
205 3867 272 3956 ipsa
288 3865 442 3932 immunia
462 3863 598 3930 existant
618 3860 804 3950 oblaesisqne
823 3861 952 3943 linibus,
969 3887 1003 3930 se
1023 3862 1067 3929 illi

75 3997 156 4046 tuan.
171 3995 250 4058 ruli.
264 4023 295 4034 -
307 3994 318 4030 ²
328 3995 394 4047 Gen.
406 4010 459 4056 m,
474 3995 514 4044 ba.
535 3993 578 4034 -⁸
592 3993 699 4062 lsaisn,
715 3994 755 4054 tl.

1 3058 7 3107 l

907 4105 958 4164 ²7·
