2532 4608
403 291 591 338 srnousren
614 293 677 334 cre.
702 291 772 362 vua
1033 267 1101 352 550.

8 439 11 469 t
65 439 127 482 non
150 415 265 484 nevit?
288 416 317 481 la
339 439 415 482 vero
434 439 592 504 exequens
610 426 805 505 praeceptum
826 408 1007 500 Eiang'elii,
1025 410 1102 478 lacit

5 556 10 581 =
65 523 152 590 illum
172 525 256 590 diem
275 525 498 602 Dominicum,
519 548 582 612 quo
601 522 718 592 malam
737 521 891 610 abjecerit
906 519 1002 588 animi
1026 543 1103 586 sen-¹

1 682 2 692 ,
65 633 195 699 tentiam
214 645 245 698 et
262 635 421 721 acceperit
434 657 506 700 eam
521 655 591 720 quae
610 643 713 697 estex
727 630 927 719 cognitione,
943 651 1015 694 eam
1030 650 1103 715 queo

2 773 11 794 v
63 742 164 806 estin
186 742 255 828 ipso
269 741 398 808 Domini
420 739 599 830 glorificans
619 739 894 806 resurrectionem.
916 737 1101 819 Quinetiam

0 897 4 912 ,,
64 871 136 916 cum
162 849 345 916 scientificae
367 848 643 939 contemplationis
666 847 822 937 acceperit
840 844 1104 935 comprehensio-

2 1016 3 1023 ,
64 979 154 1033 nem,
172 978 206 1023 se
217 958 390 1024 Dominum
403 957 511 1024 videre
522 958 699 1033 existimat,
716 958 816 1024 visum
828 979 921 1021 snum
940 954 1104 1024 deducens

1 1052 3 1055 ⁵
64 1067 155 1132 adea
171 1089 241 1155 quae
263 1066 382 1132 eadunt
405 1069 465 1132 suh
485 1078 672 1155 aspectum,
695 1065 753 1133 etsi
772 1065 913 1130 videatur
935 1063 1041 1130 videre
1064 1087 1103 1130 ea

1 1193 15 1255 ,g
63 1197 134 1262 queo
152 1197 219 1240 nen
243 1173 310 1241 vult
331 1175 465 1240 videre:
490 1175 643 1264 castigans
660 1171 1010 1248 videndit'acultatem,
1027 1195 1103 1240 cum

2 1344 5 1355 ,
63 1283 202 1348 senserit
216 1305 250 1348 se
268 1281 428 1372 veluptate
444 1283 529 1350 allici
543 1306 583 1348 ex
600 1281 811 1372 applicatione
828 1282 921 1348 visus.
944 1281 1024 1348 Nam
1038 1280 1104 1350 hoe
1160 1311 1165 1318 ·

6 1440 9 1463 ÷
62 1371 169 1456 solum
183 1389 252 1456 vult
269 1391 376 1458 videre
391 1403 424 1458 et
442 1392 551 1458 audire
565 1392 651 1480 quod
669 1392 711 1458 ad
725 1415 759 1456 se
774 1391 920 1480 pertinet.
939 1391 959 1456 J
961 1415 1012 1456 am
1027 1413 1108 1460 vero

1 1521 17 1586 ,¹
62 1498 197 1565 fratrum
209 1500 326 1568 animus
338 1500 559 1578 considerans,
576 1500 679 1568 carnis
692 1523 819 1589 queque
832 1497 1104 1589 pulchritudinem

1 1631 18 1696 p
62 1605 130 1693 ipsa
147 1607 258 1696 aspicit
273 1608 397 1684 anima,
417 1631 489 1698 ques
507 1607 611 1676 solum
625 1608 659 1675 id
674 1608 761 1697 qued
775 1620 824 1674 est
838 1607 1010 1688 honestum
1024 1631 1104 1674 een«

60 1715 161 1782 suevit
180 1715 295 1782 intueri
315 1717 435 1806 absque
451 1716 615 1806 voluptate
628 1715 758 1784 carnali.
772 1717 899 1783 Fratres
911 1728 1018 1782 autem
1030 1729 1106 1786 sunt

61 1822 117 1908 qui
139 1843 247 1888 revera
263 1845 320 1909 per
336 1822 471 1902 electam
491 1824 705 1899 creationem,
723 1835 757 1890 et
774 1847 902 1890 morum
920 1824 1105 1894 consensio*

8 1989 13 2028 ί
62 1951 160 2004 nem,
178 1933 210 1993 et
233 1952 368 2016 eperum
389 1931 618 2007 substantiam,
642 1931 755 2000 eadem
776 1930 898 1998 laniunt
916 1943 949 1998 et
964 1932 1104 2021 cogitant

0 2110 1 2123 χ
60 2047 96 2100 et
111 2035 287 2124 loquuntur
299 2061 394 2126 opera
411 2050 520 2105 sancta
532 2050 565 2106 et
579 2037 732 2115 honesta,
752 2061 823 2126 quse
837 2040 991 2107 Dominus
1007 2038 1106 2107 voluit

60 2144 164 2232 ipses,
181 2167 257 2212 cum
275 2146 338 2211 sint
352 2145 466 2222 electi,
484 2146 610 2216 sentire.
627 2147 706 2212 Nam
721 2146 801 2222 fides
812 2148 845 2212 in
860 2147 924 2216 hoc
938 2149 1104 2226 consistit,

59 2264 98 2319 ut
113 2253 226 2320 eadem
241 2252 381 2343 eligant:
397 2254 538 2343 cognitio
553 2265 660 2321 autem
672 2255 704 2320 in
723 2279 781 2332 eo,
797 2256 882 2344 quod
897 2259 1009 2332 eadem
1020 2258 1106 2324 didi-

60 2360 165 2434 cerint
176 2374 209 2428 ct
228 2363 389 2431 sentiant:
406 2387 477 2452 spes
495 2376 602 2430 autem
620 2364 653 2430 in
669 2387 728 2440 eo,
746 2365 833 2453 quod
848 2366 961 2438 eadem
976 2367 1103 2438 saciant,

61 2471 161 2550 Quod
175 2472 201 2536 si
217 2483 348 2560 propter
368 2473 439 2538 vitae
459 2473 681 2542 necessitatem
699 2473 733 2540 in
748 2498 781 2539 se
797 2475 968 2542 nutriendo
988 2500 1106 2542 consu-

1 2629 3 2672 ;
60 2591 131 2644 mat
146 2580 291 2670 exiguam
310 2581 461 2669 temporis
475 2580 684 2670 particulam,
702 2581 841 2650 fraudari
853 2607 886 2654 se
899 2581 1007 2654 debito
1020 2585 1104 2650 exis-

1 2686 2 2689 ’
58 2687 171 2764 timet,
193 2689 271 2756 dum
291 2686 439 2754 avellitur
456 2712 515 2778 per
531 2669 707 2778 negotium.
731 2690 814 2758 Hinc
832 2691 868 2758 fit
887 2714 995 2762 revera
1012 2705 1046 2758 ut
1062 2717 1104 2758 ne

58 2797 222 2862 somnium
241 2798 370 2885 quidem
387 2797 509 2873 videat,
528 2798 616 2886 quod
630 2821 694 2864 non
708 2797 810 2872 electo
825 2801 1004 2871 conveniat.
1022 2803 1104 2870 Nam

59 2915 148 2970 totus
170 2928 277 2976 revera
298 2906 326 2970 is
343 2917 389 2972 est
404 2905 543 2995 hospes,
559 2918 593 2971 et
610 2908 795 2996 peregrinus
814 2909 848 2974 in
869 2921 936 2976 tota
949 2910 1032 2987 vita,
1049 2913 1103 3000 qui

60 3012 95 3086 in
117 3011 246 3078 civitate
257 3011 424 3090 habitans,
445 3016 621 3081 contemnit
636 3041 674 3084 ea
689 3039 760 3105 qum
779 3017 812 3082 in
831 3017 958 3084 civitate
978 3031 1102 3086 suntet

60 3143 135 3208 quae
158 3118 211 3186 alii
235 3120 410 3196 mirantur,
430 3122 568 3211 vivitque
589 3123 623 3190 in
645 3124 771 3192 civitate
791 3136 827 3190 ut
848 3124 1042 3204 solitudine,
1066 3141 1102 3195 ut

59 3252 128 3296 nen
146 3227 237 3295 locus
252 3250 327 3294 eum
344 3241 456 3318 cogat,
472 3230 528 3303 scd
538 3231 662 3298 vivendi
676 3233 857 3300 institutum
874 3235 1020 3304 ostendat
1034 3260 1103 3304 esse

57 3338 195 3428 justum.
209 3337 400 3426 Hujusmodi
417 3339 586 3404 Gnostieus
600 3389 609 3416 ,
622 3352 657 3406 ut
668 3343 851 3409 summatim
866 3343 971 3415 dicatu
981 3393 990 3420 ‚
1002 3344 1101 3435 Apos-

58 3446 192 3514 tolicam
203 3459 391 3536 compensat
405 3447 600 3524 absentiam,
620 3461 706 3516 reete
721 3451 846 3528 vivens,
861 3464 1009 3524 accurate
1020 3477 1099 3543 eog-

58 3579 218 3631 noscens,
242 3575 315 3622 sues
336 3556 448 3644 juvans
468 3557 680 3633 necessarios,
700 3571 824 3630 mentes
846 3561 1096 3648 propinquorum

58 3676 307 3746 transmovens,
333 3675 368 3730 et
391 3663 617 3753 inaequalitates
642 3665 783 3754 ipserum
802 3668 915 3734 animae
933 3670 1093 3758 abjiciens.

59 3773 254 3860 Quanquam
268 3772 482 3860 unusquisque
495 3785 640 3840 nostrum
655 3775 793 3841 saevitis
811 3789 858 3842 est
876 3789 908 3842 et
923 3781 1093 3867 operarius.

58 3879 151 3948 Idem
173 3881 269 3946 etiam
285 3905 356 3972 quae
376 3893 449 3946 strnt
468 3884 588 3972 optima
612 3905 707 3972 agens
724 3882 791 3949 vult
812 3883 910 3952 latere
931 3887 1095 3962 homines,
