2522 4608
139 244 202 310 516
449 267 621 312 cmuarrrs
645 269 855 316 aunxanunnu

137 404 213 471 ergo
223 393 331 458 restat,
344 405 384 448 ne
400 383 544 450 habitum
556 387 737 476 quempiam
752 409 816 476 prae
834 383 1076 455 nobis'ridioule
1090 387 1177 455 lers-

99 553 105 565 ,
137 516 208 560 mus
221 517 230 558 ι
249 495 517 582 quemadmodum
533 497 566 564 in
581 499 705 586 pompis
727 498 874 565 ridentur
888 497 1033 566 nonnulli
1047 500 1177 567 extrin-

137 627 228 670 secus
242 604 285 670 ita
301 605 389 672 uncti
403 619 436 672 ct
456 606 546 673 obliti
563 607 603 674 ad
618 609 816 697 gravitatem,
832 620 868 675 ut
883 622 1047 699 stuporem
1062 624 1096 677 et
1113 611 1177 676 ad-

136 714 336 781 mirationem
354 716 521 794 incutiant,
540 717 624 783 intus
639 729 747 783 autem
762 730 835 784 sunt
850 717 943 808 plane
957 719 1076 786 miseri.
1101 721 1178 788 Hoc

118 855 121 860 ·
135 824 241 912 itaque
255 822 415 914 explicans
430 825 622 904 accuratius,
634 827 800 917 subjunxit
816 851 825 892 ε
848 826 1046 918 «Reliquum
1060 841 1128 906 est,
1141 841 1180 894 ut

128 961 149 998 s
163 944 196 1001 et
209 935 264 1023 qui
277 935 397 1002 habent
416 959 530 1004 uxores
545 936 608 1002 sint
630 947 782 1025 tanquam
796 959 862 1004 non
876 937 1044 1013 hebentes,
1060 949 1097 1003 et
1114 937 1185 1026 qui

135 1053 286 1118 semum,
304 1054 457 1132 tanqunm
471 1066 536 1109 non
556 1044 751 1132 possidentes
772 1042 794 1108 ¹.
809 1055 827 1107 ἰ
843 1043 940 1124 Quod
958 1045 984 1112 si
999 1044 1071 1110 haec
1091 1043 1180 1110 dixit
1259 1115 1260 1118 ,

134 1152 174 1218 de
186 1152 349 1242 conjugio,
361 1154 475 1242 dequo
490 1153 568 1219 dixit
578 1153 676 1231 Deus,
688 1153 723 1222 Μ
726 1153 959 1244 uttiplioemini
966 1151 993 1230 ²,
1004 1154 1180 1242 quomodo

134 1264 252 1353 putatis
273 1262 472 1348 insolentiam
494 1284 560 1329 non
573 1285 643 1328 esse
656 1285 696 1330 ex
710 1263 898 1329 auctoritate
912 1262 1041 1354 Domini
1061 1275 1180 1330 exter-
1260 1276 1261 1279 ’

134 1371 340 1440 ιιιίιιιιιιιὶιιιιιῑ1
357 1372 515 1453 Quocirca
531 1371 607 1438 dicit
622 1371 719 1438 etism
735 1371 890 1438 Dominus
909 1393 918 1435 z
935 1371 1077 1440 «Vende
1101 1397 1179 1461 quae

133 1483 272 1561 »haben
287 1497 319 1550 et
331 1484 371 1550 da
386 1484 590 1573 pauperibus,
609 1495 642 1548 et
656 1482 723 1550 huc
737 1505 791 1549 me
809 1505 941 1572 sequere
954 1483 976 1548 ⁸.
988 1511 1008 1546 ι
1025 1483 1177 1572 Sequere

133 1595 238 1662 Deum
252 1594 357 1660 nudus
372 1596 411 1660 sb
427 1593 741 1683 arrogantia‚·nudus
763 1617 782 1660 a
797 1617 912 1684 pompa
927 1605 1174 1674 momentanee,

134 1703 221 1793 quod
235 1714 327 1770 tuum
345 1716 405 1778 est,
421 1701 508 1792 quod
523 1705 646 1769 bonum
660 1713 722 1780 est,
733 1703 820 1791 quod
835 1704 950 1770 suferri
965 1728 1031 1771 non
1047 1714 1173 1796 potest’,

133 1815 167 1882 iu
181 1814 285 1881 Deum
299 1813 409 1889 fidem,
421 1813 455 1878 in
470 1835 598 1904 pessum
610 1813 855 1890 confessionem,
866 1814 1124 1896 ¹beneficentiam
1138 1819 1169 1883 in

133 1924 278 1999 homines
299 1924 463 2014 possidens
487 1948 495 1990 ι
521 1947 592 2014 quae
612 1924 741 2012 quidem
763 1937 811 1990 est
829 1927 983 2016 possessio
1002 1927 1173 2016 pretiosis-

133 2038 221 2103 sima.
236 2037 304 2126 Ego
314 2048 423 2103 autem
434 2035 529 2103 laudo
540 2036 637 2102 etiam
648 2033 825 2114 Plutonem,
834 2037 889 2127 qui
900 2035 969 2126 lege
980 2036 1044 2103 lata
1057 2051 1175 2128 aperte

134 2146 289 2224 decernit,
304 2148 391 2237 quod
413 2171 516 2237 neque
532 2157 568 2214 ut
582 2170 659 2242 opes
673 2170 785 2214 aureas
799 2160 832 2214 et
847 2160 1010 2238 argenteas
1034 2149 1174 2228 habeas,

133 2256 279 2324 laborare
290 2270 428 2349 oportet,
443 2281 548 2347 neque
565 2245 617 2324 vas
632 2256 756 2336 inutile,
772 2259 859 2347 quod
872 2283 937 2325 non
948 2283 1024 2326 cum
1036 2285 1102 2327 usu
1115 2286 1175 2329 nc-

132 2369 269 2435 cessario
281 2368 615 2458 moderatumquoque
627 2368 679 2444 sit,
691 2379 725 2433 ut
732 2369 773 2435 sit
779 2367 865 2434 idem
877 2367 918 2435 ad
929 2367 1030 2435 mults
1043 2393 1174 2437 accom-

134 2478 320 2544 modatum:
336 2476 501 2567 multiplex
511 2489 619 2544 autem
630 2488 664 2543 ct
674 2478 758 2544 varia
774 2478 928 2567 possessio
939 2477 1082 2545 tollatur.
1100 2479 1175 2546 Pul-

132 2588 289 2654 cherrime
303 2589 409 2676 itaque
425 2587 541 2656 alieubi
557 2590 634 2656 dicit
650 2589 754 2656 divina
774 2589 950 2678 Scriptura,
973 2590 1014 2656 ad
1036 2614 1094 2656 ecs
1118 2595 1174 2681 qui

132 2709 205 2763 sunt
220 2699 266 2763 sui
282 2689 423 2764 amantes
439 2710 473 2764 et
489 2711 671 2788 arrogantes
691 2698 786 2763 verba
802 2698 938 2788 dirigens
956 2722 964 2762 :
989 2699 1076 2766 «Ubi
1096 2715 1175 2768 suut

130 2835 144 2870 ι
160 2805 214 2896 qui
230 2809 377 2897 gentibus
397 2809 612 2899 imperabant,
628 2818 661 2874 et
676 2807 993 2896 quidominuhsntur
1007 2810 1084 2877 feris
1100 2835 1174 2900 quae

131 2945 145 2982 ι
161 2929 236 2984 sunt
250 2918 497 3008 superterram?
511 2918 566 3006 qui
582 2919 615 2984 in
629 2917 701 2986 coeli
718 2919 827 2986 avium
844 2917 1034 2996 illudebant,
1052 2921 1113 3008 qui
1125 2945 1175 2988 ar-

131 3055 145 3091 ι
160 3029 248 3118 genti
263 3040 295 3096 et
309 3029 379 3094 suri
397 3027 561 3096 thesauros
576 3027 825 3119 congregabant,
838 3028 872 3094 in
886 3029 1002 3119 quihus
1019 3029 1174 3099 homines

63 3139 66 3145 '
131 3134 323 3206 »habebant
337 3135 501 3216 fiduciam,
517 3150 550 3204 et
568 3160 633 3204 non
648 3149 696 3204 est
710 3136 783 3204 finis
799 3138 1015 3227 acquisitionis
1030 3143 1174 3208 eorum?

129 3245 213 3332 »qui
230 3266 343 3311 aurum
357 3256 390 3311 et
402 3255 570 3335 argentum
587 3243 838 3322 fabricabantur,
858 3255 1000 3313 sterent
1018 3247 1175 3316 solliciti?

129 3381 144 3417 ι
162 3353 232 3422 Νοιι
243 3366 291 3420 est
301 3355 441 3422 inventio
452 3377 587 3446 operum
600 3377 713 3421 eorum
724 3377 733 3418 ι
745 3369 955 3435 evanuerrmt,
974 3369 1008 3424 et
1027 3359 1068 3425 ad
1085 3359 1176 3427 inie-

129 3489 143 3525 ι
159 3485 211 3529 ros
223 3463 455 3531 descenderunt
463 3462 510 3529 ἰ»
528 3465 663 3531 Haecest
674 3486 796 3531 merces
808 3465 983 3556 arrogantis
995 3469 1169 3556 superbiae.

131 3570 165 3638 si
180 3572 271 3640 nobis
286 3575 372 3643 enim
387 3597 499 3665 agrum
511 3572 690 3644 colentibus
706 3572 812 3663 ligone
822 3587 855 3640 et
869 3587 976 3642 aratro
991 3601 1071 3667 opus
1081 3590 1134 3643 est
1144 3577 1170 3656 ⁶,

162 3762 171 3796 ¹
186 3762 317 3830 scor-vn,
327 3783 367 3834 29,
380 3766 480 3818 50.--π
490 3768 554 3820 Gen.
566 3787 585 3831 1,
598 3765 692 3817 ι8.-ὃ
702 3767 792 3818 itaut.
802 3784 854 3830 xix,
866 3784 903 3818 ιι.
914 3767 995 3819 Marc.
1007 3786 1032 3830 x,
1043 3785 1082 3820 ιι.
1092 3769 1167 3820 Luc.

131 3854 202 3890 assu,
218 3855 256 3890 ιι.
269 3869 300 3880 -
312 3841 322 3877 ⁶
334 3841 439 3893 Baruch.
458 3861 497 3902 ur,
513 3843 552 3907 1⁶,
565 3861 603 3910 17,
615 3843 655 3908 18,
667 3860 706 3910 ¹9·

161 3911 171 3943 ⁵
183 3909 247 3963 Vide
258 3913 291 3966 D.
299 3913 410 3978 Guillcn,
423 3933 449 3982 p.
460 3917 517 3976 tae.
