<?xml version="1.0" encoding="UTF-8"?>
<!DOCTYPE html PUBLIC "-//W3C//DTD XHTML 1.0 Transitional//EN"
    "http://www.w3.org/TR/xhtml1/DTD/xhtml1-transitional.dtd">
<html xmlns="http://www.w3.org/1999/xhtml" xml:lang="en" lang="en">
 <head>
  <title>
</title>
<meta http-equiv="Content-Type" content="text/html;charset=utf-8" />
  <meta name='ocr-system' content='tesseract 3.04.00' />
  <meta name='ocr-capabilities' content='ocr_page ocr_carea ocr_par ocr_line ocrx_word'/>
</head>
<body>
  <div class='ocr_page' id='page_1' title='image "./collectioselect00guilgoog_0774.png"; bbox 0 0 2478 4594; ppageno 0'>
   <div class='ocr_carea' id='block_1_1' title="bbox 181 275 907 362">
    <p class='ocr_par' dir='ltr' id='par_1_1' title="bbox 181 275 907 362">
     <span class='ocr_line' id='line_1_1' title="bbox 181 275 907 362; baseline 0.001 -24"><span class='ocrx_word' id='word_1_1' title='bbox 181 275 245 362; x_wconf 74' lang='lat'><strong>276</strong></span> <span class='ocrx_word' id='word_1_2' title='bbox 492 295 667 340; x_wconf 75' lang='lat' dir='ltr'><strong>canamus</strong></span> <span class='ocrx_word' id='word_1_3' title='bbox 693 295 907 341; x_wconf 67' lang='lat' dir='ltr'><strong>instaurarat</strong></span> 
     </span>
    </p>
   </div>
   <div class='ocr_carea' id='block_1_2' title="bbox 176 403 1201 507">
    <p class='ocr_par' dir='ltr' id='par_1_2' title="bbox 176 403 1201 507">
     <span class='ocr_line' id='line_1_2' title="bbox 176 403 1201 507; baseline -0.002 -22"><span class='ocrx_word' id='word_1_4' title='bbox 176 417 276 485; x_wconf 86' lang='lat' dir='ltr'><strong>houdi</strong></span> <span class='ocrx_word' id='word_1_5' title='bbox 304 403 473 507; x_wconf 83' lang='lat' dir='ltr'><strong>nequeant.</strong></span> <span class='ocrx_word' id='word_1_6' title='bbox 500 417 671 484; x_wconf 82' lang='lat' dir='ltr'><strong>Gnosticus</strong></span> <span class='ocrx_word' id='word_1_7' title='bbox 686 431 796 483; x_wconf 89' lang='lat' dir='ltr'><strong>autem</strong></span> <span class='ocrx_word' id='word_1_8' title='bbox 812 416 882 494; x_wconf 81' lang='lat' dir='ltr'><strong>iile,</strong></span> <span class='ocrx_word' id='word_1_9' title='bbox 900 418 940 483; x_wconf 90' lang='lat' dir='ltr'><strong>de</strong></span> <span class='ocrx_word' id='word_1_10' title='bbox 958 441 1026 506; x_wconf 81' lang='lat' dir='ltr'><strong>quo</strong></span> <span class='ocrx_word' id='word_1_11' title='bbox 1037 417 1163 506; x_wconf 85' lang='lat' dir='ltr'><strong>loquor,</strong></span> <span class='ocrx_word' id='word_1_12' title='bbox 1174 443 1201 484; x_wconf 84' lang='lat' dir='ltr'><strong>ea</strong></span> 
     </span>
    </p>
   </div>
   <div class='ocr_carea' id='block_1_3' title="bbox 133 525 1199 3761">
    <p class='ocr_par' dir='ltr' id='par_1_3' title="bbox 168 525 1199 1702">
     <span class='ocr_line' id='line_1_3' title="bbox 179 525 1198 616; baseline 0.001 -23"><span class='ocrx_word' id='word_1_13' title='bbox 179 527 506 616; x_wconf 77' lang='lat' dir='ltr'><strong>comprehenditque</strong></span> <span class='ocrx_word' id='word_1_14' title='bbox 521 527 669 592; x_wconf 83' lang='lat' dir='ltr'><strong>videntur</strong></span> <span class='ocrx_word' id='word_1_15' title='bbox 687 525 756 592; x_wconf 88' lang='lat' dir='ltr'><strong>aliis</strong></span> <span class='ocrx_word' id='word_1_16' title='bbox 770 530 836 592; x_wconf 84' lang='lat' dir='ltr'><strong>non</strong></span> <span class='ocrx_word' id='word_1_17' title='bbox 851 549 947 614; x_wconf 86' lang='lat' dir='ltr'><strong>posse</strong></span> <span class='ocrx_word' id='word_1_18' title='bbox 971 528 1198 616; x_wconf 82' lang='lat' dir='ltr'><strong>comprehendi,</strong></span> 
     </span>
     <span class='ocr_line' id='line_1_4' title="bbox 179 632 1198 724; baseline 0.002 -24"><span class='ocrx_word' id='word_1_19' title='bbox 179 648 216 701; x_wconf 92' lang='lat' dir='ltr'><strong>ut</strong></span> <span class='ocrx_word' id='word_1_20' title='bbox 226 635 279 724; x_wconf 87' lang='lat' dir='ltr'><strong>qui</strong></span> <span class='ocrx_word' id='word_1_21' title='bbox 298 635 408 701; x_wconf 89' lang='lat' dir='ltr'><strong>credat</strong></span> <span class='ocrx_word' id='word_1_22' title='bbox 418 635 476 700; x_wconf 90' lang='lat' dir='ltr'><strong>Dei</strong></span> <span class='ocrx_word' id='word_1_23' title='bbox 496 632 562 699; x_wconf 88' lang='lat' dir='ltr'><strong>filio</strong></span> <span class='ocrx_word' id='word_1_24' title='bbox 576 632 655 700; x_wconf 81' lang='lat' dir='ltr'><strong>nihil</strong></span> <span class='ocrx_word' id='word_1_25' title='bbox 678 658 748 700; x_wconf 87' lang='lat' dir='ltr'><strong>esse</strong></span> <span class='ocrx_word' id='word_1_26' title='bbox 771 635 1124 722; x_wconf 78' lang='lat' dir='ltr'><strong>incomprehensibile,</strong></span> <span class='ocrx_word' id='word_1_27' title='bbox 1138 637 1198 702; x_wconf 77' lang='lat' dir='ltr'><strong>undo</strong></span> 
     </span>
     <span class='ocr_line' id='line_1_5' title="bbox 177 741 1199 833; baseline -0.001 -23"><span class='ocrx_word' id='word_1_28' title='bbox 177 767 238 810; x_wconf 89' lang='lat' dir='ltr'><strong>nec</strong></span> <span class='ocrx_word' id='word_1_29' title='bbox 252 767 319 809; x_wconf 88' lang='lat' dir='ltr'><strong>esse</strong></span> <span class='ocrx_word' id='word_1_30' title='bbox 334 741 492 831; x_wconf 85' lang='lat' dir='ltr'><strong>ejusmodi</strong></span> <span class='ocrx_word' id='word_1_31' title='bbox 509 754 544 806; x_wconf 87' lang='lat' dir='ltr'><strong>ut</strong></span> <span class='ocrx_word' id='word_1_32' title='bbox 558 741 665 807; x_wconf 86' lang='lat' dir='ltr'><strong>doceri</strong></span> <span class='ocrx_word' id='word_1_33' title='bbox 683 766 749 809; x_wconf 93' lang='lat' dir='ltr'><strong>non</strong></span> <span class='ocrx_word' id='word_1_34' title='bbox 765 744 876 832; x_wconf 84' lang='lat' dir='ltr'><strong>possit.</strong></span> <span class='ocrx_word' id='word_1_35' title='bbox 898 743 967 824; x_wconf 84' lang='lat' dir='ltr'><strong>Qui</strong></span> <span class='ocrx_word' id='word_1_36' title='bbox 985 744 1078 809; x_wconf 90' lang='lat' dir='ltr'><strong>enim</strong></span> <span class='ocrx_word' id='word_1_37' title='bbox 1099 759 1199 833; x_wconf 81' lang='lat' dir='ltr'><strong>proptu</strong></span> 
     </span>
     <span class='ocr_line' id='line_1_6' title="bbox 176 850 1198 941; baseline -0.001 -21"><span class='ocrx_word' id='word_1_38' title='bbox 176 853 310 920; x_wconf 78' lang='lat' dir='ltr'><strong>suumin</strong></span> <span class='ocrx_word' id='word_1_39' title='bbox 324 874 383 917; x_wconf 86' lang='lat' dir='ltr'><strong>nos</strong></span> <span class='ocrx_word' id='word_1_40' title='bbox 399 850 586 916; x_wconf 77' lang='lat' dir='ltr'><strong>charitatem</strong></span> <span class='ocrx_word' id='word_1_41' title='bbox 601 873 711 940; x_wconf 86' lang='lat' dir='ltr'><strong>passus</strong></span> <span class='ocrx_word' id='word_1_42' title='bbox 722 863 790 928; x_wconf 90' lang='lat' dir='ltr'><strong>est,</strong></span> <span class='ocrx_word' id='word_1_43' title='bbox 808 874 883 916; x_wconf 93' lang='lat' dir='ltr'><strong>eum</strong></span> <span class='ocrx_word' id='word_1_44' title='bbox 903 851 991 918; x_wconf 74' lang='lat' dir='ltr'><strong>mbil</strong></span> <span class='ocrx_word' id='word_1_45' title='bbox 1018 853 1108 941; x_wconf 88' lang='lat' dir='ltr'><strong>quod</strong></span> <span class='ocrx_word' id='word_1_46' title='bbox 1133 853 1198 919; x_wconf 63' lang='lat' dir='ltr'><strong>ece</strong></span> 
     </span>
     <span class='ocr_line' id='line_1_7' title="bbox 175 958 1199 1051; baseline 0.001 -24"><span class='ocrx_word' id='word_1_47' title='bbox 175 962 216 1028; x_wconf 92' lang='lat' dir='ltr'><strong>ad</strong></span> <span class='ocrx_word' id='word_1_48' title='bbox 233 961 410 1026; x_wconf 85' lang='lat' dir='ltr'><strong>doctrinam</strong></span> <span class='ocrx_word' id='word_1_49' title='bbox 426 958 613 1048; x_wconf 78' lang='lat' dir='ltr'><strong>cognitionis</strong></span> <span class='ocrx_word' id='word_1_50' title='bbox 632 960 821 1026; x_wconf 83' lang='lat' dir='ltr'><strong>subduxisse</strong></span> <span class='ocrx_word' id='word_1_51' title='bbox 836 983 972 1047; x_wconf 55' lang='lat' dir='ltr'><strong>mutan</strong></span> <span class='ocrx_word' id='word_1_52' title='bbox 994 972 1057 1026; x_wconf 84' lang='lat' dir='ltr'><strong>est.</strong></span> <span class='ocrx_word' id='word_1_53' title='bbox 1081 963 1131 1028; x_wconf 68' lang='lat' dir='ltr'><strong>lta</strong></span> <span class='ocrx_word' id='word_1_54' title='bbox 1147 985 1199 1051; x_wconf 70' lang='lat' dir='ltr'><strong>ergo</strong></span> 
     </span>
     <span class='ocr_line' id='line_1_8' title="bbox 171 1066 1195 1160; baseline 0.003 -25"><span class='ocrx_word' id='word_1_55' title='bbox 171 1071 239 1160; x_wconf 89' lang='lat' dir='ltr'><strong>ipsa</strong></span> <span class='ocrx_word' id='word_1_56' title='bbox 255 1068 385 1144; x_wconf 86' lang='lat' dir='ltr'><strong>fidcs¹,</strong></span> <span class='ocrx_word' id='word_1_57' title='bbox 413 1067 505 1134; x_wconf 83' lang='lat' dir='ltr'><strong>firma</strong></span> <span class='ocrx_word' id='word_1_58' title='bbox 528 1077 561 1132; x_wconf 84' lang='lat' dir='ltr'><strong>et</strong></span> <span class='ocrx_word' id='word_1_59' title='bbox 583 1066 702 1133; x_wconf 83' lang='lat' dir='ltr'><strong>stabilis</strong></span> <span class='ocrx_word' id='word_1_60' title='bbox 721 1068 989 1145; x_wconf 79' lang='lat' dir='ltr'><strong>demonstratio,</strong></span> <span class='ocrx_word' id='word_1_61' title='bbox 1014 1071 1156 1158; x_wconf 77' lang='lat' dir='ltr'><strong>quomam</strong></span> <span class='ocrx_word' id='word_1_62' title='bbox 1171 1095 1195 1138; x_wconf 81' lang='lat' dir='ltr'><strong>ea</strong></span> 
     </span>
     <span class='ocr_line' id='line_1_9' title="bbox 171 1175 1194 1268; baseline 0.002 -24"><span class='ocrx_word' id='word_1_63' title='bbox 171 1203 241 1268; x_wconf 79' lang='lat' dir='ltr'><strong>quae</strong></span> <span class='ocrx_word' id='word_1_64' title='bbox 257 1178 355 1245; x_wconf 88' lang='lat' dir='ltr'><strong>aDeo</strong></span> <span class='ocrx_word' id='word_1_65' title='bbox 366 1187 439 1242; x_wconf 86' lang='lat' dir='ltr'><strong>sunt</strong></span> <span class='ocrx_word' id='word_1_66' title='bbox 450 1175 565 1242; x_wconf 86' lang='lat' dir='ltr'><strong>tradita</strong></span> <span class='ocrx_word' id='word_1_67' title='bbox 575 1225 584 1250; x_wconf 94' lang='lat'><strong>,</strong></span> <span class='ocrx_word' id='word_1_68' title='bbox 594 1177 736 1264; x_wconf 69' lang='lat' dir='ltr'><strong>sequitur</strong></span> <span class='ocrx_word' id='word_1_69' title='bbox 749 1177 876 1242; x_wconf 83' lang='lat' dir='ltr'><strong>vetitas.</strong></span> <span class='ocrx_word' id='word_1_70' title='bbox 895 1177 1040 1257; x_wconf 83' lang='lat' dir='ltr'><strong>Quodsi</strong></span> <span class='ocrx_word' id='word_1_71' title='bbox 1049 1181 1117 1265; x_wconf 85' lang='lat' dir='ltr'><strong>quis</strong></span> <span class='ocrx_word' id='word_1_72' title='bbox 1127 1181 1194 1246; x_wconf 78' lang='lat' dir='ltr'><strong>etin</strong></span> 
     </span>
     <span class='ocr_line' id='line_1_10' title="bbox 171 1284 1192 1376; baseline -0.001 -22"><span class='ocrx_word' id='word_1_73' title='bbox 171 1287 329 1354; x_wconf 85' lang='lat' dir='ltr'><strong>desiderat</strong></span> <span class='ocrx_word' id='word_1_74' title='bbox 350 1284 524 1352; x_wconf 88' lang='lat' dir='ltr'><strong>multarum</strong></span> <span class='ocrx_word' id='word_1_75' title='bbox 544 1296 653 1349; x_wconf 70' lang='lat' dir='ltr'><strong>rerum</strong></span> <span class='ocrx_word' id='word_1_76' title='bbox 670 1285 1055 1372; x_wconf 78' lang='lat' dir='ltr'><strong>experientiam,‹norit</strong></span> <span class='ocrx_word' id='word_1_77' title='bbox 1078 1290 1192 1376; x_wconf 78' lang='lat' dir='ltr'><strong>antiqu,</strong></span> 
     </span>
     <span class='ocr_line' id='line_1_11' title="bbox 171 1391 1190 1483; baseline 0.003 -25"><span class='ocrx_word' id='word_1_78' title='bbox 171 1408 224 1461; x_wconf 71' lang='lat' dir='ltr'><strong>set</strong></span> <span class='ocrx_word' id='word_1_79' title='bbox 236 1397 398 1483; x_wconf 85' lang='lat' dir='ltr'><strong>conjectat</strong></span> <span class='ocrx_word' id='word_1_80' title='bbox 408 1393 514 1459; x_wconf 80' lang='lat' dir='ltr'><strong>sutura</strong></span> <span class='ocrx_word' id='word_1_81' title='bbox 525 1442 534 1469; x_wconf 85' lang='lat'><strong>,</strong></span> <span class='ocrx_word' id='word_1_82' title='bbox 547 1393 606 1458; x_wconf 87' lang='lat' dir='ltr'><strong>scit</strong></span> <span class='ocrx_word' id='word_1_83' title='bbox 618 1391 764 1482; x_wconf 87' lang='lat' dir='ltr'><strong>strophas</strong></span> <span class='ocrx_word' id='word_1_84' title='bbox 775 1393 971 1459; x_wconf 86' lang='lat' dir='ltr'><strong>orationum</strong></span> <span class='ocrx_word' id='word_1_85' title='bbox 983 1444 993 1470; x_wconf 89' lang='lat'><strong>,</strong></span> <span class='ocrx_word' id='word_1_86' title='bbox 1006 1407 1044 1460; x_wconf 89' lang='lat' dir='ltr'><strong>et</strong></span> <span class='ocrx_word' id='word_1_87' title='bbox 1054 1395 1190 1461; x_wconf 74' lang='lat' dir='ltr'><strong>solutione</strong></span> 
     </span>
     <span class='ocr_line' id='line_1_12' title="bbox 168 1500 1189 1593; baseline 0.006 -26"><span class='ocrx_word' id='word_1_88' title='bbox 168 1505 405 1593; x_wconf 76' lang='lat' dir='ltr'><strong>aenigmatum.</strong></span> <span class='ocrx_word' id='word_1_89' title='bbox 420 1502 549 1569; x_wconf 74' lang='lat' dir='ltr'><strong>Praeseit</strong></span> <span class='ocrx_word' id='word_1_90' title='bbox 561 1500 648 1590; x_wconf 78' lang='lat' dir='ltr'><strong>signa</strong></span> <span class='ocrx_word' id='word_1_91' title='bbox 659 1511 692 1565; x_wconf 86' lang='lat' dir='ltr'><strong>et</strong></span> <span class='ocrx_word' id='word_1_92' title='bbox 702 1501 864 1590; x_wconf 78' lang='lat' dir='ltr'><strong>prodigia,</strong></span> <span class='ocrx_word' id='word_1_93' title='bbox 875 1514 912 1566; x_wconf 89' lang='lat' dir='ltr'><strong>et</strong></span> <span class='ocrx_word' id='word_1_94' title='bbox 923 1514 1189 1592; x_wconf 68' lang='lat' dir='ltr'><strong>temporaneam</strong></span> 
     </span>
     <span class='ocr_line' id='line_1_13' title="bbox 169 1610 676 1702; baseline -0.004 -24"><span class='ocrx_word' id='word_1_95' title='bbox 169 1613 300 1692; x_wconf 76' lang='lat' dir='ltr'><strong>»tus²,»</strong></span> <span class='ocrx_word' id='word_1_96' title='bbox 320 1610 493 1702; x_wconf 84' lang='lat' dir='ltr'><strong>discipulus</strong></span> <span class='ocrx_word' id='word_1_97' title='bbox 508 1610 676 1702; x_wconf 70' lang='lat' dir='ltr'><strong>sapientie.</strong></span> 
     </span>
    </p>

    <p class='ocr_par' dir='ltr' id='par_1_4' title="bbox 133 1719 1182 3761">
     <span class='ocr_line' id='line_1_14' title="bbox 212 1719 1179 1796; baseline 0 -7"><span class='ocrx_word' id='word_1_98' title='bbox 212 1721 296 1789; x_wconf 89' lang='lat' dir='ltr'><strong>Talis</strong></span> <span class='ocrx_word' id='word_1_99' title='bbox 308 1721 393 1788; x_wconf 89' lang='lat' dir='ltr'><strong>enim</strong></span> <span class='ocrx_word' id='word_1_100' title='bbox 405 1731 452 1785; x_wconf 86' lang='lat' dir='ltr'><strong>est</strong></span> <span class='ocrx_word' id='word_1_101' title='bbox 468 1719 654 1796; x_wconf 87' lang='lat' dir='ltr'><strong>Gnosticus,</strong></span> <span class='ocrx_word' id='word_1_102' title='bbox 671 1731 707 1784; x_wconf 91' lang='lat' dir='ltr'><strong>ut</strong></span> <span class='ocrx_word' id='word_1_103' title='bbox 721 1719 754 1784; x_wconf 91' lang='lat' dir='ltr'><strong>in</strong></span> <span class='ocrx_word' id='word_1_104' title='bbox 769 1742 845 1787; x_wconf 91' lang='lat' dir='ltr'><strong>eum</strong></span> <span class='ocrx_word' id='word_1_105' title='bbox 864 1744 915 1786; x_wconf 71' lang='lat' dir='ltr'><strong>ete</strong></span> <span class='ocrx_word' id='word_1_106' title='bbox 935 1721 1020 1790; x_wconf 81' lang='lat' dir='ltr'><strong>solae</strong></span> <span class='ocrx_word' id='word_1_107' title='bbox 1040 1724 1132 1791; x_wconf 82' lang='lat' dir='ltr'><strong>cadant</strong></span> <span class='ocrx_word' id='word_1_108' title='bbox 1142 1723 1179 1789; x_wconf 77' lang='lat' dir='ltr'><strong>ai-</strong></span> 
     </span>
     <span class='ocr_line' id='line_1_15' title="bbox 167 1827 1180 1918; baseline 0 -20"><span class='ocrx_word' id='word_1_109' title='bbox 167 1832 318 1900; x_wconf 82' lang='lat' dir='ltr'><strong>iectiones</strong></span> <span class='ocrx_word' id='word_1_110' title='bbox 329 1853 400 1918; x_wconf 82' lang='lat' dir='ltr'><strong>quae</strong></span> <span class='ocrx_word' id='word_1_111' title='bbox 415 1840 490 1894; x_wconf 87' lang='lat' dir='ltr'><strong>sunt</strong></span> <span class='ocrx_word' id='word_1_112' title='bbox 506 1827 546 1894; x_wconf 92' lang='lat' dir='ltr'><strong>ad</strong></span> <span class='ocrx_word' id='word_1_113' title='bbox 558 1828 830 1895; x_wconf 83' lang='lat' dir='ltr'><strong>conservationem</strong></span> <span class='ocrx_word' id='word_1_114' title='bbox 845 1831 1002 1918; x_wconf 87' lang='lat' dir='ltr'><strong>corporis</strong></span> <span class='ocrx_word' id='word_1_115' title='bbox 1016 1833 1180 1904; x_wconf 76' lang='lat' dir='ltr'><strong>necessarie,</strong></span> 
     </span>
     <span class='ocr_line' id='line_1_16' title="bbox 166 1935 1182 2030; baseline -0.003 -22"><span class='ocrx_word' id='word_1_116' title='bbox 166 1963 281 2030; x_wconf 85' lang='lat' dir='ltr'><strong>nempe</strong></span> <span class='ocrx_word' id='word_1_117' title='bbox 302 1939 420 2014; x_wconf 86' lang='lat' dir='ltr'><strong>sames,</strong></span> <span class='ocrx_word' id='word_1_118' title='bbox 443 1935 529 2013; x_wconf 78' lang='lat' dir='ltr'><strong>n&#39;tis,</strong></span> <span class='ocrx_word' id='word_1_119' title='bbox 553 1947 586 2001; x_wconf 88' lang='lat' dir='ltr'><strong>et</strong></span> <span class='ocrx_word' id='word_1_120' title='bbox 607 1935 729 2002; x_wconf 85' lang='lat' dir='ltr'><strong>similia.</strong></span> <span class='ocrx_word' id='word_1_121' title='bbox 750 1935 814 2002; x_wconf 82' lang='lat' dir='ltr'><strong>Sed</strong></span> <span class='ocrx_word' id='word_1_122' title='bbox 832 1937 865 2003; x_wconf 92' lang='lat' dir='ltr'><strong>in</strong></span> <span class='ocrx_word' id='word_1_123' title='bbox 888 1937 1069 2006; x_wconf 81' lang='lat' dir='ltr'><strong>Servatore</strong></span> <span class='ocrx_word' id='word_1_124' title='bbox 1085 1941 1182 2029; x_wconf 69' lang='lat' dir='ltr'><strong>quidm</strong></span> 
     </span>
     <span class='ocr_line' id='line_1_17' title="bbox 166 2042 1178 2138; baseline -0.004 -21"><span class='ocrx_word' id='word_1_125' title='bbox 166 2072 300 2138; x_wconf 89' lang='lat' dir='ltr'><strong>corpus,</strong></span> <span class='ocrx_word' id='word_1_126' title='bbox 318 2059 353 2112; x_wconf 88' lang='lat' dir='ltr'><strong>ut</strong></span> <span class='ocrx_word' id='word_1_127' title='bbox 370 2069 506 2136; x_wconf 84' lang='lat' dir='ltr'><strong>corpus,</strong></span> <span class='ocrx_word' id='word_1_128' title='bbox 530 2045 706 2110; x_wconf 86' lang='lat' dir='ltr'><strong>necessaria</strong></span> <span class='ocrx_word' id='word_1_129' title='bbox 731 2042 895 2134; x_wconf 88' lang='lat' dir='ltr'><strong>postulare</strong></span> <span class='ocrx_word' id='word_1_130' title='bbox 919 2046 1099 2115; x_wconf 79' lang='lat' dir='ltr'><strong>ministeria</strong></span> <span class='ocrx_word' id='word_1_131' title='bbox 1116 2049 1178 2113; x_wconf 80' lang='lat' dir='ltr'><strong>atu</strong></span> 
     </span>
     <span class='ocr_line' id='line_1_18' title="bbox 163 2149 1173 2246; baseline -0.002 -22"><span class='ocrx_word' id='word_1_132' title='bbox 163 2158 226 2224; x_wconf 84' lang='lat' dir='ltr'><strong>vita</strong></span> <span class='ocrx_word' id='word_1_133' title='bbox 252 2167 461 2246; x_wconf 90' lang='lat' dir='ltr'><strong>permaneat,</strong></span> <span class='ocrx_word' id='word_1_134' title='bbox 487 2153 580 2219; x_wconf 83' lang='lat' dir='ltr'><strong>fuerit</strong></span> <span class='ocrx_word' id='word_1_135' title='bbox 601 2149 782 2219; x_wconf 80' lang='lat' dir='ltr'><strong>ridiculum.</strong></span> <span class='ocrx_word' id='word_1_136' title='bbox 808 2151 1019 2223; x_wconf 83' lang='lat' dir='ltr'><strong>Gomedebat</strong></span> <span class='ocrx_word' id='word_1_137' title='bbox 1037 2159 1112 2224; x_wconf 85' lang='lat' dir='ltr'><strong>enin</strong></span> <span class='ocrx_word' id='word_1_138' title='bbox 1125 2179 1173 2222; x_wconf 82' lang='lat' dir='ltr'><strong>mn</strong></span> 
     </span>
     <span class='ocr_line' id='line_1_19' title="bbox 133 2261 1173 2356; baseline 0 -26"><span class='ocrx_word' id='word_1_139' title='bbox 133 2285 135 2292; x_wconf 75' lang='grc'><em>’</em></span> <span class='ocrx_word' id='word_1_140' title='bbox 161 2277 293 2356; x_wconf 88' lang='lat' dir='ltr'><strong>propter</strong></span> <span class='ocrx_word' id='word_1_141' title='bbox 314 2287 431 2354; x_wconf 80' lang='lat' dir='ltr'><strong>corpus</strong></span> <span class='ocrx_word' id='word_1_142' title='bbox 447 2261 534 2351; x_wconf 89' lang='lat' dir='ltr'><strong>quod</strong></span> <span class='ocrx_word' id='word_1_143' title='bbox 558 2273 666 2327; x_wconf 85' lang='lat' dir='ltr'><strong>sancta</strong></span> <span class='ocrx_word' id='word_1_144' title='bbox 684 2261 800 2326; x_wconf 81' lang='lat' dir='ltr'><strong>virtuto</strong></span> <span class='ocrx_word' id='word_1_145' title='bbox 822 2263 1072 2334; x_wconf 76' lang='lat' dir='ltr'><strong>continebatur:</strong></span> <span class='ocrx_word' id='word_1_146' title='bbox 1085 2267 1126 2330; x_wconf 73' lang='lat' dir='ltr'><strong>ed</strong></span> <span class='ocrx_word' id='word_1_147' title='bbox 1139 2288 1173 2330; x_wconf 84' lang='lat' dir='ltr'><strong>ne</strong></span> 
     </span>
     <span class='ocr_line' id='line_1_20' title="bbox 162 2369 1177 2462; baseline 0 -21"><span class='ocrx_word' id='word_1_148' title='bbox 162 2376 207 2442; x_wconf 88' lang='lat' dir='ltr'><strong>eis</strong></span> <span class='ocrx_word' id='word_1_149' title='bbox 222 2374 276 2462; x_wconf 89' lang='lat' dir='ltr'><strong>qui</strong></span> <span class='ocrx_word' id='word_1_150' title='bbox 290 2395 363 2439; x_wconf 92' lang='lat' dir='ltr'><strong>cum</strong></span> <span class='ocrx_word' id='word_1_151' title='bbox 377 2395 417 2436; x_wconf 90' lang='lat' dir='ltr'><strong>eo</strong></span> <span class='ocrx_word' id='word_1_152' title='bbox 431 2369 679 2446; x_wconf 75' lang='lat' dir='ltr'><strong>versabantur,</strong></span> <span class='ocrx_word' id='word_1_153' title='bbox 670 2393 703 2435; x_wconf 90' lang='lat' dir='ltr'><strong>m</strong></span> <span class='ocrx_word' id='word_1_154' title='bbox 713 2382 856 2437; x_wconf 85' lang='lat' dir='ltr'><strong>mentem</strong></span> <span class='ocrx_word' id='word_1_155' title='bbox 867 2373 999 2438; x_wconf 80' lang='lat' dir='ltr'><strong>veniret</strong></span> <span class='ocrx_word' id='word_1_156' title='bbox 1009 2375 1049 2440; x_wconf 87' lang='lat' dir='ltr'><strong>de</strong></span> <span class='ocrx_word' id='word_1_157' title='bbox 1060 2399 1095 2440; x_wconf 85' lang='lat' dir='ltr'><strong>eo</strong></span> <span class='ocrx_word' id='word_1_158' title='bbox 1106 2373 1177 2441; x_wconf 80' lang='lat' dir='ltr'><strong>diter</strong></span> 
     </span>
     <span class='ocr_line' id='line_1_21' title="bbox 162 2477 1179 2573; baseline -0.004 -23"><span class='ocrx_word' id='word_1_159' title='bbox 162 2484 297 2557; x_wconf 86' lang='lat' dir='ltr'><strong>sentiro,</strong></span> <span class='ocrx_word' id='word_1_160' title='bbox 315 2481 397 2548; x_wconf 86' lang='lat' dir='ltr'><strong>sicut</strong></span> <span class='ocrx_word' id='word_1_161' title='bbox 412 2489 520 2568; x_wconf 88' lang='lat' dir='ltr'><strong>postea</strong></span> <span class='ocrx_word' id='word_1_162' title='bbox 537 2477 666 2566; x_wconf 88' lang='lat' dir='ltr'><strong>quidam</strong></span> <span class='ocrx_word' id='word_1_163' title='bbox 688 2478 911 2546; x_wconf 83' lang='lat' dir='ltr'><strong>existimarunt</strong></span> <span class='ocrx_word' id='word_1_164' title='bbox 929 2505 1012 2552; x_wconf 88' lang='lat' dir='ltr'><strong>eum</strong></span> <span class='ocrx_word' id='word_1_165' title='bbox 1023 2483 1179 2573; x_wconf 58' lang='lat' dir='ltr'><strong>appendu</strong></span> 
     </span>
     <span class='ocr_line' id='line_1_22' title="bbox 162 2587 1176 2680; baseline -0.003 -21"><span class='ocrx_word' id='word_1_166' title='bbox 162 2593 281 2660; x_wconf 86' lang='lat' dir='ltr'><strong>visione</strong></span> <span class='ocrx_word' id='word_1_167' title='bbox 306 2602 339 2655; x_wconf 88' lang='lat' dir='ltr'><strong>et</strong></span> <span class='ocrx_word' id='word_1_168' title='bbox 364 2587 593 2678; x_wconf 74' lang='lat' dir='ltr'><strong>phantasmate.</strong></span> <span class='ocrx_word' id='word_1_169' title='bbox 620 2587 690 2676; x_wconf 90' lang='lat' dir='ltr'><strong>Ipse</strong></span> <span class='ocrx_word' id='word_1_170' title='bbox 718 2599 843 2662; x_wconf 89' lang='lat' dir='ltr'><strong>autem,</strong></span> <span class='ocrx_word' id='word_1_171' title='bbox 871 2612 1027 2678; x_wconf 86' lang='lat' dir='ltr'><strong>prorsus,</strong></span> <span class='ocrx_word' id='word_1_172' title='bbox 1044 2591 1176 2680; x_wconf 79' lang='lat' dir='ltr'><strong>passionis</strong></span> 
     </span>
     <span class='ocr_line' id='line_1_23' title="bbox 160 2692 1178 2786; baseline -0.002 -18"><span class='ocrx_word' id='word_1_173' title='bbox 160 2711 227 2768; x_wconf 88' lang='lat' dir='ltr'><strong>erat</strong></span> <span class='ocrx_word' id='word_1_174' title='bbox 242 2721 373 2786; x_wconf 87' lang='lat' dir='ltr'><strong>expers,</strong></span> <span class='ocrx_word' id='word_1_175' title='bbox 391 2709 534 2785; x_wconf 88' lang='lat' dir='ltr'><strong>atquem</strong></span> <span class='ocrx_word' id='word_1_176' title='bbox 550 2692 655 2759; x_wconf 89' lang='lat' dir='ltr'><strong>nullus</strong></span> <span class='ocrx_word' id='word_1_177' title='bbox 667 2695 787 2760; x_wconf 89' lang='lat' dir='ltr'><strong>subiret</strong></span> <span class='ocrx_word' id='word_1_178' title='bbox 802 2706 911 2761; x_wconf 91' lang='lat' dir='ltr'><strong>motus</strong></span> <span class='ocrx_word' id='word_1_179' title='bbox 928 2699 1108 2773; x_wconf 78' lang='lat' dir='ltr'><strong>affectionis,</strong></span> <span class='ocrx_word' id='word_1_180' title='bbox 1122 2723 1178 2765; x_wconf 83' lang='lat' dir='ltr'><strong>ne-</strong></span> 
     </span>
     <span class='ocr_line' id='line_1_24' title="bbox 161 2801 1178 2899; baseline 0 -25"><span class='ocrx_word' id='word_1_181' title='bbox 161 2833 223 2899; x_wconf 88' lang='lat' dir='ltr'><strong>quo</strong></span> <span class='ocrx_word' id='word_1_182' title='bbox 238 2804 402 2896; x_wconf 83' lang='lat' dir='ltr'><strong>voluptas,</strong></span> <span class='ocrx_word' id='word_1_183' title='bbox 416 2825 474 2892; x_wconf 83' lang='lat' dir='ltr'><strong>nec</strong></span> <span class='ocrx_word' id='word_1_184' title='bbox 488 2801 588 2868; x_wconf 89' lang='lat' dir='ltr'><strong>dolor.</strong></span> <span class='ocrx_word' id='word_1_185' title='bbox 607 2801 750 2891; x_wconf 78' lang='lat' dir='ltr'><strong>Apostoli</strong></span> <span class='ocrx_word' id='word_1_186' title='bbox 770 2815 878 2868; x_wconf 90' lang='lat' dir='ltr'><strong>autem</strong></span> <span class='ocrx_word' id='word_1_187' title='bbox 895 2829 978 2872; x_wconf 89' lang='lat' dir='ltr'><strong>cum</strong></span> <span class='ocrx_word' id='word_1_188' title='bbox 995 2809 1104 2874; x_wconf 81' lang='lat' dir='ltr'><strong>iramet</strong></span> <span class='ocrx_word' id='word_1_189' title='bbox 1116 2832 1178 2874; x_wconf 84' lang='lat' dir='ltr'><strong>mo-</strong></span> 
     </span>
     <span class='ocr_line' id='line_1_25' title="bbox 160 2911 1179 3004; baseline 0.001 -19"><span class='ocrx_word' id='word_1_190' title='bbox 160 2917 229 2986; x_wconf 78' lang='lat' dir='ltr'><strong>tum</strong></span> <span class='ocrx_word' id='word_1_191' title='bbox 242 2929 274 2982; x_wconf 90' lang='lat' dir='ltr'><strong>et</strong></span> <span class='ocrx_word' id='word_1_192' title='bbox 285 2913 512 3004; x_wconf 88' lang='lat' dir='ltr'><strong>cupiditatem,</strong></span> <span class='ocrx_word' id='word_1_193' title='bbox 531 2935 588 3000; x_wconf 91' lang='lat' dir='ltr'><strong>per</strong></span> <span class='ocrx_word' id='word_1_194' title='bbox 602 2911 803 2976; x_wconf 87' lang='lat' dir='ltr'><strong>Dominicam</strong></span> <span class='ocrx_word' id='word_1_195' title='bbox 820 2912 1025 2991; x_wconf 84' lang='lat' dir='ltr'><strong>doctrinam,</strong></span> <span class='ocrx_word' id='word_1_196' title='bbox 1047 2919 1179 2984; x_wconf 78' lang='lat' dir='ltr'><strong>Gnostioe</strong></span> 
     </span>
     <span class='ocr_line' id='line_1_26' title="bbox 159 3019 1177 3113; baseline -0.005 -16"><span class='ocrx_word' id='word_1_197' title='bbox 159 3026 334 3098; x_wconf 84' lang='lat' dir='ltr'><strong>admodum</strong></span> <span class='ocrx_word' id='word_1_198' title='bbox 352 3031 570 3113; x_wconf 86' lang='lat' dir='ltr'><strong>superassent,</strong></span> <span class='ocrx_word' id='word_1_199' title='bbox 587 3041 627 3084; x_wconf 88' lang='lat' dir='ltr'><strong>ne</strong></span> <span class='ocrx_word' id='word_1_200' title='bbox 649 3043 685 3084; x_wconf 87' lang='lat' dir='ltr'><strong>ea</strong></span> <span class='ocrx_word' id='word_1_201' title='bbox 708 3019 838 3106; x_wconf 85' lang='lat' dir='ltr'><strong>quidem</strong></span> <span class='ocrx_word' id='word_1_202' title='bbox 853 3043 926 3107; x_wconf 75' lang='lat' dir='ltr'><strong>quae</strong></span> <span class='ocrx_word' id='word_1_203' title='bbox 943 3022 1090 3090; x_wconf 86' lang='lat' dir='ltr'><strong>videntur</strong></span> <span class='ocrx_word' id='word_1_204' title='bbox 1109 3029 1177 3092; x_wconf 79' lang='lat' dir='ltr'><strong>bona</strong></span> 
     </span>
     <span class='ocr_line' id='line_1_27' title="bbox 160 3127 1179 3224; baseline -0.002 -21"><span class='ocrx_word' id='word_1_205' title='bbox 160 3164 199 3203; x_wconf 84' lang='lat' dir='ltr'><strong>ex</strong></span> <span class='ocrx_word' id='word_1_206' title='bbox 211 3138 246 3202; x_wconf 88' lang='lat' dir='ltr'><strong>iis</strong></span> <span class='ocrx_word' id='word_1_207' title='bbox 255 3155 325 3224; x_wconf 80' lang='lat' dir='ltr'><strong>quae</strong></span> <span class='ocrx_word' id='word_1_208' title='bbox 334 3130 511 3221; x_wconf 88' lang='lat' dir='ltr'><strong>passionem</strong></span> <span class='ocrx_word' id='word_1_209' title='bbox 523 3127 662 3193; x_wconf 81' lang='lat' dir='ltr'><strong>inierunt</strong></span> <span class='ocrx_word' id='word_1_210' title='bbox 674 3128 885 3205; x_wconf 88' lang='lat' dir='ltr'><strong>motionibus,</strong></span> <span class='ocrx_word' id='word_1_211' title='bbox 896 3140 1012 3219; x_wconf 86' lang='lat' dir='ltr'><strong>utpote</strong></span> <span class='ocrx_word' id='word_1_212' title='bbox 1019 3135 1179 3208; x_wconf 80' lang='lat' dir='ltr'><strong>audaciam,</strong></span> 
     </span>
     <span class='ocr_line' id='line_1_28' title="bbox 160 3236 1181 3332; baseline -0.005 -21"><span class='ocrx_word' id='word_1_213' title='bbox 160 3242 412 3315; x_wconf 76' lang='lat' dir='ltr'><strong>aemulationem,</strong></span> <span class='ocrx_word' id='word_1_214' title='bbox 433 3237 603 3327; x_wconf 82' lang='lat' dir='ltr'><strong>gaudium,</strong></span> <span class='ocrx_word' id='word_1_215' title='bbox 622 3236 828 3325; x_wconf 88' lang='lat' dir='ltr'><strong>cupiditatem</strong></span> <span class='ocrx_word' id='word_1_216' title='bbox 844 3255 1073 3328; x_wconf 82' lang='lat' dir='ltr'><strong>susceperunt,</strong></span> <span class='ocrx_word' id='word_1_217' title='bbox 1090 3256 1121 3306; x_wconf 86' lang='lat' dir='ltr'><strong>ut</strong></span> <span class='ocrx_word' id='word_1_218' title='bbox 1135 3243 1181 3332; x_wconf 83' lang='lat' dir='ltr'><strong>qui</strong></span> 
     </span>
     <span class='ocr_line' id='line_1_29' title="bbox 159 3343 1182 3445; baseline -0.003 -26"><span class='ocrx_word' id='word_1_219' title='bbox 159 3365 288 3445; x_wconf 85' lang='lat' dir='ltr'><strong>propter</strong></span> <span class='ocrx_word' id='word_1_220' title='bbox 312 3349 441 3413; x_wconf 83' lang='lat' dir='ltr'><strong>firmum</strong></span> <span class='ocrx_word' id='word_1_221' title='bbox 457 3345 627 3432; x_wconf 84' lang='lat' dir='ltr'><strong>quomdam</strong></span> <span class='ocrx_word' id='word_1_222' title='bbox 644 3355 677 3410; x_wconf 89' lang='lat' dir='ltr'><strong>et</strong></span> <span class='ocrx_word' id='word_1_223' title='bbox 698 3343 842 3411; x_wconf 88' lang='lat' dir='ltr'><strong>stabilem</strong></span> <span class='ocrx_word' id='word_1_224' title='bbox 858 3357 978 3413; x_wconf 81' lang='lat' dir='ltr'><strong>statum</strong></span> <span class='ocrx_word' id='word_1_225' title='bbox 994 3353 1125 3426; x_wconf 82' lang='lat' dir='ltr'><strong>mentis,</strong></span> <span class='ocrx_word' id='word_1_226' title='bbox 1143 3351 1182 3415; x_wconf 88' lang='lat' dir='ltr'><strong>ni-</strong></span> 
     </span>
     <span class='ocr_line' id='line_1_30' title="bbox 158 3453 1182 3550; baseline -0.004 -22"><span class='ocrx_word' id='word_1_227' title='bbox 158 3461 203 3528; x_wconf 91' lang='lat' dir='ltr'><strong>hil</strong></span> <span class='ocrx_word' id='word_1_228' title='bbox 218 3459 344 3550; x_wconf 88' lang='lat' dir='ltr'><strong>penitus</strong></span> <span class='ocrx_word' id='word_1_229' title='bbox 355 3466 573 3530; x_wconf 87' lang='lat' dir='ltr'><strong>mutarentur,</strong></span> <span class='ocrx_word' id='word_1_230' title='bbox 587 3453 642 3519; x_wconf 87' lang='lat' dir='ltr'><strong>sed</strong></span> <span class='ocrx_word' id='word_1_231' title='bbox 659 3455 690 3518; x_wconf 93' lang='lat' dir='ltr'><strong>in</strong></span> <span class='ocrx_word' id='word_1_232' title='bbox 703 3453 939 3520; x_wconf 86' lang='lat' dir='ltr'><strong>exercitationis</strong></span> <span class='ocrx_word' id='word_1_233' title='bbox 946 3456 1058 3524; x_wconf 87' lang='lat' dir='ltr'><strong>babitu</strong></span> <span class='ocrx_word' id='word_1_234' title='bbox 1069 3482 1182 3548; x_wconf 82' lang='lat' dir='ltr'><strong>semper</strong></span> 
     </span>
     <span class='ocr_line' id='line_1_31' title="bbox 159 3561 1180 3653; baseline -0.005 -16"><span class='ocrx_word' id='word_1_235' title='bbox 159 3567 332 3637; x_wconf 90' lang='lat' dir='ltr'><strong>manebant</strong></span> <span class='ocrx_word' id='word_1_236' title='bbox 348 3563 440 3632; x_wconf 83' lang='lat' dir='ltr'><strong>alieni</strong></span> <span class='ocrx_word' id='word_1_237' title='bbox 456 3567 495 3630; x_wconf 90' lang='lat' dir='ltr'><strong>ab</strong></span> <span class='ocrx_word' id='word_1_238' title='bbox 508 3561 710 3639; x_wconf 86' lang='lat' dir='ltr'><strong>alteratione,</strong></span> <span class='ocrx_word' id='word_1_239' title='bbox 727 3575 799 3652; x_wconf 87' lang='lat' dir='ltr'><strong>post</strong></span> <span class='ocrx_word' id='word_1_240' title='bbox 813 3563 945 3629; x_wconf 91' lang='lat' dir='ltr'><strong>Domini</strong></span> <span class='ocrx_word' id='word_1_241' title='bbox 961 3567 1086 3653; x_wconf 91' lang='lat' dir='ltr'><strong>quidem</strong></span> <span class='ocrx_word' id='word_1_242' title='bbox 1100 3580 1180 3634; x_wconf 82' lang='lat' dir='ltr'><strong>oertr</strong></span> 
     </span>
     <span class='ocr_line' id='line_1_32' title="bbox 159 3671 1181 3761; baseline -0.005 -18"><span class='ocrx_word' id='word_1_243' title='bbox 159 3675 434 3743; x_wconf 85' lang='lat' dir='ltr'><strong>resurrectionem.</strong></span> <span class='ocrx_word' id='word_1_244' title='bbox 454 3672 534 3739; x_wconf 90' lang='lat' dir='ltr'><strong>Nam</strong></span> <span class='ocrx_word' id='word_1_245' title='bbox 549 3672 606 3737; x_wconf 84' lang='lat' dir='ltr'><strong>etsi</strong></span> <span class='ocrx_word' id='word_1_246' title='bbox 622 3671 691 3760; x_wconf 91' lang='lat' dir='ltr'><strong>quis</strong></span> <span class='ocrx_word' id='word_1_247' title='bbox 705 3693 776 3748; x_wconf 84' lang='lat' dir='ltr'><strong>eas,</strong></span> <span class='ocrx_word' id='word_1_248' title='bbox 800 3695 873 3760; x_wconf 85' lang='lat' dir='ltr'><strong>quae</strong></span> <span class='ocrx_word' id='word_1_249' title='bbox 890 3673 978 3761; x_wconf 91' lang='lat' dir='ltr'><strong>prius</strong></span> <span class='ocrx_word' id='word_1_250' title='bbox 995 3677 1084 3742; x_wconf 75' lang='lat' dir='ltr'><strong>dicte</strong></span> <span class='ocrx_word' id='word_1_251' title='bbox 1097 3687 1181 3748; x_wconf 84' lang='lat' dir='ltr'><strong>suat,</strong></span> 
     </span>
    </p>
   </div>
   <div class='ocr_carea' id='block_1_4' title="bbox 194 3841 597 4004">
    <p class='ocr_par' dir='ltr' id='par_1_5' title="bbox 194 3841 597 4004">
     <span class='ocr_line' id='line_1_33' title="bbox 197 3841 597 3910; baseline -0.005 -18"><span class='ocrx_word' id='word_1_252' title='bbox 197 3843 206 3868; x_wconf 89' lang='lat'>¹</span> <span class='ocrx_word' id='word_1_253' title='bbox 224 3844 288 3894; x_wconf 78' lang='lat' dir='ltr'><strong>Vide</strong></span> <span class='ocrx_word' id='word_1_254' title='bbox 299 3847 329 3892; x_wconf 90' lang='lat' dir='ltr'><strong>D.</strong></span> <span class='ocrx_word' id='word_1_255' title='bbox 340 3844 457 3906; x_wconf 82' lang='lat' dir='ltr'><strong>Guilton,</strong></span> <span class='ocrx_word' id='word_1_256' title='bbox 471 3857 526 3910; x_wconf 76' lang='lat' dir='ltr'><strong>pag.</strong></span> <span class='ocrx_word' id='word_1_257' title='bbox 538 3841 597 3903; x_wconf 67' lang='lat'><strong>416.</strong></span> 
     </span>
     <span class='ocr_line' id='line_1_34' title="bbox 194 3931 464 4004; baseline -0.011 -21"><span class='ocrx_word' id='word_1_258' title='bbox 194 3935 203 3960; x_wconf 89' lang='lat'><strong>¹</strong></span> <span class='ocrx_word' id='word_1_259' title='bbox 221 3937 276 4004; x_wconf 71' lang='lat' dir='ltr'><strong>Sap.</strong></span> <span class='ocrx_word' id='word_1_260' title='bbox 288 3950 352 3997; x_wconf 63' lang='lat'><strong>5111,</strong></span> <span class='ocrx_word' id='word_1_261' title='bbox 370 3931 464 4000; x_wconf 78' lang='lat'>17‚18.</span> 
     </span>
    </p>
   </div>
   <div class='ocr_carea' id='block_1_5' title="bbox 0 0 1244 4594">
    <p class='ocr_par' dir='ltr' id='par_1_6' title="bbox 0 0 1244 4594">
     <span class='ocr_line' id='line_1_35' title="bbox 0 0 1244 4594; baseline 0 2"><span class='ocrx_word' id='word_1_262' title='bbox 0 0 1244 4594; x_wconf 95' lang='lat' dir='ltr'><strong> </strong></span> 
     </span>
    </p>
   </div>
  </div>
 </body>
</html>
