2478 4594
370 287 561 334 srnouarua
583 289 634 332 nra
657 289 699 334 vr.
987 291 1047 356 257

6 411 168 478 motiones
179 460 188 488 ,
201 411 226 477 si
238 432 314 478 cum
325 412 447 478 ratio'ne
462 410 558 488 fiant,
574 411 675 478 bonas
690 433 758 478 esse
774 412 949 480 concedat:
963 425 996 480 at
1014 414 1053 480 in·

6 520 153 606 perlecto
168 520 299 607 quidem
311 532 398 586 certe
412 519 630 590 minimesunt
641 519 865 598 admittendas,
878 522 1048 610 quinoque

6 625 107 694 babet
119 627 305 696 audaciam:
323 650 428 717 noque
442 628 529 694 enim
540 638 682 694 versatur
695 628 729 694 in
744 629 842 696 rebus
855 630 1003 719 gravibus
1015 642 1049 696 et

6 733 168 812 molestis,
190 758 265 803 cum
280 736 372 802 exiis
388 747 548 824 quaesunt
572 736 605 802 in
621 736 702 814 vita,
728 732 806 803 nihil
825 761 920 828 grave
934 737 1049 805 moles-

6 855 119 910 tumve
130 844 305 922 existimet,
322 867 427 932 neque
441 855 547 933 potest
568 867 642 911 eum
659 843 777 933 aliquid
792 842 977 934 hujusmodi
993 848 1047 913 alt-
1161 925 1169 944 ἱ

6 951 128 1020 ducere
154 977 172 1019 a
197 953 257 1020 Dei
276 951 455 1022 charitate:
480 976 584 1042 neque
606 952 833 1041 tranquillitate
852 953 948 1020 animi
966 977 1051 1044 opus.

6 1063 124 1139 nabet,
141 1063 347 1151 nequeenim
363 1061 397 1128 in
413 1060 557 1129 dolorem
580 1062 693 1129 incidit
715 1062 850 1129 animive
876 1087 1049 1156 angorem,

6 1193 84 1238 :um
98 1193 286 1262 persuasum
304 1170 420 1242 hebeat
432 1171 539 1238 omnia
558 1183 646 1238 recte
661 1170 731 1238 lieri
742 1194 751 1237 ε
764 1195 869 1262 neque
880 1173 1045 1252 irascitur,

6 1303 113 1368 neque
128 1293 177 1346 est
194 1280 280 1348 enim
296 1279 473 1369 quodcum
497 1280 539 1347 ad
560 1280 641 1346 iram
663 1293 811 1358 moveat,
828 1305 904 1348 cum
919 1305 1045 1372 sempor

6 1389 113 1456 Deum
129 1388 254 1478 diligat,
265 1401 298 1456 et
314 1389 354 1456 ad
364 1388 429 1456 hoc
443 1387 546 1456 solum
566 1401 652 1456 totus
667 1391 707 1456 sit
719 1405 908 1470 conversus,
923 1403 956 1457 et
971 1393 1049 1458 ideo.

6 1520 47 1564 ex
61 1499 121 1566 Dei
141 1488 291 1564 creaturis
306 1497 426 1566 nullam
437 1497 535 1566 habet
550 1499 637 1564 odio.
654 1500 721 1570 Sed
734 1521 843 1588 neque
855 1500 1042 1578 aemulatur,

6 1604 85 1672 aihil
97 1606 182 1672 enim
193 1607 222 1671 ei
235 1605 324 1674 deest
335 1606 375 1673 ad
391 1605 667 1684 assimilationem,
683 1630 748 1695 quo
763 1609 803 1672 sit
817 1611 921 1677 bonus
937 1622 970 1675 et
985 1609 1041 1676 ho

6 1726 122 1782 restus.
149 1715 213 1782 Sed
232 1738 336 1805 neque
354 1725 439 1782 amat
457 1713 594 1804 aliquem
617 1715 782 1782 communi
803 1714 865 1783 hac
882 1719 1038 1794 amicitia,

6 1823 58 1890 aad
76 1824 260 1892 Creatorem
277 1823 377 1913 diligit
392 1846 448 1912 per
464 1835 634 1890 creaturas.
656 1823 766 1911 Neque
777 1847 853 1913 crgo
869 1826 902 1890 in
916 1827 1046 1914 cupidi-¹

6 1943 104 2000 ¹utem
119 1931 257 2022 aliquam
275 1931 387 1998 incidit
403 1941 457 1996 aut
473 1931 718 2020 appetitionem,
734 1953 838 2018 neque
854 1934 960 2019 quoad
971 1935 1040 2000 ani-

6 2063 88 2108 nam
105 2040 235 2108 alterius
246 2041 387 2128 cujusvis
402 2039 447 2106 rei
462 2037 600 2127 indiget,
613 2061 688 2104 cum
701 2040 766 2127 jam
777 2064 835 2129 per
850 2040 1038 2110 charitatem

6 2163 147 2216 'creetur
159 2172 235 2219 cum
251 2147 389 2224 dilecto,
407 2148 458 2214 cui
475 2146 604 2234 quidem
616 2148 682 2235 jam
693 2159 741 2212 est
753 2147 951 2220 familiariter
961 2175 1037 2218 con·

6 2263 211 2346 urictusper
232 2255 440 2331 electionem,
464 2267 497 2320 et
515 2279 573 2344 por
593 2253 740 2322 habitum
761 2257 815 2344 qui
837 2260 982 2346 procedit
996 2263 1037 2328 ab

6 2365 247 2441 xercitatione,
268 2365 297 2430 ei
313 2363 544 2452 appropinquat
562 2363 794 2441 continentius,
811 2377 844 2430 et
862 2378 910 2431 est
925 2370 1035 2434 beatus

6 2484 132 2561 ¹ropter
144 2473 301 2538 bonorum
317 2471 557 2552 abundantiam.
575 2472 793 2552 Quamobrem
808 2471 857 2538 his
874 2473 914 2539 de
933 2476 1037 2542 causis

6 2580 139 2650 naxima
154 2581 183 2646 ri
200 2579 363 2646 contendit
378 2579 412 2646 in
425 2578 489 2646 hoc
502 2577 665 2646 assimilari
681 2580 818 2646 Domino
830 2581 898 2671 ipso
907 2593 945 2648 ut
959 2583 1035 2672 nul-

6 2714 37 2758 re
52 2689 200 2758 admittat
214 2688 396 2778 passiones:
414 2700 462 2754 est
477 2687 562 2756 enim
579 2689 682 2777 Logos
692 2688 751 2754 Dei
762 2684 961 2779 intelligens,
974 2715 1032 2781 per

6 2823 91 2886 uem
106 2797 220 2864 mentia
232 2847 241 2872 ,
253 2796 317 2863 sive
329 2794 561 2886 intelligentias,
574 2797 679 2885 imago
690 2797 723 2862 in
736 2795 803 2862 solo
813 2797 945 2866 homine
957 2824 1030 2866 cer-

6 2909 98 2974 itas:
116 2929 180 2993 quo
199 2915 345 2993 respectu
361 2904 459 2972 etiam
481 2903 651 2984 Deilormis
667 2915 700 2969 et
710 2903 780 2972 Deo
794 2905 904 2972 similis
921 2908 958 2972 fit
972 2932 1037 2997 per¹

6 3017 132 3084 nimam
147 3014 194 3080 vir
210 3015 334 3088 bonus,
350 3024 384 3078 ot
401 3035 510 3079 rursus
531 3013 618 3080 Deus
634 3024 682 3078 est
695 3011 834 3080 hominis
850 3015 962 3080 formae
986 3017 1031 3082 si-

6 3122 87 3190 nilis.
113 3122 229 3189 Forma
256 3120 342 3186 enim
366 3120 614 3209 uniuscujusque
633 3132 683 3185 est
696 3141 807 3198 mens,
823 3145 862 3186 ex
878 3147 939 3211 qua
951 3146 1038 3211 pro-‚1

6 3233 98 3298 dum
113 3229 303 3318 suscipimus
317 3227 545 3296 characterem.
573 3229 646 3308 Quo
662 3228 699 3294 fit
717 3239 754 3294 ut
769 3230 825 3317 qui
839 3244 977 3319 peccant
994 3233 1027 3298 in

6 3342 173 3417 ominem,
186 3338 248 3406 sint
259 3335 383 3427 profani
397 3348 429 3404 et
442 3336 543 3425 impii.
558 3337 615 3402 Est
625 3337 712 3404 enim
719 3337 891 3406 ridiculum
904 3337 1023 3418 dicere,
1050 3389 1051 3392 ,

6 3451 76 3518 uod
90 3473 166 3516 eum
181 3448 235 3536 qui
250 3457 298 3513 est
310 3445 481 3515 (inustione
492 3455 526 3510 et
540 3439 717 3534 perlectus,
731 3470 796 3514 non
812 3459 959 3537 oporteat
969 3473 1026 3515 en-

6 3561 117 3628 indera
138 3559 218 3628 iram
235 3569 269 3622 et
287 3555 474 3634 cumulem,
491 3567 601 3645 utpote
621 3556 708 3644 quod
723 3558 840 3648 absque
854 3557 903 3625 his
919 3583 1023 3649 neque

6 3649 24 3738 t
40 3669 239 3738 adversus'ea
253 3687 324 3755 quaa
339 3665 517 3755 ingruerint
531 3664 734 3741 excitandus,
750 3688 854 3754 neque
866 3691 935 3757 quae
947 3681 1022 3738 sunt

6 3778 90 3846 ravin
105 3776 304 3843 toleraturus.
325 3773 390 3842 Sed
405 3774 430 3840 si
443 3773 539 3841 etiam
555 3774 762 3864 cupiditatem
774 3777 814 3841 ab
824 3798 863 3843 eo
877 3776 1019 3848 abstule-

6 3880 102 3963 inus,
115 3885 183 3952 lore
195 3895 229 3952 ut
241 3885 280 3953 ab
297 3882 446 3952 omnibus
457 3884 552 3950 rebus
563 3881 704 3952 molestis
718 3896 749 3953 et
760 3885 877 3982 asporis
890 3901 1021 3958 contur-
