2738 4628
248 265 290 328 ab
569 281 682 326 cancri
705 281 818 326 rasum
841 279 902 324 aaa.
929 281 947 323 a

243 400 356 467 stantia
372 401 490 467 babere
505 421 581 465 eum
596 400 736 488 oportuit
756 400 935 474 materiam,
951 399 993 464 ab
1014 397 1106 464 initio
1121 421 1161 464 ex
1178 395 1294 464 altera

241 513 416 576 substantia
425 507 526 574 ‘Pater
539 519 688 596 operatus
704 507 813 574 suisset
827 505 896 572 fieri
916 507 1174 595 conspersionem
1195 508 1290 593 ejus.

242 619 335 687 Nunc
350 630 457 684 autem
477 616 564 706 quod
585 616 656 692 luit,
678 617 731 704 qui
750 616 899 706 perierat,
923 615 1033 692 bomo,
1057 615 1120 681 boc
1140 614 1294 680 salutare

241 729 362 796 lactum
390 739 438 794 est
459 728 600 794 Verbum
607 751 616 801 ;
643 727 923 815 persemetipsum
947 749 1019 836 earn
1041 748 1110 814 quae
1131 737 1217 791 esset
1244 725 1294 791 ad

241 859 317 902 eum
333 835 604 910 communionem,
614 847 646 899 et
661 828 903 923 exquisitionem
918 832 1026 900 salutis
1041 834 1109 922 ejus
1122 833 1288 900 efficiens.

240 948 340 1028 Quod
353 959 459 1012 autem
475 946 624 1036 perierat,
642 947 827 1034 sanguinem
846 957 880 1010 et
901 967 1031 1010 carnem
1050 943 1200 1012 habebnt.
1225 944 1293 1010 Li-

240 1081 331 1124 mum
346 1059 432 1123 enim
448 1057 487 1124 de
510 1069 594 1123 terra
616 1057 774 1145 accipiens
793 1055 961 1131 Dominus,
985 1051 1150 1143 plasmavit
1171 1054 1292 1120 bomi-

240 1191 316 1234 nem
332 1180 386 1234 :et
400 1180 531 1256 propter
549 1167 638 1233 bunc
657 1167 761 1232 omnis
778 1165 941 1255 dispositio
960 1165 1113 1232 adventus
1134 1164 1285 1230 Domini.

240 1277 360 1344 Habuit
381 1299 456 1366 crgo
478 1277 599 1366 etipse
622 1300 753 1343 carnem
775 1286 808 1340 et
830 1275 1032 1364 sanguinem
1055 1298 1120 1341 non
1143 1273 1288 1340 alteram

240 1384 425 1474 quamdam,
438 1386 494 1451 sed
509 1383 594 1450 illam
610 1382 818 1474 principalem
830 1367 938 1450 Puris‘
946 1382 1187 1473 plasmationem
1200 1384 1234 1466 in
1248 1407 1287 1450 se

239 1493 464 1583 recapitulans,
485 1494 652 1582 exquirens
673 1494 707 1560 id
729 1495 814 1584 quod
836 1494 983 1583 perierat.
1004 1495 1045 1560 Et
1064 1505 1194 1583 propter
1214 1493 1286 1560 boc

177 1653 180 1662 ,
241 1603 410 1693 Apostolus
426 1604 459 1668 in
473 1602 604 1692 epistola
621 1625 692 1691 quae
710 1614 758 1668 est
777 1603 817 1668 ad
833 1601 1048 1677 Colossenses,
1063 1602 1107 1667 ait
1120 1625 1129 1666 ε
1142 1627 1155 1661 r
1169 1600 1209 1666 Et
1220 1623 1280 1666 voa

240 1739 254 1774 a
270 1733 345 1778 cum
359 1713 468 1778 essetis
482 1711 654 1802 aliquando
670 1711 810 1787 alienati,
827 1723 860 1776 et
875 1712 995 1778 inimici
1007 1711 1190 1800 cogitationi
1206 1710 1283 1799 ejus

240 1823 302 1912 rin
326 1823 475 1911 operibus
498 1821 602 1898 malis,
625 1845 714 1888 nunc
734 1833 841 1888 autem
864 1820 1060 1888 reconciliati
1083 1820 1116 1887 in
1142 1842 1284 1908 corpore

240 1935 374 2000 »carnis
393 1936 475 2023 ejus,
496 1957 553 2024 per
574 1946 710 2000 mortem
732 1935 815 2022 ejus,
837 1933 986 2001 exhibere
1008 1957 1064 2000 vos
1082 1945 1222 2011 sanctos,
1247 1945 1284 1998 et

241 2071 254 2106 a
270 2057 387 2120 castos,
402 2058 435 2111 ct
452 2047 520 2112 aine
536 2045 669 2112 crimine
684 2045 717 2110 in
732 2057 906 2133 conspectu
921 2045 991 2134 ejus
1002 2043 1024 2109 ¹.
1040 2073 1054 2108 a
1069 2044 1115 2110 In
1126 2067 1279 2132 corpore,

241 2153 296 2231 ait,
311 2156 639 2223 reconciliatiearnis
650 2160 736 2242 cjuar
750 2155 812 2222 boc
823 2155 974 2244 quoniam
984 2156 1067 2242 justa
1079 2177 1154 2221 caro
1166 2177 1283 2222 recon-

246 2263 363 2332 ciliavit
377 2287 448 2331 eam
467 2289 596 2362 carnem
609 2289 679 2356 quae
694 2267 727 2333 in
739 2273 871 2355 peccato
882 2265 1095 2342 detinebatur,
1107 2277 1140 2330 et
1155 2265 1188 2331 in
1199 2265 1283 2330 ami·

242 2373 351 2438 citiam
363 2373 494 2440 adduxit
509 2375 587 2440 Deo.

300 2483 334 2549 Si
360 2485 430 2573 quis
456 2486 550 2574 igitur
581 2485 762 2552 secundum
789 2485 853 2552 boc
882 2483 1014 2552 alteram
1039 2486 1118 2552 dicit
1146 2484 1280 2551 Domini

241 2615 370 2660 carnem
386 2616 403 2658 a
419 2579 526 2660 nostra
542 2615 651 2669 carne,
666 2593 817 2683 quoniam
832 2591 883 2659 illa
896 2594 1025 2682 quidem
1041 2617 1105 2660 non
1117 2595 1278 2683 peccavit,

241 2723 346 2788 neque
362 2701 508 2768 inventus
522 2715 571 2768 est
586 2701 676 2768 dolus
691 2703 724 2768 in
740 2704 845 2768 anima
860 2705 942 2792 ejus,
960 2727 1018 2769 nos
1034 2717 1141 2768 autem
1159 2727 1281 2792 pecca-

242 2823 338 2887 tores,
356 2823 443 2880 rocte
459 2813 546 2879 dicit.
560 2812 594 2879 Si
610 2826 718 2879 autem
732 2812 863 2880 alteram
875 2813 1084 2880 substantiam
1097 2813 1205 2882 curnis.
1214 2814 1280 2880 Do·

244 2923 333 2988 mino
347 2923 481 3013 affingit,
496 2925 561 3012 jam
573 2949 637 2990 non
649 2925 808 2991 constabit
823 2924 867 2990 illi
880 2923 1145 2991 reconciliationis
1156 2947 1276 2990 sermo.

242 3032 479 3100 Reconciliatur
495 3035 581 3100 cnim
602 3035 682 3102 illud
700 3036 788 3126 quod
803 3035 861 3102 fuit
873 3035 1042 3124 aliquando
1054 3036 1087 3101 in
1098 3035 1275 3102 inimicitia.

240 3140 275 3208 Si
291 3157 398 3210 autem
411 3168 450 3210 ex
461 3144 557 3210 altera
574 3147 747 3213 substantia
763 3168 892 3214 carnem
907 3144 1013 3213 attulit
1027 3145 1196 3220 Dominus,
1208 3146 1278 3233 jam

241 3277 305 3319 non
321 3252 399 3321 illud
414 3255 653 3322 reconciliatum
665 3269 713 3324 est
728 3257 809 3334 Deo,
825 3257 910 3346 quod
925 3281 983 3346 per
993 3256 1277 3346 transgressionem

239 3361 361 3429 lactum
378 3363 481 3430 fuerat
495 3365 670 3435 inimicum.
689 3365 781 3461 Nunc
796 3378 904 3432 autem
922 3389 979 3454 per
994 3386 1065 3433 cam
1080 3387 1151 3454 quae
1169 3375 1218 3431 est
1235 3366 1278 3431 ad

239 3495 275 3538 sc
289 3477 624 3553 communicationem,
635 3476 850 3544 reconciliavit
860 3477 1015 3544 Dominus
1029 3477 1194 3543 bominem
1206 3477 1276 3543 Deo

242 3583 344 3659 Patri:
367 3587 575 3655 reconcilians
591 3613 648 3656 nos
664 3590 723 3657 sibi
739 3569 926 3680 percorpus
942 3589 1044 3656 earnis
1059 3613 1137 3665 suae,
1152 3601 1185 3654 et
1200 3611 1277 3656 san-

239 3693 404 3784 guinesuo
415 3697 574 3765 redimens
585 3723 656 3776 nos,
668 3699 938 3790 quemadmodum
949 3699 1119 3791 Apostolus
1131 3699 1276 3789 Ephesiis

237 3805 286 3871 ait
302 3827 337 3869 :r
352 3805 389 3873 ln
404 3827 468 3896 quo
483 3807 652 3879 babuimus
666 3813 916 3904 redemptionem
927 3835 985 3902 per
996 3812 1180 3902 sanguinem
1190 3811 1273 3900 ejus,

274 3919 391 3986 scotos.
405 3954 422 3997 r,
437 3953 476 3997 ar,
491 3953 528 3986 aa.
