2448 4610
880 241 889 266 t

266 301 334 356 onis
358 301 447 348 orsus
469 297 640 350 ssereret·
914 279 973 359 481

22 435 71 502 stis
92 430 210 505 oblitus,
224 429 386 498 hominem
403 430 550 519 persequi
571 427 695 500 institit,
720 425 893 491 identidem
915 424 981 491 cle-

22 563 81 610 tns:
102 539 207 620 «Quid
218 561 268 622 me
283 551 407 627 petrem
420 549 526 611 tuum,
542 535 601 612 illi,
613 535 693 624 iugis
709 537 877 612 inermem,
895 536 979 601 seni-

22 641 118 718 dtlsmi
136 648 275 715 lliserore
296 647 371 722 mei,
392 643 456 718 iili:
479 643 555 712 noli'
567 645 696 717 timerc;
720 643 826 710 adhuc
846 644 905 710 tibi
924 666 979 712 su-

22 769 94 848 perest
109 757 172 822 vite
185 777 223 822 se
240 752 348 820 salutis
363 775 443 843 spes.
461 752 529 842 Ego
549 775 608 841 pro
628 764 662 816 te
678 750 804 817 Christo
823 753 979 818 rationem

22 866 125 934 lsddem
141 864 173 931 Si
186 864 226 931 sit
239 886 332 953 opus,
346 874 433 928 tunm
448 861 515 950 ipse
529 858 632 928 libens
647 871 784 927 mortem
800 861 975 936 sustinebo,

22 972 247 1062 pensdmodnm
269 971 427 1038 Dominus
444 989 504 1060 pro
527 970 618 1036 nobis
638 980 775 1036 mortem
796 967 878 1035 tulit.
898 970 979 1037 dui'-

22 1103 79 1164 pun
90 1105 182 1148 mecm
196 1105 253 1170 pro
269 1091 323 1147 tua
340 1079 489 1148 vicariam
505 1080 599 1145 dubo.
622 1078 677 1144 Sta
693 1079 802 1152 modo,
819 1090 852 1144 et
869 1080 975 1146 crede.
1003 1101 1004 1104 ’

22 1189 155 1256 lGhn'sto
175 1191 288 1256 missus
306 1211 418 1254 sum.»
443 1188 499 1254 llis
522 1186 576 1253 ille
601 1187 730 1263 auditis,
748 1188 887 1276 primum
907 1191 979 1278 qui·

22 1321 47 1368 n
62 1299 134 1366 vultu
151 1300 315 1366 interrsm
334 1299 484 1374 demisso,
500 1296 640 1363 substitit
659 1319 668 1361 :
686 1297 813 1374 deinde,
829 1300 979 1388 projectis

22 1407 75 1481 nis,
88 1409 187 1473 acerbe
205 1405 284 1472 llere
304 1407 412 1494 ecepit.
429 1404 645 1472 decedentem
666 1427 741 1469 vero
762 1425 870 1470 senem
889 1428 980 1472 oom-

22 1533 85 1589 ιιι,
95 1515 200 1604 gemitu
215 1537 252 1581 uc
268 1513 430 1590 lamentis,
442 1536 538 1603 quem
552 1512 688 1578 maxime
699 1525 840 1601 poteret,
857 1515 978 1582 crimen

22 1617 110 1700 teter,
122 1637 152 1688 et
164 1621 311 1712 lucrymis
326 1619 415 1689 velut
429 1619 530 1688 sltero
543 1622 682 1708 quodum
699 1622 857 1710 baptismo
871 1626 979 1713 expie-

22 1741 73 1805 tu,
85 1730 169 1798 stlsrn
180 1733 345 1798 dexterum
356 1729 529 1797 occultans.
545 1728 628 1794 Tum
640 1730 810 1826 Apostolus
822 1734 980 1820 spondens

22 1838 157 1928 mque
170 1841 294 1908 renium
313 1863 347 1904 se
362 1837 407 1905 illi
422 1838 615 1906 aSalrstore
627 1851 758 1906 nectum
771 1863 853 1916 esse,
869 1865 980 1909 orans-

22 1967 45 2012 ιο
55 1970 82 2013 tc
91 1949 118 2014 in
127 1973 223 2039 genua
237 1947 440 2040 provolutus,
451 1950 553 2038 ipsam
568 1949 691 2036 juvenis
707 1950 882 2028 dexterum,
894 1951 980 2019 velut

22 2077 47 2120 ro
62 2059 217 2144 penitentis
230 2059 403 2147 expiatum,
419 2055 620 2132 exosculans,
641 2057 744 2145 ipsum
763 2059 795 2124 in
813 2058 979 2127 ecclesium

22 2161 96 2230 duxit.
111 2169 235 2244 Exinde,
250 2166 369 2257 partim
385 2165 506 2233 crebris
525 2165 721 2231 orationibus
744 2166 847 2233 Deum
867 2168 980 2259 depre-

22 2277 169 2363 lupentius
190 2277 385 2346 continuatis
413 2297 477 2340 uns
501 2298 576 2341 eum
598 2277 713 2363 juvene
735 2277 863 2365 jejuniis
887 2278 979 2345 sir'nul

23 2381 131 2466 tenens,
144 2387 296 2477 variisque
312 2387 449 2473 denique
464 2407 649 2452 sermonum
665 2384 822 2452 illecebris
838 2387 981 2456 animum

24 2458 226 2573 'demulcens
244 2519 311 2564 non
333 2496 420 2586 prius
437 2495 557 2560 destitit
578 2493 635 2581 (ut
650 2495 756 2586 aiunt)
778 2519 874 2585 quum
891 2496 980 2564 illum
1069 2479 1072 2496 Ι

26 2606 227 2690 nconsteutie
238 2589 392 2673 Ecclesiae
403 2605 525 2694 gremio
540 2603 748 2680 admovissem
768 2629 884 2696 magno
899 2631 980 2676 rerae

27 2709 143 2794 utute
152 2715 295 2804 exemplo
310 2713 465 2789 exhibito,
477 2714 652 2802 grandique
667 2715 788 2781 itcratae
801 2719 981 2806 generatio-

28 2819 217 2901 tdocumento,
231 2837 264 2890 et
285 2825 401 2890 futurae
416 2824 655 2891 resurrectionis
670 2824 812 2915 trophaeo
835 2829 980 2917 (quondo

29 2936 272 3001 ²tonsummatione
288 2932 396 3000 saeculi
410 2931 512 3022 angeli
527 2955 599 2999 vere
613 2935 805 3021 penitentes
822 2936 853 3002 in
869 2961 982 3028 super·
1110 3013 1115 3022 p

30 3033 98 3105 lestis
112 3042 284 3111 habitacula
296 3043 527 3132 deportabunt)
538 3068 547 3117 ς
559 3042 636 3110 hinc
647 3043 749 3134 angeli
765 3044 835 3111 laete
847 3047 982 3134 gestien-

31 3143 204 3229 eludentes,
230 3150 329 3219 ooelos
355 3151 531 3240 aperientes
553 3175 561 3216 ε
588 3175 654 3240 prae
676 3152 800 3218 cunctis
822 3176 897 3220 vero
916 3155 982 3244 ipse

32 3251 104 3323 lutor
115 3264 234 3330 obviam
252 3263 355 3329 iectus
375 3260 599 3326 humanissimo
617 3260 761 3349 suscipit,
780 3259 885 3327 lucem
906 3285 983 3351 prae·
1042 3267 1045 3274 '

34 3383 146 3457 ttqusm
160 3371 253 3438 nullae
268 3371 425 3438 offuscent
442 3371 594 3445 tenebras,
611 3393 671 3436 uec
688 3382 832 3458 temporo
852 3369 914 3437 ulls
938 3375 982 3438 in-

35 3471 126 3545 ltntnt:
142 3482 253 3550 ductor
271 3482 385 3572 ipsein
404 3481 509 3547 sinum
528 3480 641 3555 Petris,
653 3477 686 3544 in
703 3481 799 3545 vitem
818 3492 982 3559 oeternum,

36 3591 140 3674 ιΙοςῑιιιιιι
153 3591 306 3658 coelorum
319 3591 362 3655 ito
376 3611 501 3679 persus.
523 3588 584 3653 istu
600 3588 671 3676 quis
683 3588 807 3662 credet,
824 3587 983 3680 fidemque

37 3689 111 4016 Ul
128 3697 295 3788 discipulis,
313 3711 384 3764 tum
398 3698 466 3764 Deo
482 3696 626 3786 sponsori
641 3692 777 3770 habeon
799 3695 983 3786 Prophetis-

74 3802 310 3898 llssngeliorum,
325 3809 551 3898 Apostolorum
567 3806 670 3872 dictis.
692 3807 755 3885 Qui
773 3807 805 3873 in
820 3806 870 3873 his
887 3811 984 3878 ritum

95 3926 116 3992 t.
128 3941 294 4009 uuwmque
309 3921 553 4009 praebeantque
565 3929 831 4006 operaexercest‚
844 3921 903 3986 sub
916 3921 984 4010 ipso

41 4073 42 4090 i
67 4045 103 4088 ru.
820 4029 858 4094 dr
