2570 4614
193 287 256 374 276
505 309 678 354 cauusrrrs
703 311 913 356 lustrorum

191 454 205 487 s
218 423 277 492 tuit
288 421 390 492 fidelis
402 445 477 490 cum
488 421 557 491 Deo
570 423 697 512 spiritus
714 425 799 512 ejus,
812 435 845 490 et
855 423 913 490 Dei
924 437 1156 493 testamentum
1168 449 1234 492 nou

192 529 453 608 »custodierunt
471 545 505 600 et
521 535 555 600 in
569 532 639 623 lego
653 535 723 623 ejus
738 534 911 602 uoluerunt
926 534 1093 602 ambulare
1104 536 1127 604 ¹.
1147 565 1162 598 s
1180 538 1234 603 llae

191 659 266 712 sunt
277 669 382 714 causae
392 645 658 722 exacerbationis,
670 659 802 734 propter
812 670 890 735 quas
905 647 991 714 veuit
1001 647 1020 714 J
1025 647 1112 712 udex
1123 669 1235 735 poenas

191 758 388 848 irrogaturus
403 756 440 822 iis
460 755 515 845 qui
529 756 647 828 bonam
662 755 759 822 vitam
769 754 941 822 noluerunt
951 754 1092 846 eligere:
1109 770 1142 822 et
1163 756 1234 822 ideo

191 889 267 932 cum
286 865 332 931 eis
348 863 443 954 paulo
457 863 511 930 bic
525 864 589 952 egit
604 865 753 942 crassius,
765 865 790 930 si
802 865 899 931 modo
909 868 949 932 ab
960 889 1001 932 eo
1011 866 1139 955 quoad
1152 890 1236 932 mor·

190 987 258 1046 tem
278 975 425 1042 seruntur
443 975 578 1062 impetu,
601 973 706 1063 aliquo
729 975 825 1041 modo
846 999 901 1040 eos
922 977 1087 1044 retardare
1112 989 1230 1065 posset.

189 1087 276 1155 Dicit
297 1085 404 1174 itaque
426 1107 484 1174 per
506 1085 608 1152 David
635 1085 795 1168 minarum
817 1097 945 1174 caus*
968 1087 1230 1176 apertissimam:

201 1197 297 1266 «Non
313 1195 519 1262 crediderunt
537 1195 569 1260 in
592 1192 790 1262 mirabilibus
808 1197 900 1282 ejus:
917 1196 1046 1284 quando
1060 1196 1233 1263 occidebat

192 1310 317 1400 »ipsos
334 1306 537 1396 requirebmt
551 1306 669 1395 ipsum,
686 1318 719 1372 et
733 1308 1013 1384 convertebantur,
1030 1319 1063 1372 et
1080 1330 1180 1374 mane
1196 1306 1232 1372 ad

192 1450 208 1486 a
221 1421 325 1486 Deum
338 1416 521 1506 vigilabant,
536 1426 568 1481 et
579 1415 738 1482 recordati
749 1426 835 1492 sunt,
846 1416 933 1504 quod
943 1416 1028 1483 Deus
1041 1428 1093 1481 est
1106 1415 1232 1502 adjutor

192 1553 347 1606 reorum,
366 1540 400 1594 et
417 1528 502 1593 Deus
521 1525 689 1594 altissimus
708 1526 893 1616 redemptor
910 1549 1024 1594 eorum
1046 1539 1100 1592 est
1115 1526 1139 1592 ².
1162 1527 1229 1592 »tu

191 1640 341 1730 cognovit
351 1661 406 1704 eos
418 1636 560 1704 converti
576 1647 708 1726 propter
722 1647 858 1711 metum,
875 1637 1109 1726 contempsisse
1126 1649 1228 1704 autem

191 1751 261 1839 ejus
279 1747 518 1838 benignitatem.
536 1746 665 1812 Bonum
678 1745 776 1824 enim,
794 1746 882 1834 quod
896 1771 1022 1836 semper
1041 1760 1093 1813 est
1111 1746 1226 1814 henet-

191 1885 281 1940 cum‚
299 1857 489 1951 plerumque
507 1857 723 1930 contemnitur
743 1857 883 1940 :colitur
904 1871 1024 1936 nutem,
1051 1859 1113 1946 qui
1133 1860 1222 1926 bene·

190 1968 262 2036 volo
277 1969 404 2057 justitiae
418 1977 507 2033 metu
527 1966 689 2033 admonet.
708 1965 832 2056 Duplex
850 1979 898 2034 est
917 1979 1027 2035 autem
1042 1991 1150 2056 genus
1163 1991 1222 2034 me*

192 2095 263 2150 tus:
277 2103 416 2170 quorum
427 2076 563 2143 alterum
575 2077 704 2166 quidem
714 2089 763 2142 est
774 2100 848 2144 cum
859 2079 983 2167 pudore
1000 2080 1225 2167 conjunctum.

191 2216 255 2282 quo
268 2203 402 2258 utuntur
413 2189 497 2276 cives
508 2211 581 2277 erga
595 2189 696 2254 bonos
706 2189 878 2278 principes.
896 2200 929 2254 et
942 2213 1001 2257 nos
1018 2213 1098 2279 erga
1114 2190 1226 2264 Deum.

192 2300 464 2392 quemadmodum
490 2297 567 2364 boni
593 2295 649 2364 filii
674 2321 748 2388 erga
772 2311 929 2387 parentes.
954 2303 1105 2390 «Equus
1132 2302 1226 2375 enim,

191 2439 206 2474 s
221 2409 350 2497 mouit,
365 2406 539 2474 indomitus
553 2406 659 2472 evadit
673 2406 789 2484 durus,
801 2419 834 2472 et
856 2405 939 2474 lilius
954 2409 1111 2476 remissus
1127 2408 1227 2476 evadit

190 2539 358 2610 spraeceps
368 2515 391 2582 ⁸.
411 2545 425 2580 a
440 2513 537 2582 Aliud
551 2527 658 2582 autem
673 2527 778 2582 metus
793 2541 891 2606 genus
906 2533 954 2586 est
969 2503 1045 2588 cum
1059 2519 1154 2598 odio,
1169 2543 1227 2610 qur

189 2628 271 2696 servi
284 2637 418 2692 utuntur
427 2648 503 2714 erga
517 2625 665 2696 dominos
677 2624 835 2702 difficiles,
853 2639 886 2694 et
897 2628 1037 2707 Hebraei,
1050 2633 1109 2720 qui
1128 2634 1226 2700 Deum
1282 2717 1283 2722 ἵ

191 2736 358 2804 dominum
371 2733 487 2810 secere,
498 2757 564 2801 non
579 2746 713 2824 patrem.
729 2733 865 2804 Multum
881 2751 988 2806 autem
1003 2753 1037 2806 et
1051 2741 1227 2830 quidem‘in
1281 2725 1283 2752 ¹

189 2860 294 2946 totum
318 2844 423 2911 differt
444 2844 478 2910 id
492 2846 580 2936 quod
594 2858 641 2912 est
656 2859 867 2936 spontaneum
887 2873 924 2916 ac
941 2848 1174 2932 voluntarium,
1189 2857 1226 2922 ab
1281 2821 1283 2856 i

189 2982 228 3026 eo
251 2955 339 3045 quod
357 2955 394 3022 lit
415 2978 474 3044 per
491 2955 726 3034 necessitatem,
743 2957 828 3046 quod
843 2959 884 3026 ad
899 2958 1086 3050 religionem
1103 2966 1225 3034 sttinot
1281 2979 1282 3040 I

197 3071 297 3161 «lpse
319 3067 421 3141 enim,
445 3067 574 3153 inquit,
597 3079 647 3132 est
668 3068 861 3148 misericors,
884 3071 1067 3141 medebitur
1091 3075 1230 3164 peccatis
1280 3047 1282 3196 l

189 3203 343 3256 reorum,
359 3189 392 3244 et
407 3201 472 3243 non
487 3177 612 3266 perdet,
630 3190 663 3243 et
678 3177 823 3268 implebit
839 3193 873 3246 ut
887 3195 1008 3252 avertat
1024 3186 1108 3254 iram
1125 3211 1228 3260 suam.
1279 3199 1281 3248 l

189 3302 250 3356 »et
261 3313 326 3357 non
337 3288 486 3356 incandet
497 3311 625 3354 omnem
636 3287 885 3377 indignationem
896 3317 987 3362 suam
997 3294 1019 3360 ⁴.
1035 3296 1139 3364 »Vide
1150 3321 1230 3386 quo·

188 3399 285 3470 medo
300 3398 465 3488 Paedagogi
480 3396 566 3488 quod
580 3396 704 3486 justum
719 3411 781 3475 est,
796 3403 972 3482 ostenditur
987 3404 1020 3470 in
1038 3407 1228 3495 increpatio

189 3510 299 3582 uibusa
314 3522 346 3576 et
358 3509 416 3577 Dei
428 3507 515 3598 quod
525 3510 647 3574 bonum
658 3520 719 3585 est,
732 3509 765 3574 in
781 3511 1050 3580 miserationibus.
1065 3515 1227 3596 Quocirca

191 3619 306 3696 David,
321 3618 385 3686 boc
406 3630 468 3696 est,
485 3617 634 3708 Spiritus,
651 3618 705 3707 qui
721 3641 778 3707 por
792 3643 868 3688 eum
882 3619 1037 3710 loquitur,
1054 3635 1229 3714 utrumque
1279 3641 1280 3644 ’

189 3727 417 3818 complectens,
429 3729 469 3795 de
480 3728 594 3796 eodem
609 3729 677 3796 Deo
688 3728 792 3819 psallit
806 3754 841 3796 :r
858 3731 984 3798 lustitia
1002 3747 1035 3800 et
1052 3737 1226 3823 judicium,
1277 3747 1280 3800 t

231 3870 242 3910 ¹
255 3875 321 3926 Pssl.
334 3895 402 3943 arur,
412 3879 437 3943 8,
452 3897 490 3934 ιο.
504 3909 535 3924 -·
547 3880 558 3917 ²
571 3883 639 3936 lbid.
655 3883 696 3946 ba,
711 3885 752 3947 54,
764 3885 803 3937 55.
816 3915 847 3925 -
863 3885 964 3940 tancti.
977 3907 1036 3952 xxx,
1049 3889 1075 3948 8.
1090 3919 1120 3932 -
1135 3891 1227 3944 trel.

189 3963 293 4010 mviii,
303 3949 341 4001 38.
364 4014 368 4020 .

1277 4041 1279 4092 l

1276 4127 1278 4168 t
