2478 4594
355 259 544 304 sunourruu
568 261 628 304 urs.
655 259 684 316 γ.

25 383 50 448 lt
59 381 205 448 rationem
217 380 397 469 subjungit:

52 548 419 569 ............
442 511 543 570 Genus
555 511 654 570 omnis
665 510 701 569 ab
718 508 769 569 illo

48 612 157 691 Quippe
172 609 281 682 trahit,

25 749 162 819 lreatiouc
174 742 339 816 videlicet:

47 922 250 938 .......
275 880 335 955 Qui
351 878 460 945 blanda
474 876 613 939 homines
629 871 739 960 pietate
752 877 902 948 fovendo,

44 978 116 1040 Laeta
129 977 196 1042 ollis
212 975 263 1039 dat
278 982 484 1058 signamen,
497 977 690 1062 populosque
701 983 872 1058 frequentes

44 1081 120 1140 llltro
134 1083 218 1161 operi
231 1081 360 1160 accingit
374 1100 382 1139 ε
396 1091 478 1141 certo
496 1098 630 1158 namque
645 1081 750 1140 ordine
765 1081 874 1140 eoelum

43 1181 189 1241 Sideribus
199 1183 307 1262 sparsit
322 1183 429 1254 variis,
442 1181 574 1259 anuiq'ue
590 1191 735 1241 coronam

41 1281 156 1350 Texuit,
169 1292 240 1362 apta
258 1281 319 1341 suis
333 1292 365 1340 ut
381 1295 505 1340 manera
519 1295 648 1361 quaeque
664 1292 805 1341 notarent
855 1269 860 1279 ⁸

40 1382 250 1462 Temporibus,
267 1381 396 1460 laetoque
407 1400 501 1458 genus
517 1380 709 1441 subolescere
726 1383 800 1440 loeta

44 1483 184 1560 Quodque
199 1483 314 1542 darent.
330 1483 410 1541 lluic
423 1484 520 1563 prima
532 1499 639 1546 omues
649 1525 657 1555 ,
669 1481 742 1542 huic
755 1482 861 1541 ultima
872 1491 994 1562 semper

43 1583 110 1642 Vota
121 1585 230 1642 serunt.
247 1582 356 1658 Salve,
373 1600 390 1642 o
404 1583 544 1656 Genitor,
561 1597 653 1659 quern
668 1584 794 1662 suspicit
805 1582 908 1656 orbis,

41 1683 128 1760 Atque
139 1683 212 1744 boui
224 1695 382 1742 auctorem
394 1683 495 1742 sentit.

25 1822 40 1884 :t
59 1833 126 1886 aute
144 1819 281 1887 Aratum
299 1819 475 1895 Homerus,
494 1818 527 1882 iu
546 1815 658 1905 clypeo
670 1809 744 1894 illo,
762 1839 858 1905 quem
872 1813 1034 1887 Vulcanus

25 1925 168 1996 lbosarat
180 1979 190 2007 ,
202 1928 316 1996 mundi
327 1925 583 2016 procreationem
594 1948 613 1990 o
623 1925 717 1991 lllosis
730 1925 902 2015 exemplari
918 1917 1033 1995 (leseri-

25 2058 87 2114 eus,
103 2039 166 2104 ait:

36 2165 154 2225 Fecerat
165 2165 217 2226 hic
232 2179 327 2226 terras
338 2210 346 2240 ,
359 2165 545 2243 coelumque,
562 2164 719 2242 salumque
738 2165 941 2244 profundum,

34 2265 176 2344 Antraque
188 2285 338 2348 purpurea
354 2266 544 2343 caelumque
557 2264 623 2324 luce
638 2271 794 2324 coronant.

26 2403 52 2468 ui
70 2405 159 2470 enim
180 2417 213 2469 et
235 2405 430 2480 Poe'tarum,
455 2415 487 2468 et
508 2402 682 2470 Oratorum
697 2403 827 2490 vocilius
843 2401 969 2492 Jupiter
983 2427 1033 2470 ce·

25 2513 155 2590 luatur,
172 2513 198 2578 is
216 2513 348 2578 omniuo
363 2514 467 2578 Deum
485 2510 650 2600 siguificat.
675 2511 748 2578 Jam
767 2512 981 2588 Democritus,
999 2524 1034 2577 ut

37 2643 164 2709 quoque
184 2621 311 2696 dicam,
328 2643 473 2709 «paucos
493 2619 668 2686 admodum
688 2617 833 2686 homiues
855 2618 961 2686 lucem
983 2620 1034 2686 iu-

25 2730 88 2794 ueri
111 2729 175 2806 uit,
200 2731 254 2818 qui
275 2752 388 2795 manus
410 2728 451 2794 ad
473 2751 548 2794 eum
567 2725 701 2802 tollant,
722 2750 818 2815 mem
845 2751 901 2794 uos
929 2724 1032 2794 Graeci

25 2841 113 2903 adrem
126 2861 214 2903 nuuc
225 2859 385 2904 vocamus.
407 2837 534 2925 Quippe
546 2835 630 2900 fatur
641 2835 747 2902 omnia
758 2835 904 2925 Jupiter,
923 2837 1031 2904 omnin

25 2948 114 3023 rosit,
136 2948 190 3013 dat
208 2947 293 3012 idem
308 2945 473 3034 aufertque
489 2945 616 3020 omnia,
630 2945 837 3036 omniumque
851 2946 920 3013 Rex
932 2957 996 3039 est.
1010 2973 1023 3008 s

25 3065 32 3118 t
46 3055 187 3121 Boeotius
201 3055 373 3131 Pindarus,
390 3052 501 3120 altiore
518 3053 661 3141 quodam
674 3054 848 3141 mysterio,
869 3053 1030 3142 Pythago*

27 3185 58 3228 us
73 3165 159 3230 euim
176 3164 202 3228 is
217 3175 305 3239 erat,

87 3309 214 3380 Virum,
228 3309 340 3384 inquit,
354 3295 447 3365 unum
460 3316 552 3365 estac
570 3307 666 3364 Deum
680 3323 783 3384 genus.

86 3411 184 3468 llatre
195 3408 334 3486 spiritum
348 3407 436 3466 ambo
447 3405 605 3465 hausimus
620 3405 657 3464 ab
670 3426 740 3465 una.

25 3546 91 3610 atris
106 3545 238 3612 nomine
262 3546 429 3612 materiam
444 3539 611 3632 iutelligit,
632 3566 795 3631 unumque
807 3555 959 3632 praeterea
971 3543 1027 3612 ho*

25 3677 55 3720 m
78 3653 257 3721 llolitorem
279 3653 424 3722 omnium
439 3649 627 3729 coustituit,
651 3675 748 3740 quem
769 3652 836 3739 ipse
860 3653 1027 3720 Parentem

25 3775 189 3852 ιποτίχναν,
201 3762 264 3829 hoc
272 3765 338 3839 est,
349 3757 527 3851 «optimum
540 3781 577 3828 ao
585 3757 850 3849 sapientissimum
862 3759 1027 3828 Artificem

25 3872 170 3950 tomiuat,
192 3872 244 3959 qui
269 3891 329 3962 pro
345 3895 402 3942 sua
417 3891 576 3962 quemque
593 3870 760 3961 dignitate,
779 3869 818 3939 ad
834 3871 934 3962 ipsam
949 3894 1028 3960 quo·
