2570 4614
348 265 546 317 PAEDAGOGUS,
569 263 629 308 ula.
656 264 677 306 1.

373 417 527 487 CAPUT
549 417 649 486 XIII.

33 589 91 672 Quod
99 589 324 669 quenadmodum
345 589 378 650 s'd
392 590 470 668 quod
478 603 547 651 recto
556 604 581 650 ot
592 612 629 652 eu
638 591 738 650 oirtrste
748 587 915 671 garriens&
930 611 1033 650 secun-

60 693 117 754 dum
127 703 224 754 rectam
234 695 438 767 rationem51'to
449 715 551 753 rursus
561 705 715 768 peecatum,
725 703 826 768 proeter
839 692 980 751 rationem.

57 863 205 953 Quidquid
220 877 269 932 est
283 876 402 955 praeter
416 877 537 933 rectam
552 865 721 950 rationem,
737 864 833 930 idest
847 875 1026 954 peecatum.

24 975 79 1042 Iam
98 999 166 1042 sero
187 975 350 1066 generales
367 977 471 1068 ¹animi
493 972 680 1044 affectiones
700 999 756 1042 seu
776 976 1032 1065 perturbationes

23 1083 68 1152 boe
93 1083 180 1150 modo
202 1085 397 1152 definiendas
424 1097 556 1153 censent
580 1083 763 1175 philosophi
786 1084 1031 1176 :Cupiditatem

22 1194 143 1281 quidem,
157 1193 383 1282 appetitionem
397 1217 468 1282 quse
488 1217 554 1261 non
569 1205 660 1284 paret
675 1194 790 1261 rationi
806 1216 815 1260 ε
834 1195 954 1262 Motum
978 1219 1031 1260 au-

23 1315 88 1380 tem,
113 1303 346 1369 dissolutionem
369 1327 440 1392 quae
464 1326 529 1369 non
549 1314 640 1393 paret
665 1303 807 1370 rationi:
828 1301 1032 1392 Voluptatem

22 1425 127 1486 autem,
143 1411 309 1480 elationem
332 1414 447 1479 animae
466 1436 537 1502 quae
558 1436 623 1480 non
641 1425 732 1503 paret
753 1413 877 1479 rationi.
900 1411 935 1478 Si
955 1435 1033 1502 ergo

22 1544 78 1609 qua
89 1522 119 1588 in
133 1522 229 1612 ipsam
243 1521 412 1590 Rationem
427 1547 484 1590 seu
494 1521 639 1590 Verbum
653 1522 866 1590 inobedientia
882 1521 1034 1590 commit-

21 1629 93 1708 titm,
107 1643 271 1720 peceatum
285 1642 435 1722 generem
453 1631 614 1721 quomodo
630 1655 695 1698 non
710 1632 889 1698 necessario
906 1631 1033 1698 Rationi

20 1761 65 1804 sau
77 1741 176 1810 Verbo
190 1741 334 1819 obedire,
350 1741 439 1831 quod
453 1742 583 1832 quidem
605 1741 702 1808 fidem
726 1742 876 1819 dicimus,
897 1741 980 1834 parit
999 1740 1033 1806 id

20 1850 92 1937 quod
104 1863 228 1918 vocatur
242 1851 409 1919 officium?
423 1852 493 1941 Ipsa
516 1851 731 1928 enim-virtus,
752 1864 802 1918 est
821 1851 933 1918 animae
953 1875 1033 1918 eon-

20 1959 146 2026 sentiens
159 1960 289 2036 affectio,
307 1961 422 2026 rationi
444 1961 588 2050 subjecta
608 1981 666 2050 per
685 1972 785 2026 totam
801 1961 908 2028 vitam.
928 1961 1034 2041 Quin·

20 2068 122 2142 etiam,
140 2069 216 2156 quod
228 2082 273 2136 est
289 2091 475 2159 supremum
489 2071 647 2147 omnium,
666 2070 766 2160 ipsam
783 2067 1031 2162 Philosophiam,

19 2175 332 2254 deuteronomium
353 2192 449 2246 reetae
463 2172 593 2247 rationis
600 2203 610 2253 ς
635 2179 716 2246 adeo
737 2191 774 2244 ut
795 2181 835 2245 sit
857 2182 1033 2248 necessario

19 2284 159 2354 delictum
172 2289 321 2378 quidquid
334 2289 372 2356 iit
387 2297 517 2382 propter
538 2312 682 2356 errorem
702 2289 845 2365 rationis,
867 2302 900 2355 et
918 2291 1032 2357 merito

15 2409 301 2478 vocemmeam,
312 2425 369 2468 seu
381 2414 561 2491 peceatum.
576 2401 650 2470 Jam
661 2401 761 2479 enim,
774 2400 901 2490 quando
912 2401 1034 2492 primus

13 2505 102 2574 bomo
115 2511 268 2598 peccarit,
284 2523 317 2576 et
329 2510 399 2578 Deo
414 2534 479 2577 non
495 2510 627 2578 obedit:
644 2509 712 2576 «Et
726 2509 891 2599 jumentis,
907 2510 1032 2597 inquit,

13 2617 211 2686 »assimilatus
225 2631 275 2686 est
287 2619 385 2686 bomo
395 2618 421 2696 ¹,
438 2619 519 2709 »qui
538 2631 656 2709 praeter
669 2619 825 2687 rationem
845 2621 1033 2694 aberrasset.

13 2725 114 2810 merito
139 2728 278 2800 rationis,
291 2749 403 2817 expers
424 2728 620 2793 existimatus
643 2740 847 2819 comparatur
868 2727 1031 2818 jumentis.

13 2835 86 2903 II‘me
98 2839 193 2906 etiam
209 2837 287 2905 dicit
299 2837 460 2927 Sapientia
475 2860 482 2902 ε
495 2863 508 2898 s
522 2836 631 2926 Equus
643 2836 684 2903 ad
697 2837 817 2905 ooitum
834 2835 1034 2914 libidinosus,

13 2973 21 3007 r
33 2945 195 3014 staduiter
203 2945 377 3012 irrationali
391 2947 537 3036 jumento
552 2945 739 3013 assimilatus
753 2967 762 3011 r
776 2963 806 3012 et
818 2947 890 3013 ideo
900 2949 1037 3038 subjun-

13 3079 21 3115 r
30 3053 328 3145 gitrQuoeumque
345 3077 531 3143 supereum
545 3054 674 3121 sedente
696 3055 800 3121 hinnit
809 3054 832 3120 ².
850 3085 863 3119 s
880 3057 951 3124 Non
971 3079 1037 3123 am·

13 3162 96 3252 plius,
112 3166 229 3256 inquit,
245 3177 282 3231 ut
295 3163 394 3232 bomo
409 3163 551 3254 quuitur
565 3189 574 3232 τ
586 3189 648 3233 nee
661 3164 747 3233 enim
759 3178 807 3234 est
819 3165 954 3256 amplius
965 3189 1038 3256 par-

13 3273 97 3366 Ieeps
119 3276 267 3352 rationis,
292 3275 346 3364 qui
370 3287 483 3364 peceat
508 3287 624 3366 praeter
649 3277 806 3345 rationem
814 3301 824 3350 ς
849 3257 961 3343 rerum
989 3290 1038 3344 est

13 3407 107 3472 mpero
121 3383 258 3452 rationis
272 3381 391 3460 bellua,
407 3382 513 3450 dedita
530 3384 768 3474 cupiditatibus,
785 3387 838 3452 eui
853 3410 964 3454 omnes
978 3409 1038 3455 vo-

13 3505 134 3584 uptates
148 3493 300 3560 insident.
320 3492 418 3574 Quod
432 3517 472 3560 ex
485 3495 615 3562 rationis
630 3509 739 3564 autem
754 3495 933 3564 obedientia
949 3511 1037 3566 reete

13 3605 138 3692 μείων,
159 3617 296 3686 προσῆκον
317 3615 350 3669 et
375 3613 498 3679 καθῆκον,
523 3603 586 3671 boe
607 3616 672 3683 est,
697 3605 783 3694 quod
805 3606 978 3683 incumbit,
1003 3621 1037 3674 et

13 3713 172 3788 mmsis,
197 3731 314 3803 nempe
336 3713 500 3804 efficiam,
525 3728 640 3783 vocant
662 3713 792 3784 Stoiei⁸.
813 3717 909 3797 Quod
928 3731 1038 3786 autem

27 3828 37 3864 ¹
50 3829 118 3880 ΡιιΙ.
128 3843 199 3889 sorr,
211 3845 251 3891 aa,
263 3849 302 3882 no.
313 3832 365 3872 -2
376 3833 456 3884 Boebi-
469 3850 559 3894 xum,
569 3833 593 3884 6.

25 3903 117 3957 *vide
129 3907 166 3956 D.
181 3901 299 3969 Guttton,
308 3925 335 3977 p.
347 3909 408 3970 And.
