2570 4614
500 234 673 280 chunutus
699 235 909 280 ALEXANDMM

544 375 546 379 ’
591 411 746 480 curor
769 413 812 479 x.

191 594 276 676 Quod
287 595 359 656 rilem
372 595 454 654 Deus
463 616 515 670 per
534 595 606 652 idem
622 593 749 655 Verbum
765 607 823 660 eta
835 595 956 672 pereae&
973 604 1081 666 meat,
1097 592 1228 658 mmm,-

381 707 407 752 α
417 691 548 754 tamam
557 707 664 754 nauuoe
676 691 795 755 salutem
805 693 860 765 det,
870 691 1029 753 adlwrtruu.

238 893 272 959 Si
297 917 388 983 ergo,
404 917 475 982 quae
495 895 528 961 in
548 893 749 984 astringenda
772 893 911 960 humana
933 903 1047 960 nature
1069 901 1229 963 versetur,

188 1002 494 1071 administrationem
509 1005 626 1070 honam
643 1025 711 1069 esse
726 1014 759 1068 et
773 1000 955 1078 salutarem,
968 1010 1001 1066 et
1010 1025 1030 1067 a
1040 997 1155 1066 Verbo
1170 1021 1229 1063 ne-

190 1114 327 1184 cessario
343 1114 460 1180 assumi
481 1113 677 1179 ostendimus
694 1135 808 1203 usque,
825 1124 859 1178 et
880 1110 920 1178 ad
939 1109 1183 1202 poenitentiam,
1197 1120 1229 1173 et

189 1225 230 1289 nd
241 1235 446 1314 peecatorum
461 1223 721 1314 prohihitionem,
734 1221 1007 1289 accommodatam
1018 1217 1132 1290 fuisset
1149 1239 1229 1285 eon-

189 1335 356 1404 siderando
379 1335 527 1425 deinceps
549 1333 644 1398 suerit
667 1329 766 1399 Verbi
797 1328 1007 1398 mansuetudo
1034 1339 1069 1394 et
1098 1325 1225 1393 lenitas.

72 1447 77 1457 ’
188 1448 272 1517 Eum
287 1445 374 1512 enim
396 1446 517 1534 justum
537 1467 604 1510 esse
620 1455 784 1512 ostensum
805 1454 863 1509 est.
882 1439 1027 1530 Proprias
1048 1450 1161 1504 eutem
1179 1460 1228 1502 ex·

106 1573 112 1582 '
188 1555 281 1650 ponit
301 1555 485 1632 sententies,
502 1577 572 1645 quae
597 1553 639 1622 nd
660 1553 796 1622 salutem
812 1551 996 1633 hortentur,
1013 1571 1073 1638 per
1094 1573 1178 1638 ques
1196 1548 1227 1614 id

191 1665 280 1758 quod
292 1665 464 1734 honestum
479 1674 528 1734 est
540 1676 575 1732 et
589 1663 678 1741 utile,
694 1663 763 1730 vult
774 1687 814 1730 er
827 1673 959 1753 paterna
978 1658 1149 1728 voluntate
1166 1663 1225 1749 sig·

150 1779 157 1790 '
191 1774 334 1846 nificare·
358 1775 437 1846 Hree
455 1785 564 1841 nutem
590 1773 755 1841 considere
775 1796 783 1838 :
807 1773 978 1839 honestum
1000 1768 1154 1858 quidem,
1181 1782 1225 1835 est

191 1883 426 1956 encomiastieir
452 1880 528 1949 utile
547 1906 636 1960 vero,
652 1881 795 1948 suasorii.
814 1881 908 1952 Enim
926 1904 1001 1947 vero
1017 1880 1156 1946 suasorii
1169 1879 1225 1946 hn-

191 1993 304 2059 hitudo
319 1991 478 2079 quaedam,
493 2004 543 2058 est
556 1990 768 2060 hortatorium
783 2004 816 2058 et
837 1990 1107 2065 dehortatorium
1123 2003 1158 2056 et
1172 2015 1227 2056 eu-

191 2101 367 2174 eomiestiei
377 2123 466 2177 vero,
477 2097 689 2169 laudatorium
701 2113 734 2186 et
745 2100 1016 2190 vituperatorium.
1031 2101 1133 2166 Certo
1145 2101 1229 2167 enim

191 2211 290 2280 modo
305 2234 339 2277 so
357 2209 479 2278 hebens
493 2211 649 2280 sententie
670 2186 974 2290 suesorimessioitur
992 2209 1185 2286 hortatoria,
1199 2223 1229 2276 et

193 2318 255 2393 elio
276 2318 372 2386 modo
391 2317 617 2390 dehortatoria.
640 2317 792 2387 Similiter
816 2320 912 2387 etiem
933 2343 1034 2410 genus
1053 2321 1229 2388 encomias-

192 2430 307 2506 ticum,
325 2450 390 2494 uno
412 2427 540 2518 quidem
554 2428 651 2522 modo
674 2452 707 2496 se
726 2428 861 2506 hahens,
882 2442 931 2496 est
945 2432 1226 2521 vitupemtorium;

193 2538 256 2610 olio
271 2561 360 2612 vero,
376 2535 592 2605 laudatorium
608 2561 617 2604 r
632 2538 665 2604 in
680 2537 796 2627 quihus
810 2539 946 2606 maxime
962 2551 1109 2608 versetur
1128 2541 1229 2629 justus

191 2649 398 2738 Paedegogus,
413 2646 469 2735 qui
483 2647 570 2736 quod
586 2649 678 2718 nohis
693 2661 741 2715 est
760 2648 839 2736 utile
851 2650 911 2716 sihi
928 2661 1083 2740 tanquam
1095 2675 1229 2742 scopum

191 2757 369 2852 proposuit.
388 2755 673 2824 verumenimvero
693 2781 792 2848 genus
813 2758 941 2849 quidem
962 2759 1230 2850 vituperatorium

192 2881 227 2936 et
246 2866 497 2936 dehortatorium
520 2870 612 2936 nohis
632 2869 721 2959 prius
743 2883 906 2938 ostensum
925 2883 994 2937 est:
1009 2895 1098 2939 nuno
1123 2886 1230 2940 autern

175 3065 180 3074 ‚
193 2978 405 3052 hortatorium
415 2988 449 3046 ot
459 2978 673 3048 laudatorium
684 3004 794 3049 rursus
805 2982 897 3048 nohis
905 2983 1158 3073 aggrediendum
1169 2998 1229 3062 eet,

136 3137 140 3148 ,
194 3103 228 3158 et
242 3103 393 3181 tanquam
408 3089 442 3155 in
457 3089 577 3157 trutino
593 3089 625 3156 in
641 3088 817 3180 aequilibrio
832 3103 950 3158 stantes
963 3092 1041 3180 justi
1055 3090 1167 3159 laneos
1181 3118 1231 3161 ex·

192 3202 381 3291 pendemus.
396 3197 448 3270 Ad
464 3223 503 3267 ee
517 3223 594 3291 ergo
612 3224 682 3289 quae
695 3212 769 3267 sunt
781 3199 881 3278 utilia,
895 3201 1119 3270 adhortatione
1131 3204 1231 3269 utitur

193 3311 386 3401 l’aedegogus
400 3309 464 3379 hoo
479 3310 575 3376 modo
589 3333 648 3398 per
658 3307 861 3376 Salomonem
876 3333 884 3376 t
898 3311 988 3400 rEgo
999 3334 1069 3388 vos,
1087 3335 1108 3376 o
1124 3312 1230 3379 horni-

194 3444 290 3495 »nes,
307 3420 473 3496 adhortor,
489 3430 522 3485 et
536 3442 639 3485 meum
656 3441 766 3485 vocem
782 3418 843 3485 edo
862 3417 934 3485 filiis
954 3419 1125 3486 bominum
1147 3445 1155 3487 ε
1173 3447 1230 3489 nu-

194 3527 288 3595 »dite
309 3552 384 3596 mo:
404 3526 556 3619 praeoiero
578 3528 663 3595 enim
688 3527 812 3595 diesem¹
833 3541 916 3594 :set
941 3551 1011 3616 quoe
1037 3541 1227 3618 sequuntur.

197 3641 279 3722 Qum
293 3653 366 3708 sunt
382 3653 489 3707 autem
504 3639 652 3706 salutarie
669 3635 822 3732 consulite
838 3638 987 3728 quonium
1002 3639 1176 3709 eonsilium
1191 3643 1230 3708 nd

195 3751 384 3818 eiectionem
404 3764 437 3817 et
457 3752 564 3842 iugum
591 3750 741 3819 idoneum
763 3763 811 3819 est
832 3775 840 3816 ε
859 3751 1134 3839 quemadmodum
1156 3753 1231 3822 fucit

227 3885 322 3941 ¹Pror.
333 3889 457 3950 unedo.
