2382 4592
208 213 268 282 192
517 207 692 256 cccmus
716 207 922 256 tumnultu

204 335 323 404 dicitur
337 357 407 410 cor,
431 354 501 421 quat
520 332 617 398 vitam
639 331 868 424 suppeditavit)
882 383 892 411 ,
905 334 1149 426 quoniaml‘attrpn

205 443 323 512 Filium
341 443 553 534 cognoscitur.
575 441 639 507 Sed
661 464 723 508 nec
736 442 901 518 omnihus,
914 443 965 529 qui
979 443 1149 531 impudentes

206 565 327 619 temera
347 551 457 618 dicunt
476 563 509 615 et
533 550 698 626 scribunt,
721 561 848 639 opertet
871 573 954 616 aures
971 553 1095 640 prebere.
1110 553 1149 618 ln

208 659 321 728 calices
332 682 476 747 quoque,
495 658 550 745 qui
567 683 584 724 a
600 657 708 724 multis
723 658 934 746 corripiuntur
946 658 1150 734 nutamine

208 768 308 844 ansis,
332 765 463 841 detriti,
487 788 579 831 aures
605 764 735 854 quidem
761 766 930 841 amittunt,
951 775 1081 857 praeterea
1098 779 1151 833 adn

207 875 305 942 etiam
319 874 378 963 ipsi
393 872 574 939 excidentes
590 873 844 966 confringuntur.
862 873 977 941 Eodem
993 874 1074 940 modo
1089 875 1152 962 ips

207 1005 288 1072 que,
311 981 365 1069 qui
379 977 487 1048 multis
502 979 593 1070 nugis
609 980 682 1045 lidei
698 992 817 1048 castam
836 981 1012 1050 incestarint
1024 982 1152 1058 auditione

208 1091 249 1156 nd
260 1089 424 1155 verimtem
439 1089 503 1176 jam
514 1088 643 1154 tandem
658 1090 937 1164 obsurdescentes,
952 1102 982 1154 et
996 1089 1116 1154 inutilesl
1147 1141 1151 1164 ,

210 1210 243 1263 et
257 1199 290 1264 in
302 1210 420 1263 terram
432 1196 594 1263 decidunt.
613 1195 683 1262 Non
695 1219 771 1286 ergo
782 1210 903 1264 temere
913 1200 1014 1287 pueris
1023 1199 1152 1287 precipias

211 1318 248 1372 ut
273 1299 473 1395 apprehensis
488 1304 619 1370 auribus
635 1305 752 1371 amicos
772 1304 971 1383 osculentur,
989 1306 1046 1372 hoc
1058 1307 1153 1392 aiunl

211 1415 273 1480 cite
288 1413 517 1502 significantes,
534 1413 710 1501 ingenerari
724 1435 782 1502 per
801 1414 943 1480 auditum
956 1413 1153 1480 sensumdilru'r
1171 1413 1172 1452 ³

210 1521 259 1587 nis
280 1544 288 1584 ε
309 1519 393 1584 Deua
408 1532 506 1584 omero
523 1531 568 1584 est
584 1519 706 1586 dilectio
718 1518 749 1596 ⁴,
766 1521 820 1608 qui
841 1521 1077 1610 cognoscendum
1088 1461 1172 1610 epe-l

211 1629 267 1694 het
282 1627 339 1703 iis,
365 1627 420 1716 qui
447 1625 601 1716 diligunt;
626 1629 709 1692 sicut
728 1629 812 1694 Deus
835 1642 879 1695 eat
901 1630 998 1718 fidelis
1014 1627 1043 1706 ²,
1061 1625 1172 1717 qunti

211 1737 273 1804 hus
305 1735 441 1802 traditur
470 1758 528 1824 per
553 1734 751 1824 disciplinam
781 1760 789 1802 ε
819 1749 851 1802 et
882 1750 1004 1826 oportet
1022 1737 1099 1802 nasei
1110 1733 1149 1796 ai
1171 1819 1172 1830 ἵ

215 1845 404 1932 conjunctos
425 1865 463 1908 ac
483 1841 651 1908 familiares
674 1867 732 1932 per
751 1845 888 1911 divinam
907 1840 1150 1916 dilectionem,rti

217 1952 283 2022 mili
299 1951 552 2042 contemplemur
566 1935 687 2028 simile,
707 1977 788 2042 pure
808 1966 840 2020 et
858 1956 937 2021 citra
954 1952 1153 2021 fraudemrulu
1171 1995 1172 2018 1

214 2061 377 2130 audientes
395 2061 553 2136 veritatis,
570 2061 669 2125 instar
683 2084 880 2150 puerorum,
901 2064 956 2152 qui
972 2064 1051 2128 nobis
1063 2058 1151 2125 autu
1170 2093 1172 2150 ξ

214 2169 284 2234 Hoc
305 2180 412 2234 autem
433 2179 525 2242 erat,
547 2167 635 2255 quod
656 2169 751 2233 tacite
766 2169 982 2258 significahat,
1005 2161 1172 2258 quisunt?

216 2275 330 2352 hrerit,
347 2275 400 2364 qui
412 2273 570 2364 inscripsit
582 2275 615 2340 in
632 2273 719 2341 aditu
730 2275 840 2366 templi
856 2278 889 2343 in
900 2279 1064 2368 Epidauro:

298 2452 369 2510 Esse
382 2449 468 2508 decet
483 2461 614 2524 castum,
628 2453 719 2510 sancti
728 2411 783 2528 'qui
794 2453 899 2512 limina
913 2455 1013 2533 templi

296 2549 469 2628 Ingreditur
472 2593 815 2612 ...........

217 2717 350 2783 (institas
372 2729 478 2784 autem
500 2731 566 2795 est,
591 2733 699 2786 sancta
724 2722 874 2810 cogitare.
895 2722 1010 2804 «Quod
1026 2723 1046 2786 si
1059 2711 1157 2784 nealal.

218 2823 355 2912 stupuit,
375 2823 496 2891 fueritis
513 2839 549 2891 ut
559 2827 593 2892 hi
604 2826 722 2916 puelli,
738 2852 804 2895 non
819 2829 972 2895 intrabitis
987 2831 1015 2894 in
1029 2841 1157 2917 regnanto

218 2931 402 3004 »lornmha
417 2933 476 2998 Hic
486 2934 573 3000 enim
583 2934 641 3000 Dei
654 2933 808 3023 templum
818 2937 920 3002 tribus
934 2939 1058 3003 cernitur
1067 2931 1157 2998 [nutu

217 3040 450 3140 fundamentis,
466 3038 630 3130 fide,spe,
644 3041 835 3110 charitate...
851 3044 1049 3134 Justusergo¹
1060 3035 1172 3136 quandiu

219 3148 421 3223 tentionem,
446 3171 515 3236 que
544 3149 645 3214 oritur
666 3173 705 3214 ex
730 3150 907 3229 charitate,
931 3154 969 3219 ad
989 3160 1172 3240 quampropflt

220 3256 394 3323 contendit.
412 3255 557 3320 Putant
576 3257 680 3333 enim,
700 3258 819 3347 inquit,
843 3260 996 3346 aperietur.
1018 3257 1090 3323 Petite
1105 3247 1158 3316 cit

217 3368 306 3433 'bitur
318 3367 401 3432 vobis
416 3365 437 3430 ⁵.
457 3367 519 3446 Qui
536 3367 621 3432 enim
636 3392 763 3457 regnum
777 3370 912 3457 rapiunt,
931 3383 998 3436 sunt
1008 3361 1158 3434 statuatur

222 3476 426 3541 contentiosis
438 3474 653 3551 orationihus,
666 3476 722 3542 sed
732 3489 828 3544 recta
840 3479 911 3544 vitae
922 3478 1076 3546 assiduitate
1085 3495 1091 3536 :
1099 3479 1158 3534 etto·

221 3623 226 3633 ¹
260 3641 1095 3714 ¹rJ0m.1v‚16.-·rcor.1,9;x,13.-¹ntnru.m11,t

256 3734 265 3757 ⁴
274 3732 332 3800 Pag.
344 3730 397 3796 654
406 3746 429 3782 et
440 3750 491 3800 seq.

257 3823 265 3850 ¹
283 3821 369 3874 hlatth.
384 3841 526 3887 a11‚¹‚7.—
540 3825 646 3890 '1d.xr‚
660 3841 699 3875 ra.
