2614 4628
477 321 639 368 cernuus.
1031 299 1072 384 89

35 443 195 514 elCereris
211 442 394 524 Eleusine.
419 441 573 510 Prodicus
587 449 763 528 assumptos
782 436 813 502 ln
830 435 905 500 deos
919 431 1074 526 loquitur,

37 559 82 646 qui
93 557 236 624 errando
252 555 399 622 inventis
415 555 504 621 noris
519 554 660 644 frugibus
676 552 799 618 utilitati
815 553 982 619 hominum
1000 577 1076 644 pro-

38 668 125 734 fuere.
142 665 360 764 lnpeamdem
378 666 617 730 sententiemet
630 663 761 728 Perseus
777 662 1031 753 philosophatur,
1044 676 1077 731 et

40 778 172 844 annectit
185 778 340 843 inventas
356 775 465 865 fruges
477 788 510 840 et
525 775 653 863 frugum
673 773 812 862 ipsarum
828 787 1005 863 repertores
1021 777 1077 840 iis-

46 888 112 954 dem
129 887 342 964 nominihus,-
359 899 397 952 ut
416 886 558 952 comicus
575 907 679 950 sermo
697 896 745 950 est
760 882 917 950 Venerem
938 887 1004 956 sine
1022 887 1077 954 Li-

46 1000 114 1064 hero
138 1013 170 1064 et
195 999 324 1064 Cerere
352 991 922 1087 1115111.111111111111111111311111ι
946 995 1077 1064 Macedo

45 1108 142 1198 insigni
158 1105 334 1174 volumine
354 1106 398 1171 ad
408 1117 544 1170 matrem
561 1127 651 1170 suem
674 1103 810 1194 scripsit,
833 1116 920 1171 metu
940 1129 1002 1172 suae
1018 1129 1078 1194 po-

46 1217 150 1284 testatis
163 1217 341 1307 proditum
358 1216 420 1282 sibi
435 1215 476 1280 de
491 1215 549 1280 diis
563 1213 745 1280 hominibus
759 1237 778 1278 1
793 1213 958 1280 sacerdote
973 1238 1079 1282 secre-

45 1341 115 1394 tum.
135 1327 207 1394 11111
230 1325 426 1392 Vulcanum
450 1324 525 1390 fecit
546 1325 690 1390 omnium
711 1323 901 1413 principem,
923 1337 955 1390 et
970 1339 1079 1415 postea

44 1437 119 1504 loris
138 1448 296 1528 gentem
314 1448 351 1502 et
366 1434 407 1502 de
430 1435 525 1526 spicis
550 1435 640 1503 lsidis
654 1435 696 1500 ad
713 1433 916 1501 hirundinem
937 1435 1077 1516 sistrum,

42 1561 72 1613 et
90 1549 227 1639 aspersis
257 1547 418 1614 membris
446 1547 574 1612 inanem
597 1547 644 1628 tui
666 1545 825 1636 Serapidis
853 1547 918 1614 sive
948 1546 1080 1616 Osiridis

43 1658 209 1726 tumulum.
232 1657 414 1724 Considera
429 1654 565 1743 denique
581 1678 669 1722 secra
687 1655 767 1746 ipse,
783 1667 816 1722 et
830 1657 898 1746 ipsa
917 1661 1079 1746 mysteria,

44 1771 178 1838 invenies
206 1769 314 1836 exitus
341 1767 461 1842 tristes,
483 1765 559 1842 1111,
582 1779 615 1831 11
639 1766 762 1842 funere,
787 1778 819 1832 et
841 1764 959 1844 luctus,
986 1780 1081 1857 etque

47 1877 188 1969 plsnclns
213 1880 409 1946 miserorum
434 1876 578 1942 deorum.
610 1875 667 1942 lsis
692 1877 852 1965 perditum
877 1876 980 1942 lilium
1006 1902 1081 1946 cum

51 1981 276 2077 Cynocephalo
298 2011 355 2054 suo
376 1998 410 2051 et
425 1983 521 2052 calvis
535 1986 751 2052 sacerdotibus
766 1985 865 2076 luget,
881 1987 1014 2078 plangit,
1030 1990 1082 2056 in·

56 2098 170 2186 quirit:
179 2109 213 2162 et
219 2098 306 2164 lsiaci
314 2095 418 2163 miseri
427 2094 556 2162 credunt
570 2107 712 2186 pectora,
728 2109 761 2161 et
776 2095 917 2164 dolorem
930 2099 1080 2168 infelicis·

57 2208 146 2274 sim
160 2208 270 2273 matris
284 2208 439 2273 imitantur
452 2229 462 2271 t
475 2228 564 2281 mox,
575 2206 704 2272 invento
719 2205 861 2295 parvulo,
877 2209 994 2296 gaudet
1008 2211 1078 2288 lsis,

53 2315 195 2384 1111111111
211 2317 397 2392 sacerdotes,
415 2313 661 2404 Cynocephalus
676 2315 822 2381 inventor
835 2316 1002 2405 gloriatum
1022 2343 1081 2387 nec

49 2426 196 2492 decimant
215 2427 305 2493 ennis
327 2426 477 2492 omnibus
493 2423 542 2490 rel
563 2424 697 2514 perdere
719 2425 805 2512 quod
827 2425 1011 2504 inveniunt,
1031 2427 1083 2496 vel
1168 2445 1173 2454 '

45 2537 188 2604 invenire
210 2537 297 2625 quod
320 2535 470 2625 perdunt.
496 2537 608 2604 Nonne
631 2532 806 2602 ridiculum
824 2545 886 2612 est,
907 2535 954 2602 rel
975 2535 1083 2627 lugere

45 2648 129 2738 quod
144 2645 247 2724 colas,
266 2644 316 2711 rel
339 2645 445 2714 colere
460 2646 546 2735 quod
565 2643 696 2734 lugeas?
716 2644 792 2734 Hsec
811 2656 917 2712 temen
935 2645 1082 2738 AEgyptie

43 2757 222 2847 quondam,
238 2779 328 2823 nunc
346 2767 378 2822 et
398 2779 487 2824 sacre
510 2755 652 2824 Romana
671 2751 754 2819 saint.
780 2753 875 2820 Ceres
895 2755 1082 2826 fecibusec-

43 2869 158 2944 oensis,
180 2879 216 2932 et
230 2878 381 2955 serpente
403 2865 611 2941 circumdata,
629 2887 738 2930 errore
761 2865 943 2954 subreptam
962 2880 995 2934 et
1009 2891 1082 2934 cor-

44 2991 172 3066 ruptam
186 2976 341 3044 Liheram
355 2977 447 3042 anxia
461 2988 495 3042 11
509 2974 641 3043 sollicite
653 2975 793 3064 vestigat.
808 2977 885 3042 llaec
900 2989 972 3043 sunt
984 2977 1082 3043 Eleu-

43 3088 134 3154 sinis.
152 3089 197 3154 Et
213 3086 391 3177 qualevis
411 3107 499 3153 secra
511 3085 606 3152 sunti'
618 3084 729 3152 Nutrix
742 3084 860 3175 capelle
876 3099 937 3164 est,
947 3099 980 3152 et
991 3087 1083 3154 avido
1215 3159 1219 3172 ‚

43 3199 125 3287 patri
140 3197 346 3264 subtrahitur
356 3196 458 3263 infans
473 3219 514 3263 ne
525 3209 665 3274 voretur,
682 3209 714 3263 et
726 3196 945 3286 Corybantum
957 3199 1084 3286 cymha-

44 3307 93 3386 lir,
104 3320 252 3398 nepater
263 3307 387 3383 audiat,
402 3308 523 3398 vagitus
534 3307 630 3374 initus
640 3306 778 3374 eliditur.
789 3305 918 3396 Cyhelae
925 3308 1084 3397 Dindyma

46 3419 143 3507 pudet
167 3419 297 3494 dicere,
319 3441 392 3507 qum
411 3416 589 3486 adulterum
616 3441 710 3485 suum
729 3416 898 3484 infeliciter
918 3415 1082 3506 placitum,

48 3527 201 3617 quoniam
216 3541 249 3594 11
269 3529 339 3617 ipsa
358 3525 507 3594 deformis
526 3541 557 3595 11
573 3527 690 3605 vetula,
705 3541 741 3593 ut
757 3527 932 3594 multorum
949 3528 1084 3597 deorum

47 3651 164 3715 mter,
181 3638 224 3704 ad
238 3650 389 3728 stuprum
409 3635 525 3705 illicere
540 3662 605 3705 non
619 3649 757 3728 poterat,
774 3639 909 3716 enecuit,
929 3651 964 3707 nt
978 3639 1085 3707 Deum

48 3748 170 3816 11111111
194 3748 315 3816 fuceret
341 3749 536 3816 eunuchum.
565 3747 700 3837 Propter
726 3748 811 3815 hene
834 3748 973 3817 fabulam
1001 3749 1084 3818 Gelli

49 3882 133 3936 11111,
149 3871 183 3924 et
201 3859 357 3936 senniviri,
376 3860 424 3926 sui
440 3860 580 3950 corporis
602 3855 757 3948 supplicio
778 3858 895 3928 colunt.
921 3863 998 3930 Haec
1019 3862 1085 3950 jam

82 3985 164 4035 Ι11111
175 3987 319 4040 Alexander
327 3986 479 4053 Polphiston
490 3987 531 4038 hic
544 4003 603 4038 ram
615 3985 741 4052 plerisque
752 3997 817 4056 errat
829 3989 961 4040 Minutius.
