2570 4614
364 295 560 352 nummus,
584 299 645 342 ΗΒ.
672 299 694 342 Ιι

414 506 567 576 CAPUT
590 508 650 576 lv.

57 709 144 792 Quod
156 707 284 771 Verbum
293 729 330 766 ex
342 727 426 782 oequo
440 710 565 768 uirorum
575 721 600 767 et
612 709 759 772 mulierum
768 709 942 792 poedugogus
954 716 998 772 sit.

54 901 148 968 flauo
159 922 235 989 ergo
249 899 370 964 bonam
388 895 600 964 obedientiam
615 898 714 986 magis
730 897 891 988 magisque
905 900 1045 992 amplec-

13 1023 128 1088 tentes,
144 1031 204 1075 nos
220 1009 305 1098 ipsos
316 1005 453 1074 Domino
468 1007 641 1084 tradamus,
653 1007 870 1076 firmissimum
884 1011 952 1100 ejus
969 1011 1044 1080 iidei

14 1121 183 1187 uadentem
197 1117 428 1208 appendentes,
453 1117 626 1206 cogitantes
648 1119 793 1185 eamdem
813 1143 881 1186 esse
895 1121 1046 1192 virtutem

15 1231 70 1297 viri
94 1242 127 1296 et
145 1228 300 1296 mulieris.
326 1227 359 1294 Si
382 1228 468 1293 enim
488 1229 627 1317 utrisque
651 1253 732 1296 unus
751 1229 837 1296 Deus
861 1243 931 1310 est,
950 1233 1046 1298 utris-

17 1363 77 1430 que
98 1341 195 1406 etiam
221 1362 305 1405 unus
328 1349 376 1404 est
398 1335 600 1428 Paedegogus‚
624 1362 686 1406 una
711 1339 871 1417 Ecclesia,
895 1367 958 1408 una
980 1367 1047 1408 mo-

18 1451 136 1518 deratio
155 1473 196 1518 ac
209 1449 440 1539 temperantia,
456 1473 518 1517 una
536 1451 743 1526 verecundia,
761 1449 1049 1521 alimentum'com-

19 1584 125 1638 mune,
142 1555 327 1650 conjugales
348 1559 484 1646 nuptie,
507 1559 683 1651 respiratio,
711 1562 804 1638 visus,
830 1563 967 1637 auditus,
996 1588 1048 1631 co·

20 1671 127 1760 gnitio,
143 1694 229 1760 spes,
248 1674 441 1749 obedientia,
461 1670 610 1748 charitas,
631 1674 736 1739 omnia
758 1671 881 1742 similia.
900 1675 1048 1756 Quorum

21 1795 125 1849 autem
145 1793 193 1848 'est
214 1781 278 1850 vita
298 1784 427 1872 quidem
448 1783 833 1861 communiscomnunis
854 1797 960 1852 autem
979 1811 1050 1876 gra·

22 1890 83 1968 tin,
107 1904 139 1958 et
165 1889 248 1959 salus
273 1893 480 1960 eommunis:
506 1917 618 1960 eorum
643 1917 771 1983 quoque
799 1897 978 1962 eommunis
1001 1911 1058 1964 est

26 1997 165 2079 dileetio,
182 2015 214 2069 et
226 2003 384 2070 educatio.
398 2030 411 2064 ι
426 2003 463 2068 ln
480 2001 542 2069 hoc
556 2003 655 2080 enim,
673 2005 795 2090 inquit,
808 2004 924 2073 saeculo
937 2029 1050 2072 uxores

25 2109 179 2177 »ducunt
195 2125 228 2177 et
240 2111 398 2190 nubuut¹‚
416 2113 475 2177 »in
492 2135 554 2200 quo
572 2109 640 2177 solo
659 2111 889 2179 immininuma
908 2113 1049 2180 masculo

27 2221 237 2288 discernitur:
249 2248 261 2284 ι
274 2223 304 2287 in
320 2220 375 2288 illo
389 2232 511 2298 autem,
528 2243 594 2288 non
615 2220 763 2310 amplius,
782 2223 863 2290 »ubi
879 2222 1001 2290 socialis
1016 2237 1049 2290 et
1153 2221 1156 2242 ¹

26 2341 141 2399 sanem
152 2331 248 2420 hujus
258 2330 342 2409 vitae,
354 2327 478 2420 quae'ex
489 2331 716 2421 conjunctione
727 2329 951 2421 proficiscitur,
966 2357 1050 2424 prae-

25 2442 87 2507 mie
108 2465 170 2508 non
189 2438 332 2509 masculo
355 2464 393 2507 ac
416 2437 564 2517 imminu.
591 2441 647 2508 sed
668 2440 791 2508 homini
814 2455 1051 2532 proponuntur,

23 2575 97 2618 eum
115 2575 205 2629 eum,
226 2549 379 2640 quamdin
400 2543 449 2617 est
463 2563 638 2640 separatus,
659 2553 805 2638 sejungat
821 2551 948 2640 cupido.
968 2552 1051 2622 Viris

22 2659 126 2750 itaque
136 2673 170 2730 et
181 2659 370 2728 mulieribus
381 2683 550 2728 commune
561 2683 679 2727 nomen
688 2659 786 2726 homo
799 2673 856 2728 est.
871 2663 916 2729 Ea
928 2665 1049 2732 ratione

22 2773 99 2840 mihi
113 2771 266 2839 videntur
280 2773 377 2839 Attici
393 2788 545 2862 παιδάριον,
560 2771 703 2861 epicoeno
717 2795 853 2866 genere&
867 2797 932 2840 non
947 2774 1050 2845 solum

22 2881 211 2956 masculum,
225 2882 283 2950 sed
299 2883 395 2949 etiam
405 2881 568 2949 foeminam
580 2903 738 2958 vocassse3
753 2883 778 2953 si
793 2883 845 2950 cui
860 2883 923 2952 fide
937 2887 1051 2978 dignus

23 2991 145 3060 videtur
164 3015 235 3062 esee
261 2993 385 3060 omicus
408 2991 580 3060 Menander
606 2991 639 3058 in
661 2988 907 3083 Rhapiuomena‚
924 2999 979 3087 qui
1006 2997 1052 3064 sie

23 3103 116 3172 dicit:

99 3252 207 3314 Filiola
216 3271 301 3312 mea:
318 3251 474 3312 admodum
487 3253 564 3312 euim
573 3263 676 3311 natura

104 3355 285 3414 Benevolum
299 3366 343 3412 est
355 3355 505 3434 παιδάριον,
520 3352 626 3432 puella.

23 3509 96 3578 ἔω
110 3533 187 3580 vero
203 3523 277 3602 atem
291 3531 431 3600 quoque,
450 3507 537 3598 quod
552 3529 655 3599 agnos
675 3503 843 3596 signifieat.
864 3516 913 3570 est
932 3505 1049 3594 epiete-

25 3643 102 3686 umn
115 3619 328 3711 simplicitatis
343 3641 473 3696 nomen,
488 3616 616 3708 animali
630 3617 711 3684 mari
730 3628 764 3683 et
784 3614 921 3682 ioeminae
936 3637 1052 3684 conve-

25 3731 124 3798 niens.
136 3731 209 3821 lpse
219 3745 327 3798 autem
337 3730 490 3798 Dominus
501 3751 559 3796 noa
571 3727 671 3818 pascit
683 3726 715 3794 iu
726 3724 839 3794 saecula
852 3725 1054 3800 soculorum,

24 3841 140 3908 nmen.
154 3841 232 3909 Sine
241 3854 367 3932 pastore
381 3853 502 3918 autem,
518 3861 579 3907 nee
593 3860 680 3914 oves,
692 3859 752 3906 neo
765 3837 936 3932 quidquam
947 3849 1052 3927 potest

56 3971 144 4022 Ἰηο.
155 3971 248 4032 mid.
