2382 4592
206 271 267 346 248
515 287 687 332 saaunurrs
713 287 922 332 instauratur

200 390 339 458 Domino
359 402 482 465 autom,
500 387 588 478 quod
607 389 705 477 ipsius
727 385 880 456 doctrinan
900 390 999 456 divina
1017 395 1170 479 posnam

202 501 248 566 vis
260 499 351 575 insit,
370 523 460 586 aqua
476 522 516 564 no
529 511 617 564 motu
630 498 758 586 quidem
770 499 882 564 mortis
899 499 1016 565 dosroiot
1028 525 1036 567 a
1050 503 1169 589 quintu

200 609 285 696 lacto
314 608 482 674 confirmat
509 608 675 674 veritatem
697 607 945 695 praedicationis,
971 621 1107 696 monton
1123 635 1168 678 eoa

200 740 269 782 asse
294 717 480 792 ostendens,
508 717 668 804 adquam
692 717 865 782 contendit.
891 716 1008 784 llliroris
1027 729 1113 784 auten
1127 721 1168 807 rja

201 824 420 902 dilectionem,
438 848 534 913 quam
554 823 651 890 (locat
662 825 844 900 oridontor,
862 825 941 890 dum
958 827 1168 914 cognatooriln

198 935 304 1022 generi
312 946 402 1023 grato
413 935 520 1002 animo
533 934 659 1009 unitur,
678 946 710 998 ot
721 933 816 1000 otiam
829 935 966 1022 pretioso
978 935 1106 1022 sangrino
1119 937 1168 1023 ipa

196 1041 339 1108 infideles
362 1042 483 1130 pudore
499 1041 607 1108 afficit.
627 1042 657 1106 ls
681 1065 758 1131 ergo
778 1054 867 1106 metu
889 1054 1014 1130 propter
1032 1057 1166 1131 prnoept·

198 1147 336 1215 declinat
359 1149 521 1215 Christum
538 1174 670 1238 nogara,
688 1162 722 1214 ut
738 1151 838 1216 metui
855 1149 911 1215 liat
931 1151 1023 1216 tostis.
1040 1151 1167 1239 &datan

194 1269 324 1347 proptor
339 1279 428 1346 sporn
444 1256 600 1322 donorum
614 1269 799 1347 paratorum
815 1257 912 1324 lidom
929 1258 1047 1323 rendit:
1058 1260 1103 1323 sed
1113 1283 1165 1348 fros

194 1378 244 1432 tor
260 1389 348 1431 suam
367 1365 400 1430 in
419 1365 591 1431 Dominum
612 1364 833 1442 dilectionem,
854 1365 1052 1432 libentissimo
1071 1367 1116 1432 luo
1131 1370 1164 1432 ritr

193 1471 372 1546 exolvatur3
397 1473 518 1539 habens
544 1473 640 1539 etiam
661 1474 814 1563 gratiam,
844 1496 920 1540 cum
944 1475 993 1550 oi,
1017 1476 1066 1561 qui
1087 1497 1164 1542 orum

191 1584 328 1672 praehuit
342 1581 417 1647 hino
429 1581 579 1654 exaundia
597 1593 666 1646 tum
677 1582 726 1656 ai,
743 1581 796 1668 qui
809 1581 866 1669 ipsi
879 1579 1004 1647 molitus
1017 1595 1061 1646 ost
1071 1583 1162 1648 mila:

193 1691 280 1780 quod
295 1692 335 1756 ab
349 1689 398 1755 his
411 1689 579 1755 honestam
594 1689 717 1777 accepit
732 1688 949 1764 occasionem,
969 1711 1058 1778 quam
1071 1691 1163 1778 incra

191 1800 345 1890 praehuit,
369 1797 507 1887 seipsum
525 1797 712 1863 ostendendi
725 1797 870 1885 quisnam
890 1798 948 1873 sit,
964 1797 1005 1862 illi
1019 1799 1121 1886 quidam
1131 1819 1163 1884 ptr

190 1909 407 1995 tolerantiam
439 1909 578 1973 Domino
607 1929 682 1974 roro
714 1929 771 1995 per
804 1905 990 1973 charitatem
1013 1933 1021 1971 :
1044 1932 1091 1996 per
1106 1929 1162 1994 qna

190 2019 286 2084 otiam
301 2029 470 2106 antequam
483 2029 668 2082 nasceretur
691 2013 874 2080 manifestus
896 2027 965 2082 orat
989 2017 1115 2090 Domino,
1131 2037 1161 2101 qn

189 2139 267 2191 tuno
277 2127 346 2213 ojus
358 2124 555 2214 propositum
571 2123 677 2198 norit,
696 2122 748 2210 qui
766 2123 955 2211 martyrium
969 2123 1160 2213 passuruslurt

188 2237 279 2302 Bono
295 2235 401 2322 itaquo
420 2231 526 2298 animo
541 2231 626 2298 vonit
636 2231 676 2297 ol
689 2231 826 2298 amicum
837 2231 1025 2307 Dominum,
1039 2255 1088 2320 pro
1096 2241 1162 2316 qoort

189 2365 323 2432 eorpus,
349 2354 443 2430 atquo
460 2341 576 2415 etiam,
600 2353 635 2405 ut
655 2340 776 2428 judicos
793 2341 979 2428 sperabant,
1001 2341 1160 2406 arimanni

188 2451 285 2528 didit,
301 2464 333 2515 ot
346 2477 363 2516 a
375 2451 541 2518 Servatore
556 2460 683 2523 nostro,
698 2449 838 2538 Osrotcr
848 2447 974 2513 dilecte!
987 2461 1018 2512 ut
1031 2449 1159 2534 dicampot

187 2561 267 2635 tion,
289 2569 420 2648 proptor
444 2557 514 2623 ritae
533 2555 770 2622 similitudinem
793 2555 1010 2644 compellatur.
1030 2557 1082 2622 llos
1094 2565 1158 2619 autor

187 2667 467 2734 cornummotionem
482 2689 631 2732 vocamus
646 2665 852 2754 martyrium,
869 2687 934 2731 non
951 2665 1030 2753 quod
1046 2659 1161 2749 η’ίείω

186 2775 283 2842 homo
295 2776 471 2864 occeperit,
490 2787 526 2839 ut
540 2773 651 2862 reliqui
668 2772 859 2862 loquuntur,
880 2774 938 2840 sed
951 2774 1031 2863 quod
1045 2772 1158 2861 perlata

186 2897 466 2952 acconsommotom
481 2907 560 2972 opus
569 2882 741 2948 ostenderit
750 2881 919 2948 charitatis.
925 2873 1159 2964 Quintianum?

186 3017 312 3084 quoque
324 3005 445 3060 veteres
463 2990 594 3058 laudant
616 2989 713 3070 tinem
728 3012 860 3068 eorum,
882 2991 938 3078 qui
952 2990 1059 3056 monui
1075 2983 1157 3054 south

185 3102 288 3180 bello,
311 3126 375 3168 non
391 3101 520 3188 quidam
534 3113 671 3166 mortam
683 3099 849 3166 suadentes
860 3098 1041 3174 violentam,
1054 3090 1157 3181 sothml

185 3213 239 3299 qul
255 3212 286 3277 in
300 3208 382 3299 bello
401 3210 498 3275 vitam
516 3207 605 3285 linit,
622 3221 759 3275 mortem
770 3231 836 3274 nou
853 3207 1156 3278 timenutensium

183 3332 312 3409 putatus
334 3341 487 3407 corporo,
515 3341 588 3383 cum
611 3340 670 3383 noo
692 3317 779 3406 prius
807 3317 913 3384 animo
939 3316 1100 3384 laborasnt,
1119 3328 1156 3373 nrt

183 3427 341 3495 emollitus
366 3415 465 3502 esset,
493 3439 528 3491 ut
550 3425 630 3492 solet
651 3427 682 3492 in
706 3427 825 3492 morbis
847 3425 988 3494 accidero
1003 3421 1155 3492 hominiltttt

183 3539 339 3602 recedunt
353 3536 437 3602 onim
454 3531 638 3600 offoeminati
653 3547 686 3600 ot
701 3535 804 3600 vivere
822 3535 983 3624 cupientes
988 3559 997 3607 ;
1013 3545 1041 3598 ot
1054 3530 1107 3594 ideo
1118 3545 1155 3587 ut·

183 3669 246 3732 qun
260 3669 372 3734 puram
389 3645 538 3712 emittunt
557 3643 714 3719 animam,
731 3643 791 3710 sed
809 3667 879 3732 quaa
899 3643 1078 3733 cupiditates,
1089 3627 1154 3699 ΗΜ
1188 3681 1189 3712 ;

182 3765 272 3819 notas
295 3753 476 3842 plumbens,
503 3775 611 3818 sectam
634 3751 743 3828 affort,
767 3753 826 3819 nisi
849 3753 964 3818 luerint
979 3769 1071 3818 eorum
1089 3735 1153 3826 alvi
1188 3801 1189 3814 2

182 3861 296 3927 uirtute
311 3873 504 3949 praestantos.
523 3861 643 3930 Eorum
658 3873 784 3937 autom,
800 3862 854 3948 qui
870 3862 1034 3928 moriuntur
1045 3857 1071 3922 in
1083 3845 1151 3920 ΗΘ,
1187 3867 1189 3892 ¹
