2532 4608
182 258 244 342 tot
491 282 663 330 cucurreris
690 283 902 332 scurronum

179 408 275 473 etiam
291 407 416 473 habitus
431 405 628 474 discernendi
640 433 701 498 pro
714 411 839 474 meritis
853 422 911 476 aut
922 413 1022 500 magis
1032 424 1087 477 out
1098 409 1205 488 minos,

179 517 342 604 inquibus
365 517 398 582 id
420 528 544 606 oportet
560 515 628 582 fieri
643 540 683 582 ex
705 519 857 596 scientio,
883 542 1017 586 summae
1040 532 1089 584 est
1102 522 1207 608 sperio

178 625 316 714 justitie.
342 623 389 690 dc
414 637 487 690 sunt
506 624 634 714 quidem
654 627 803 713 quedam
825 647 898 715 quae
919 627 1004 717 vulgi
1024 652 1116 693 more
1135 641 1205 694 mcc

179 735 379 824 gerunturab
389 731 564 822 aliquibus,
578 745 612 798 ut
619 734 819 801 continentia
830 735 1101 824 uoluptatibus,
1113 760 1204 823 qum

178 843 348 937 admodum
369 842 452 907 inter
474 854 602 932 gentes,
626 867 666 908 ex
689 867 730 908 eo
754 843 843 932 qnod
861 868 929 911 non
951 845 1057 932 possit
1073 846 1203 932 consequi

177 952 263 1041 quod
277 946 361 1019 videt
373 949 485 1040 uliquis
496 1001 505 1027 ,
518 961 599 1016 etex
613 975 652 1016 eo
665 952 755 1039 quod
770 952 864 1017 timet
880 951 1034 1018 homiues
1047 978 1057 1017 ε
1078 965 1148 1018 sunt
1160 978 1204 1018 ru·

176 1071 241 1125 tem
255 1061 350 1125 etiem
367 1059 421 1147 qui
432 1071 563 1149 propter
579 1061 716 1147 majores
732 1058 913 1148 voluptates
928 1063 1097 1126 abstinent
1115 1063 1152 1127 ab
1174 1065 1201 1128 ir

176 1187 245 1256 quae
261 1180 335 1233 sunt
349 1168 490 1257 jucunde
501 1168 533 1233 in
545 1168 721 1257 presentie.
740 1167 787 1234 lta
802 1189 884 1257 ergo
899 1170 1003 1235 etiam
1020 1170 1055 1234 in
1069 1169 1145 1246 tide,
1159 1185 1198 1236 rut

175 1290 305 1366 propter
324 1276 586 1365 promissionem,
614 1288 670 1342 eut
691 1289 824 1365 propter
846 1276 908 1342 Dei
932 1291 1066 1343 metum
1085 1303 1116 1343 ss
1135 1303 1196 1344 non-

177 1381 254 1452 nuiii
280 1387 451 1451 continent.
470 1387 511 1450 Et
529 1396 577 1449 est
595 1385 724 1472 quidem
738 1385 996 1451 fundamentum
1020 1389 1191 1475 cognitionis,

177 1495 247 1562 telis
262 1494 472 1570 continentia,
487 1505 520 1558 et
534 1493 679 1582 quaedom
692 1494 733 1558 nd
747 1494 781 1558 id
795 1494 885 1582 quod
896 1507 949 1559 est
966 1494 1086 1561 melius
1098 1497 1190 1561 dedoc-

174 1605 237 1681 tio,
254 1617 287 1670 et
309 1605 348 1672 sd
367 1604 400 1670 id
421 1601 507 1692 qood
522 1615 571 1668 est
587 1601 761 1690 perfectum
783 1601 958 1692 impulsus.
988 1603 1180 1670 latum

175 1713 347 1800 sapientie,
365 1713 486 1802 inquit,
508 1725 552 1777 ert
571 1711 661 1777 timor
684 1710 843 1776 Dornini¹.
868 1714 937 1794 Qui
954 1727 1012 1780 est
1029 1729 1175 1802 surrupu-

174 1823 294 1899 iectns,
312 1834 442 1913 propter
467 1819 652 1887 charitatem
674 1820 776 1885 onnia
795 1823 925 1908 suffert,
943 1823 1056 1887 omnio
1077 1823 1181 1896 suono,

171 1955 234 1998 non
257 1943 291 1996 ut
309 1929 422 1996 ononi
433 1931 571 2016 ptocnu,
588 1928 641 1993 sed
655 1929 723 1993 Deo
732 1927 755 1992 ².
774 1929 990 2018 Quamquam
1002 1953 1078 1997 ann
1091 1954 1188 2020 quoquo

174 2038 242 2106 leus
256 2039 396 2126 sequitur
409 2061 468 2127 per
482 2037 758 2125 consequentiam,
778 2059 845 2102 non
857 2037 900 2103 nd
912 2063 1012 2105 suam
1029 2039 1189 2112 utilitatem,

173 2149 228 2215 sed
250 2147 289 2214 od
314 2147 523 2212 imitationem
553 2157 586 2210 et
610 2166 703 2209 nsum
727 2147 909 2234 eorumqui
927 2145 1075 2213 laudant.
1092 2149 1192 2234 Dicitur
1256 2189 1258 2232 p

169 2267 279 2324 eutem
298 2252 357 2320 olis
379 2274 507 2344 quoque
526 2253 753 2342 significatione
776 2252 959 2331 contineris,
983 2281 1050 2321 non
1069 2256 1191 2322 winnit
1256 2297 1258 2360 t

172 2367 226 2454 qui
240 2363 420 2452 comprimit
435 2363 530 2430 enimi
546 2362 820 2452 perturbationes,
837 2364 894 2428 sed
909 2364 1015 2430 etiam
1025 2366 1052 2430 is
1063 2366 1112 2453 qui
1124 2369 1190 2430 bom
1257 2369 1258 2432 1

173 2472 340 2549 continuit,
353 2484 385 2538 et
400 2471 535 2538 tirmiter
547 2471 709 2560 acquisivit
724 2472 865 2538 scientie
879 2475 1147 2563 magnitudinem,
1160 2497 1189 2538 ex
1257 2503 1258 2506 ¹

171 2605 233 2670 qun
247 2581 394 2671 producit
408 2603 461 2647 ess
476 2603 546 2668 quae
559 2599 599 2646 ex
612 2581 728 2646 virtute
744 2579 827 2645 fiunt
842 2585 1061 2671 operationes⁴
1077 2583 1180 2650 Erbsit

171 2703 206 2757 ut
221 2691 246 2756 si
261 2690 332 2779 quis
347 2711 439 2755 cesus
453 2689 610 2765 evenerit,
625 2713 642 2754 e
656 2689 786 2778 proprio
799 2687 917 2756 habitu
934 2717 1087 2781 nunquam
1099 2713 1180 2756 exm-

169 2801 225 2866 dat
239 2797 427 2866 Gnosticus:
445 2809 493 2863 est
511 2797 596 2863 enim
616 2795 714 2864 solido
738 2809 771 2862 et
792 2797 1011 2867 immutabilis
1038 2801 1104 2868 boni
1126 2818 1187 2886 qm
1257 2827 1258 2888 j

170 2908 334 2974 scientiam
347 2907 511 2973 constituit
522 2905 692 2994 possessio,
711 2917 747 2970 ut
761 2929 833 2994 quae
849 2907 1042 2975 divinmum
1057 2919 1192 2975 memet
1257 2889 1258 2896 ἵ

169 3016 381 3084 bumanorum
396 3017 436 3081 sit
454 3015 593 3080 scientia.
610 3013 757 3103 Cognitio
771 3037 849 3104 ergo
867 3039 1043 3106 nunquam
1064 3019 1100 3083 iit
1117 3019 1192 3107 ignc-

169 3127 269 3203 rutio,
286 3149 389 3216 neque
408 3127 527 3191 bonum
546 3135 688 3189 mutetur
708 3123 742 3188 in
763 3122 898 3190 maium.
927 3129 1092 3208 Quociron
1104 3140 1136 3192 ct
1149 3150 1193 3192 co·

168 3237 286 3312 medit,
312 3246 346 3300 et
364 3233 463 3310 bibit,
487 3245 519 3298 et
535 3255 666 3298 uxorem
682 3232 789 3308 ducit,
811 3255 876 3299 non
895 3257 1009 3323 perse
1032 3261 1069 3303 ac
1087 3234 1194 3325 princi·

168 3345 301 3435 polites,
318 3343 372 3410 sod
396 3343 581 3409 necessitate
596 3341 761 3408 adductus.
788 3342 928 3410 Uxorem
945 3359 1055 3412 eutem
1069 3345 1194 3416 dum,

167 3457 259 3532 dico,
284 3455 309 3519 si
332 3451 433 3542 Logos
457 3449 590 3526 dixerit,
614 3461 646 3515 et
673 3462 708 3514 ut
726 3451 886 3516 convenit.
920 3455 987 3534 Qui
1010 3455 1095 3520 enim
1111 3451 1195 3518 inerit

165 3563 344 3652 periectos,
371 3558 514 3651 exemplu
536 3559 633 3624 hebet
655 3557 847 3647 Apostolos:
876 3573 910 3626 et
932 3585 1044 3629 revera
1065 3563 1112 3628 vir
1136 3582 1194 3627 esse

166 3673 340 3761 probatur,
358 3693 423 3736 nou
438 3670 470 3734 in
485 3691 525 3734 eo
539 3667 626 3757 quod
640 3668 737 3733 vitum
754 3665 886 3757 elegerit
905 3672 1118 3737 monasticam
1130 3695 1139 3734 :
1152 3691 1193 3732 re

164 3801 238 3846 rum
254 3775 305 3843 ilie
321 3779 403 3846 viros
420 3779 529 3855 vineit,
545 3777 598 3866 qui
614 3777 646 3843 in
658 3777 877 3855 matrimonio,
892 3792 928 3845 et
940 3777 1114 3847 liberorum
1127 3799 1191 3868 pro·

203 3907 212 3935 ³
227 3912 299 3960 Prot.
317 3925 343 3972 1,
364 3926 387 3976 7.
400 3939 434 3948 -—
447 3911 455 3934 ²
473 3927 482 3961 ι
496 3909 554 3962 Cor.
565 3927 622 3972 xm,
635 3925 658 3977 7.
671 3927 684 3959 n
700 3909 782 3958 Tbrss.
793 3925 813 3956 rr
825 3944 833 3972 ,
843 3914 868 3970 4.
938 3967 942 3974 ἱ
