2522 4608
989 201 1051 332 ets

359 273 558 328 rnnanoons,
583 275 645 318 ιιι.
673 275 708 318 ιι.
822 292 861 354 p,

14 389 93 458 tce.
115 387 278 456 corma
293 399 403 456 autem
424 388 494 456 bec
512 411 633 456 aurona
648 389 828 466 marcescit,
845 400 879 454 et
897 389 1054 479 perversi-

13 502 78 570 tatis
92 511 222 566 sertum
240 496 436 576 dissolvitur,
451 510 485 565 et
498 495 558 566 llos
574 500 760 566 exsiccatur.
781 498 948 566 blancescit
968 499 1056 568 enim

12 611 103 703 gloria
129 633 244 676 eorum
265 610 322 698 qui
343 609 485 676 Domino
500 610 632 678 minimo
650 609 866 678 crediderunt.
892 611 931 678 ln
952 609 1054 677 altum

13 736 114 794 sotem
135 721 259 789 elatum
279 719 393 788 lesum
409 733 654 798 coronaverunt,
673 743 763 788 suam
784 731 936 788 testantes
957 721 1056 788 insci-

14 835 92 900 tiam.
113 833 191 899 flou
207 832 294 898 euim
307 833 426 922 ipsum,
440 853 514 898 cum
526 832 608 898 duro
620 831 717 899 corde
726 832 802 909 sint,
814 832 973 921 supienter
985 855 1055 921 pro-

16 943 101 1010 latam
119 967 191 1008 non
207 940 390 1032 intelligunt
405 963 473 1008 essa
483 941 699 1032 prophetiam,
715 963 811 1031 quam
824 941 882 1030 ipsi
894 939 1055 1032 appellant

14 1053 136 1120 Domini
149 1053 310 1142 probrum
321 1063 354 1116 et
363 1049 600 1118 conmmsttam.
615 1050 710 1118 ‹Nou
722 1051 872 1142 cognorit
881 1051 1063 1152 Dominum·

16 1162 176 1254 spopulus
186 1161 213 1239 ¹,
229 1189 244 1224 s
259 1162 314 1250 qui
330 1161 490 1228 aberravit
505 1184 514 1227 ι
533 1161 654 1227 ratione
669 1161 803 1227 minime
814 1158 874 1226 luit
887 1162 1057 1228 circumci-

19 1272 383 1360 sustnonl'ueruutejus
395 1269 743 1338 illuminataetcnebne:
755 1269 1051 1340 nunnovitllenms

21 1381 134 1472 negant
149 1380 330 1448 Dominum
352 1404 361 1444 ι
383 1403 494 1446 verum
507 1401 577 1447 esse
596 1371 747 1450 lsraelem
761 1379 928 1472 perdiditt
950 1383 1055 1448 Deum

23 1505 203 1584 persecutns
222 1504 272 1558 est
296 1513 304 1555 ι
330 1491 440 1582 Legna
463 1493 599 1582 speravit
621 1491 749 1560 afficere
770 1491 965 1558 contumelia
987 1515 997 1557 a
1021 1506 1056 1559 et

20 1627 104 1694 quem
115 1616 275 1692 tanquam
286 1600 471 1670 maleficum
485 1601 655 1679 crucifixit,
668 1614 821 1691 tanquam
836 1623 945 1692 regem
960 1625 1057 1669 coro-

21 1716 105 1780 mrit.
121 1713 333 1803 Quapropter
342 1713 376 1804 in
387 1735 484 1803 quem
496 1711 660 1780 murinam
671 1735 737 1780 non
748 1713 967 1790 crediderunt,
980 1737 1055 1785 eum

21 1825 189 1914 benignum
211 1823 317 1890 Deum
340 1823 515 1889 Dominum
530 1835 718 1914 agnoscent,
737 1837 770 1888 et
791 1825 925 1913 justum.
950 1823 1056 1904 Quem

2 1936 285 2000 exacerbaverunt
305 1945 343 1999 ut
365 1955 399 1998 se
421 1933 594 1999 Dominum
614 1933 809 2011 ostenderet,
827 1933 890 2001 boc
909 1933 950 2000 de
969 1957 1008 2000 co
1023 1935 1056 2000 in

21 2041 122 2109 altum
140 2041 260 2110 sublato
276 2043 382 2109 testati
398 2054 486 2119 sunt,
501 2041 646 2108 diadema
664 2042 792 2131 justitias
807 2041 836 2109 ei
852 2063 948 2132 super·
959 2063 1057 2110 omne

2 2190 5 2192 ·
25 2177 141 2220 nosnen
155 2151 286 2220 exaltato
301 2155 493 2230 tribuentes,
508 2176 567 2244 per
587 2153 711 2243 spinam
732 2175 858 2243 semper
872 2153 1052 2222 florentem.

24 2265 95 2331 lloc
114 2263 253 2334 diademo
277 2277 326 2331 est
346 2265 512 2332 inimicum
534 2266 571 2332 iis
587 2264 643 2354 qui
660 2264 850 2332 insidiantur
866 2287 875 2331 t
895 2266 933 2332 iis
948 2278 1056 2332 autem

1 2410 7 2418 .
25 2375 79 2462 qni
94 2375 124 2440 ia
139 2371 278 2441 Ecclesia
293 2373 388 2441 simul
405 2387 582 2452 venantur,
598 2376 752 2450 amicum,
767 2395 824 2442 eos
838 2375 1059 2464 circumsepsit

4 2492 62 2552 lac
77 2483 201 2552 muniit.
223 2485 301 2551 ttoe
319 2507 439 2551 corona
459 2483 518 2551 llos
539 2495 588 2550 est
605 2473 717 2552 eorum
733 2485 787 2573 qui
804 2484 1009 2554 crediderunt
1024 2485 1058 2552 in

2 2604 92 2662 'snm
110 2595 165 2686 qui
186 2593 384 2686 glorificatus
403 2607 467 2670 est:
492 2605 638 2662 cruentat
660 2607 768 2662 autem
793 2607 827 2661 et
850 2596 982 2686 castigat
1003 2617 1057 2662 eos

2 2707 72 2796 ³215
86 2729 151 2772 nou
169 2703 389 2773 crediderunt.
403 2703 503 2770 Porro
519 2715 627 2770 autem
642 2703 707 2770 boc
722 2723 850 2793 quoque
866 2705 991 2794 signum
1010 2715 1059 2770 ost
1147 2763 1160 2796 ,Ι

2 2810 7 2870 ἶ
24 2815 66 2884 tel
80 2839 97 2880 a
111 2815 253 2882 Domine
266 2815 350 2880 bene
364 2829 472 2904 gestes,
489 2837 563 2880 cum
580 2814 648 2904 ipse
660 2835 717 2879 suo
733 2815 836 2904 capito
847 2827 879 2880 et
889 2813 1058 2904 principali

2 2937 107 3018 spese
122 2925 267 3014 corporis
282 2925 391 2990 omniu
410 2923 494 2990 mala
512 2936 618 2990 nostra
635 2925 820 3013 portaverit,
835 2937 965 3014 propter
987 2949 1059 3015 quae

2 3037 250 3149 ‘pngcbsmnn
273 3035 359 3107 Cum
376 3035 445 3124 ipse
460 3031 548 3100 euim
566 3033 605 3100 ab
629 3033 857 3100 offensionibus
871 3047 904 3100 et
918 3033 1059 3123 peccetis

4 3157 56 3214 ›st
73 3147 229 3234 ejusmodi
246 3145 359 3236 spinis,
377 3168 436 3211 nos
451 3145 578 3235 propris
593 3145 736 3234 passione
755 3144 931 3221 liberasset,
947 3145 1061 3210 diabo-

5 3241 151 3347 {lanoe
161 3255 355 3323 infirmasset
366 3268 399 3320 et
410 3251 610 3331 abolevisset,
623 3277 717 3321 orans
729 3255 844 3320 merito
860 3253 938 3320 dixit
950 3276 985 3318 :s
999 3251 1062 3320 Ubi

5 3354 139 3444 t‘stoos,
161 3390 180 3434 o
201 3389 303 3443 mors,
323 3363 514 3432 stimulus‘?
536 3365 670 3454 »Atque
690 3387 748 3430 nos
771 3363 903 3454 quidem
925 3371 1001 3430 uvas
1022 3387 1062 3429 ex

5 3464 125 3569 “splnls
136 3476 325 3569 colligimus,
339 3488 374 3543 et
389 3475 471 3544 licus
489 3499 530 3542 es
544 3475 652 3543 rubis‘
672 3499 680 3541 ε
699 3475 744 3542 illi
759 3485 867 3542 autem
884 3473 916 3540 in
933 3473 1060 3542 vulnera

5 3572 193 3669 efficiantur,
205 3589 247 3656 ad
257 3610 338 3678 quos
350 3609 471 3655 monus
482 3586 660 3664 enundit‘,
674 3611 789 3678 nempe
801 3587 842 3653 ad
853 3586 1006 3680 populum
1015 3589 1061 3655 in·

16 3676 153 3767 'fldem
168 3709 201 3764 et
219 3697 454 3789 infrugiferum.
473 3696 602 3764 Possem
625 3695 714 3764 utut
727 3717 855 3786 quoque
876 3696 933 3764 tibi
951 3699 1064 3787 mysti-

6 3750 105 3878 rletnn
119 3809 233 3880 dicere.
251 3810 335 3879 Nom
350 3831 425 3878 cum
439 3808 641 3899 omnipotens
658 3809 877 3876 universorum
895 3807 1062 3887 Dominus,

8 3921 12 3984 ᾗ
63 3939 145 3992 ¹lsai.
156 3959 175 4002 ι,
183 3941 207 3993 b.
219 3969 248 3982 -
258 3940 270 3977 ¹
281 3960 291 3992 ι
304 3940 364 3994 Gor.
380 3913 474 4001 sabb.
483 3967 514 3980 -
523 3939 533 3974 ⁸
542 3937 606 3994 buc.
621 3954 656 4000 ιι,
668 3936 708 3999 44.
724 3963 754 3980 -·
764 3936 773 3972 Ι
784 3935 858 3990 Rom.
870 3953 896 3999 s,
907 3953 945 3990 ss.
