2614 4628
219 242 282 307 rsa
527 262 701 308 cremaris
725 260 936 306 sruxianum

216 393 304 458 sunt,
323 381 516 448 formaverit.
541 383 637 463 Quod
654 383 679 448 si
699 381 819 450 horum
838 379 984 450 nonnulli
1002 383 1111 449 dicam
1131 383 1249 470 Bryxin

217 492 373 560 artilicem
398 493 512 570 luisse,
534 493 623 560 haud
644 494 869 560 contendam:
894 494 1131 582 huncquoque
1153 495 1250 560 hahes

216 605 422 682 statuarium,
445 629 559 674 comm
586 605 748 672 utrilibet
773 607 921 675 inscribe.
952 606 1134 686 Quinetiam
1158 603 1252 671 'lole-

216 714 298 780 sium
321 716 560 788 Atheniensem.
583 729 621 782 ut
640 718 684 784 ait
704 715 926 791 Philochorus,
949 715 1086 804 Neptuni
1109 725 1145 780 et
1171 715 1248 780 Am-

214 825 379 916 phitrites,
406 853 477 918 quse
506 827 586 896 Teni
617 829 809 906 adorantur,
838 825 1111 895 noremcuhitales
1140 837 1249 892 statue

215 932 370 1004 artificem
389 949 576 1024 agnoscunt.
601 935 781 1003 Demetrius
800 949 907 1002 autem
931 935 963 1000 in
987 933 1133 1000 secundo
1148 932 1249 1022 Argo-

214 1042 363 1122 licorum,
390 1059 501 1114 statuas
528 1047 662 1113 Junonis
678 1045 854 1136 Tirynthia}
878 1057 910 1112 et
933 1043 1099 1111 materiam
1120 1065 1247 1131 pyrum,

214 1161 246 1216 et
271 1153 427 1222 artificem
453 1156 563 1222 scribit
593 1154 688 1222 luisse
716 1155 848 1246 Argum.
874 1153 983 1220 Multis
1005 1175 1081 1218 vero
1107 1151 1249 1218 mirabile

214 1262 345 1330 fortasse
358 1264 529 1342 videbitur,
541 1265 568 1330 si
579 1265 750 1332 didicerint
760 1263 949 1339 Palladium,
963 1263 1049 1352 qnod
1059 1273 1180 1338 διοπετὲς
1193 1282 1247 1350 ap-

213 1371 366 1461 pellatur,
382 1375 454 1462 quia
475 1376 600 1442 caelitus
616 1377 656 1441 sit
678 1376 864 1466 delapsam,
886 1373 973 1462 quod
992 1372 1163 1438 Diomedes
1179 1372 1246 1460 qui·

213 1483 287 1550 dem
310 1497 341 1550 at
366 1484 491 1574 Ulysses
514 1485 661 1554 seruntur
679 1511 698 1553 o
716 1485 814 1575 Troja
835 1484 998 1552 sublatum
1020 1483 1106 1572 apud
1128 1481 1242 1548 Demo·

59 1655 68 1670 .
212 1596 386 1684 phoontem
417 1598 618 1688 deposuisse,
649 1599 767 1666 sactum
793 1621 861 1664 esse
888 1620 928 1663 ex
955 1595 1078 1660 ossibus
1102 1592 1244 1682 Pelopis,

213 1705 484 1794 quemadmodum
493 1707 800 1798 OlympiumJovem
811 1701 1242 1773 exossihuslndicaehelluae:

213 1817 302 1904 atqui
316 1817 506 1906 Dionysium
521 1819 618 1906 hujus
634 1817 679 1885 rei
695 1831 861 1885 auctorem
878 1817 911 1882 in
926 1811 1144 1903 quinta‘Cycli
1162 1823 1245 1902 parto

213 1925 326 1993 afferre
341 1951 482 2017 passum.
501 1927 626 2018 Apelles
641 1952 716 1994 vero
732 1929 765 1994 in
781 1925 941 2017 Delphicis
956 1925 1022 1990 duo
1038 1922 1135 1988 fuisso
1153 1920 1245 1989 Palis

213 2036 263 2101 dia
290 2049 411 2115 narrat,
434 2062 571 2127 quorum
595 2052 767 2128 utrumque
788 2040 829 2104 ah
851 2036 1033 2104 hominihus
1057 2033 1247 2100 fabricatum

212 2159 269 2212 cst.
285 2147 332 2214 Ne
346 2171 422 2214 vero
432 2149 570 2236 quisme
581 2149 739 2216 existimet
749 2171 807 2237 per
817 2144 1028 2236 ignorantiam
1044 2143 1246 2231 praeteriisse,

212 2257 276 2324 hoc
303 2259 433 2349 insuper
450 2260 601 2350 adjiciam
615 2285 623 2326 :
637 2261 725 2350 quod
745 2257 888 2347 Monychi
905 2255 1023 2324 Bacchi
1042 2266 1163 2329 statua,
1182 2276 1246 2342 qua

212 2365 345 2434 Athenis
361 2383 422 2446 est,
439 2370 520 2436 sacta
541 2371 670 2459 quidem
686 2395 725 2437 ex
738 2367 895 2437 Phellonsi
911 2364 1028 2456 lapide,
1044 2387 1126 2452 opus
1142 2375 1246 2428 autem

214 2475 352 2545 Simonis
369 2477 425 2545 lilii
444 2479 609 2569 Eupalami
629 2479 736 2556 suerit,
755 2492 791 2544 ut
804 2503 843 2545 ex
858 2475 991 2567 epistola
1007 2473 1148 2563 quadam
1164 2471 1246 2538 Pele

217 2589 321 2664 monis
337 2591 567 2676 cognoscimus.
586 2587 647 2654 Alii
662 2601 813 2679 praeterea
830 2587 895 2654 duo
909 2585 1039 2651 luemnt
1053 2581 1199 2648 statuarii
1212 2603 1249 2646 ax

213 2693 322 2771 Creta,
344 2697 404 2764 nisi
426 2721 479 2764 me
502 2697 581 2763 fallit
604 2699 771 2775 memoria,
797 2697 937 2772 oriundi,
961 2715 1099 2781 quorum
1121 2691 1247 2758 nonrina

213 2815 304 2872 crant
326 2803 452 2893 Scyles,
474 2817 508 2872 et
527 2807 698 2896 Dipoenusa
723 2808 757 2874 hi
779 2818 887 2873 autem
909 2803 1142 2870 Dioscurorunr
1165 2799 1247 2887 sigua

213 2913 318 3002 Argis,
330 2911 477 2982 Herculis
491 2928 599 2983 autem
614 2926 752 2983 statuam
763 2913 930 3003 Tirynthe,
947 2923 980 2978 et
994 2907 1168 2976 Munichiae
1181 2907 1247 2974 Dia·

213 3049 261 3091 nae
276 3023 481 3092 simulacrum
496 3025 635 3116 Sicyone
655 3026 811 3094 fecemnt.
836 3024 901 3092 Sed
915 3021 992 3112 quid
1015 3020 1065 3086 his
1082 3021 1246 3094 immoror,

213 3159 287 3203 oum
303 3157 454 3224 magnum
469 3133 559 3202 illum
573 3136 765 3211 daemomm,
787 3134 921 3222 Sarapin
936 3130 1137 3238 AEgyptium,
1156 3151 1247 3216 quem

213 3267 277 3332 prae
288 3245 410 3311 ceteris
425 3246 574 3312 omnibns
590 3243 739 3334 singulari
750 3245 888 3334 quodam
900 3241 988 3310 cultu
1004 3251 1038 3306 et
1053 3239 1179 3304 honore
1187 3237 1249 3327 dig·

213 3355 282 3419 nari
294 3355 458 3424 universos
471 3355 616 3420 homines
626 3355 756 3431 scimus,
771 3375 869 3443 quem
884 3351 1033 3418 humanis
1045 3349 1172 3414 sactum
1183 3367 1246 3413 esse

212 3462 359 3529 manibus
375 3487 490 3554 negare
505 3465 598 3531 haud
616 3477 777 3540 verentur,
794 3463 940 3552 quisnam
955 3460 1051 3526 fuerit
1066 3470 1242 3524 monstraro

211 3573 350 3661 possim?
361 3574 441 3641 Nam
456 3575 644 3642 anonnullis
656 3575 787 3664 quidem
798 3573 947 3649 traditur,
963 3571 1027 3637 hoc
1038 3567 1245 3636 simulacrum

211 3682 307 3748 fuisse
321 3683 447 3772 signum
464 3682 619 3763 Plutonis,
635 3686 721 3776 qu‘od
736 3683 927 3774 Sinopenses
944 3702 1078 3748 munere
1094 3679 1246 3742 miserunt

211 3789 381 3858 Ptolcmaeo
393 3790 599 3882 Philadelpho
607 3792 806 3883 AEgyticrum
819 3793 898 3882 rogi,
909 3791 964 3879 qui
974 3787 1110 3880 gratiam
1122 3786 1161 3850 nh
1175 3780 1245 3872 ipsis

112 3939 114 3944 ·
211 3902 349 3970 inivisset
364 3903 547 3980 maximam,
559 3905 645 3993 quod
658 3927 734 3974 oum
745 3904 827 3970 sanic
841 3901 1034 3980 laborarent,
1049 3898 1245 3966 frumentum
