2412 4596
208 251 250 318 52
520 265 692 318 summe
718 263 930 317 munuum

209 403 344 484 spetunt
369 389 413 457 od
424 388 534 480 fidon,
554 391 658 460 Graeei
681 389 787 460 autem
809 403 956 483 querum
983 389 1144 482 sepiuntim
1159 417 1192 460 :r

207 526 324 593 nempe
345 501 521 580 erutiones,
545 527 617 594 quse
641 515 796 570 vocantur
814 519 1001 592 &mmm
1019 501 1077 569 hoo
1091 515 1148 579 est,

208 611 337 682 essarto
358 610 586 690 concludentes,
610 624 643 678 et
667 609 743 680 alios
766 609 887 679 scilieet
912 609 1108 700 syllogismos
1135 620 1167 672 ι>

207 733 336 790 »autem
354 720 564 812 praedioumus
579 721 689 790 Jesum
710 719 873 788 Christum
892 719 1140 797 eruoiiixum,·J

206 831 358 921 squidem
369 830 571 907 scandulum
590 858 605 894 s
621 831 798 921 quodcum
817 831 917 898 seiont
931 829 1136 921 prophetiam,
1159 866 1163 873 .

204 940 338 1008 erodant
348 941 475 1008 eventui
490 965 522 1006 :r
535 941 652 1008 Graeeis
668 951 774 1008 nutem
786 937 968 1015 stultitiam
981 937 1132 1006 »sabulum
1145 939 1174 995 ‘a'

204 1073 273 1117 esse
288 1050 486 1128 existiment,
502 1050 557 1140 qui
573 1050 632 1116 sibi
644 1049 792 1117 ridentur
811 1050 991 1140 sopientes,
1010 1049 1151 1139 quodpu
1168 1086 1169 1105 ,

202 1159 325 1226 minem
352 1157 436 1226 filius
451 1159 510 1229 Dei
537 1157 703 1249 loquutur,
719 1171 752 1226 et
765 1159 851 1226 Deus
870 1157 988 1225 habeut
1003 1157 1154 1236 filium,ot

203 1267 366 1360 sitpossus
382 1293 391 1334 t
405 1291 470 1359 quo
480 1267 537 1346 fit,
551 1267 694 1336 utnimio
709 1269 758 1334 sui
771 1268 1005 1336 existimatione
1018 1289 1114 1358 praeoe
1138 1298 1164 1323 u·-

204 1375 336 1444 uredere
346 1375 460 1446 nolint.
476 1378 653 1445 servatoris
664 1379 750 1446 enim
765 1377 937 1455 adrentus,
949 1401 1016 1446 non
1029 1375 1132 1444 stultos

203 1496 236 1551 et
251 1484 347 1552 duros
369 1486 485 1565 eorde,
506 1499 540 1553 et
561 1485 723 1564 infidelem
742 1487 799 1555 sed
813 1487 1007 1577 prudentes,
1022 1481 1056 1554 e't
1073 1499 1145 1577 aptos
1186 1480 1188 1483 ’

203 1593 263 1660 bus
274 1595 520 1684 persuadentur,
536 1609 570 1663 et
587 1609 739 1687 praeteree
755 1594 876 1663 fideles.
895 1596 1051 1674 'Verum,
1066 1597 1115 1686 qui
1131 1632 1134 1654 ·

202 1699 393 1781 noluerunt,
408 1703 448 1772 ub
463 1727 576 1772 eorum
587 1755 596 1782 ‚
609 1705 864 1795 qui'obedierunt
874 1703 1052 1772 voluntarie
1063 1729 1093 1770 u·
1109 1705 1158 1763 ιιέ

205 1810 400 1880 disoedeudo
411 1815 528 1881 ostensi
540 1815 859 1906 suntimprudentes,
877 1825 911 1880 et
925 1813 1087 1892 infideles,
1097 1826 1125 1880 et

210 1919 320 2010 «ipsis
339 1934 448 1989 nutem
464 1923 605 2000 vocetis,
622 1922 740 1990 Judaeis
755 1935 789 1989 et
802 1923 942 1999 Graeeis,
960 1922 1149 1989 Christusest
1167 1940 1170 1975 1
1192 1967 1195 1974 ·

203 2029 341 2106 evimus,
357 2043 390 2098 et
403 2031 463 2098 Dei
479 2031 640 2121 supientia.
659 2032 772 2100 »Num
788 2055 866 2123 ergo
885 2032 986 2121 (quod
1000 2044 1048 2099 est
1058 2033 1193 2099 etiamn·

200 2135 283 2228 lius)
303 2138 548 2209 existimandum
562 2150 611 2206 est
630 2161 698 2207 esse
714 2140 895 2232 negativum
915 2138 1017 2218 illud,
1031 2155 1098 2230 οὐχὶ
1109 2154 1186 2209 ω.

200 2245 287 2314 Deus
305 2246 483 2334 sapientiam
504 2246 635 2326 mundi,
651 2247 783 2339 perinde
806 2273 844 2317 uo
865 2261 913 2319 tux
926 2264 1061 2341 ἐμώρανεν,
1081 2275 1130 2318 nos
1142 2249 1183 2314 td

201 2367 265 2421 tom
279 2355 369 2449 fecit,
385 2379 427 2424 ne
441 2381 536 2426 eausa
549 2359 675 2426 duritiei
690 2357 794 2427 cordis
807 2385 826 2426 e
839 2360 910 2426 Deo
923 2361 970 2426 eis
986 2361 1068 2428 suctu
1077 2384 1114 2427 rr·
1146 2388 1157 2413 ι·
1183 2378 1189 2387 ·

201 2465 254 2554 qui
269 2469 399 2533 stultam
413 2465 488 2558 fecit
502 2467 704 2553 sapientiem?
717 2469 856 2535 Omnino
878 2470 1054 2536 enimcum
1079 2468 1155 2557 supa-

199 2585 324 2652 essent,
343 2574 458 2664 majori
478 2572 580 2666 crdpae
595 2577 684 2644 fuere
698 2577 849 2656 obnoxii,
866 2579 923 2668 qui
936 2577 1135 2668 praedicutioni
1157 2628 1158 2631 ,

200 2681 407 2750 erediderunt
425 2706 433 2750 τ
451 2681 628 2753 voluntaris
648 2686 737 2754 enim
759 2699 807 2754 est
821 2684 938 2753 eleotiu
956 2699 990 2753 et
1002 2685 1129 2754 delectus
1158 2728 1165 2739 1

198 2791 281 2858 tetis.
302 2791 486 2873 Quinetiam
505 2793 603 2873 illud,
618 2795 754 2862 Perdam
767 2795 946 2884 sapientioris
957 2794 1188 2884 sapientissimi*

198 2925 269 2990 quae
291 2903 509 2970 contemuitur
524 2927 562 2973 ne
580 2903 771 2996 despicitur,
795 2907 940 2974 harbarae
959 2904 1189 2996 philosophis-’tp

196 3010 353 3102 positione
380 3009 457 3078 dicit
482 3010 670 3090 illustr-essee
705 3015 788 3082 siout
818 3015 915 3084 etium
941 3013 1087 3092 lucerna,
1106 3026 1186 3104 qm

195 3119 263 3189 sole
285 3119 476 3198 illustretur,
489 3122 609 3190 dicitur
619 3124 766 3214 periisse,
782 3147 821 3192 eo
837 3124 926 3214 quod
941 3149 1006 3193 nou
1024 3126 1062 3193 sit
1073 3113 1183 3214 peristi·

195 3229 326 3299 fioeciae.
358 3229 440 3296 cum
454 3251 529 3322 ergo
552 3255 665 3300 omnes
689 3233 834 3314 homines
856 3234 1093 3322 vocentur,qui
1113 3226 1180 3296 idn

195 3351 271 3406 runt
295 3338 447 3417 obedire,
471 3342 626 3409 nominati
654 3354 729 3410 sunt
743 3343 850 3411 vocati.
878 3345 950 3412 Non
973 3356 1020 3411 est
1034 3343 1109 3409 enim
1127 3331 1183 3427 spi

193 3447 299 3516 Deum
312 3447 477 3538 injustitie.
495 3450 569 3517 Jam
585 3474 661 3519 vero
673 3451 778 3542 quiex
796 3465 932 3542 utroque
949 3450 1061 3544 populo
1080 3443 1184 3517 credi&

192 3566 288 3633 runt,
301 3555 323 3622 ii
339 3570 413 3624 sunt
432 3560 560 3646 populus
578 3561 752 3648 peculiaris.
776 3561 817 3628 Et
839 3563 872 3630 in
896 3562 984 3630 Actis
1005 3555 1183 3651 Apostolum

190 3662 254 3731 hoe
269 3663 318 3730 his
333 3667 437 3733 verbis
459 3667 638 3736 inveneris:
661 3699 674 3732 ι
690 3671 754 3753 Qui
770 3671 876 3760 itaque
889 3674 1019 3739 verbum
1035 3669 1095 3757 ojus
1106 3681 1183 3729 stunt

192 3783 347 3877 eperunt,
364 3774 515 3866 baptizati
532 3779 641 3850 sunt¹.
657 3810 670 3846 s
688 3781 751 3864 Qui
774 3792 884 3855 sutem
906 3779 1066 3856 uoluerunt
1081 3791 1182 3866 pm

226 3897 241 3977 ζ
253 3898 313 3957 Aut.
327 3920 364 3970 u,
374 3913 417 3968 tr.
