2522 4608
344 288 541 340 nantuacus,
565 289 625 330 nur.
654 287 688 330 ιι.
976 266 1039 350 579

52 426 79 469 eu
97 401 178 491 igitur
196 410 239 463 est
259 398 383 463 habitus
403 398 439 463 iis
459 398 575 486 quibus
596 407 919 485 oportet'contentna‚
938 406 971 461 et
985 396 1039 482 qui

51 535 95 602 per
106 535 134 576 se
147 535 177 576 ea
190 510 302 599 prabet
316 531 386 597 quae
403 508 444 575 ad
458 511 585 575 beatam
599 509 696 575 vitam
711 506 890 574 conserunt.
906 506 954 572 Sit
965 521 1040 595 ergo

51 625 76 688 in
86 632 235 688 uestrarum
248 642 402 686 mannum
418 619 521 708 carpis
536 631 663 686 sanctus
679 630 820 692 ornatus,
834 639 948 705 nempe
961 615 1041 682 saci-

49 730 121 796 lisad
132 729 313 820 largiendum
327 731 586 818 communicatio,
598 742 631 796 et
645 727 769 795 familiae
784 725 1040 792 administrandae

49 864 130 929 opera.
141 865 153 900 ι
163 840 221 920 Qui
234 841 318 907 enim
333 840 387 906 dat
401 841 545 930 pauperi,
559 838 731 905 soeneratur
743 836 831 905 Deo¹
845 859 853 900 ε
869 837 943 914 »En
954 862 967 896 ι
977 835 1042 902 dla-

49 973 115 1017 unus
126 950 241 1017 sortium
259 949 451 1018 ditescunt&
470 979 484 1013 a
502 949 615 1018 Fortes
630 961 721 1016 vocat
743 971 797 1014 eos
815 948 870 1036 qui
890 946 1041 1034 pecunias

49 1073 233 1136 contemnunt,
243 1074 275 1127 et
284 1063 338 1150 qui
350 1073 424 1128 sunt
436 1060 477 1126 ad
487 1059 790 1127 communicandum
801 1069 834 1122 et
845 1055 1041 1146 largiendum

47 1169 138 1238 laedes.
152 1172 185 1238 ln
198 1172 328 1261 pedihus
345 1186 451 1240 autem
466 1183 615 1261 appareat
628 1172 761 1261 impigra
774 1167 917 1236 alacritas
931 1167 972 1233 ad
988 1168 1043 1232 be-

48 1281 244 1358 nefaciendum,
260 1295 292 1347 ct
307 1283 465 1372 ingressus
488 1281 528 1347 ad
547 1282 711 1371 justitiam.
731 1280 873 1369 Torques
887 1291 995 1344 autem
1009 1287 1042 1344 et

49 1389 146 1457 collaria
160 1405 226 1458 sunt
240 1393 345 1482 pudor
359 1405 393 1459 et
406 1393 561 1460 modestia
574 1414 582 1456 τ
596 1391 669 1459 talia
683 1393 769 1460 Deus
779 1391 883 1457 sundit
898 1388 1037 1455 monilia.

57 1499 169 1568 aBeatus
178 1502 269 1569 homo
280 1505 337 1592 qui
351 1503 473 1570 inuenit
488 1504 686 1596 sapientiam,
697 1515 730 1574 et
744 1499 885 1568 mortalis
897 1499 951 1588 qui
962 1497 1042 1565 vidit

49 1609 61 1673 i
70 1611 250 1700 prudentiam,
267 1615 352 1679 dicit
371 1613 520 1702 Spiritus
537 1637 598 1704 per
619 1613 839 1679 salomonem.
857 1613 936 1700 Ejus
955 1609 1041 1676 enim

49 1719 210 1787 teotmelior
226 1732 406 1790 mercatura
421 1747 518 1813 quam
538 1723 677 1788 thesauri
693 1725 760 1790 auri
780 1735 813 1789 et
833 1720 975 1812 argenti:
993 1732 1042 1786 est

48 1855 58 1890 ι
69 1841 151 1894 anam
160 1833 294 1920 pretiosis
305 1834 440 1922 gemmis
449 1833 633 1922 pretiosior⁸
641 1859 651 1910 3
667 1835 761 1901 »haec
772 1845 819 1898 est
829 1833 916 1898 enim
929 1853 1041 1897 verum

50 1955 238 2008 ormmentum.
256 1945 310 2009 Eis
336 1954 443 2010 autem
463 1967 505 2009 ne
523 1944 723 2033 perforentur
744 1967 836 2009 aures
856 1953 971 2032 praeter
988 1965 1042 2007 na·
1106 1995 1109 1998 .

50 2059 140 2127 turam,
153 2065 181 2117 ut
193 2077 292 2119 aureae
312 2055 354 2118 ab
375 2053 419 2117 eis
435 2053 560 2117 inaures
575 2055 733 2142 pendeant
751 2078 758 2118 :
777 2075 879 2142 neque
894 2049 980 2117 enim
994 2049 1041 2116 las

48 2170 85 2223 est
101 2161 150 2227 uim
167 2163 272 2230 allerre
293 2176 430 2239 naturae,
453 2176 570 2252 praeter
588 2163 622 2228 id
642 2162 729 2250 quod
743 2161 852 2227 voluit.
875 2161 941 2227 Nec
962 2159 1040 2227 alius

49 2264 119 2332 luent
135 2269 232 2336 melior
252 2273 382 2337 aurium
402 2284 545 2347 ornatus,
562 2270 757 2338 descendens
769 2255 830 2361 per
850 2280 971 2336 meatus
985 2270 1040 2359 qui

50 2387 104 2440 aunt
119 2381 276 2447 secundum
299 2393 462 2458 naturam,
481 2404 577 2470 quam
600 2404 672 2448 vera
688 2380 875 2454 catechesis,
896 2379 959 2445 hoc
979 2390 1040 2456 est,

49 2505 156 2575 qaeper
174 2491 314 2557 auditum
335 2491 504 2580 suscipitur
524 2490 687 2556 institutio.
710 2488 803 2556 Oculi
826 2501 933 2582 autem
953 2488 1040 2582 Lago

48 2588 149 2668 inuncti,
167 2609 196 2661 et
213 2622 305 2664 aures
327 2596 367 2662 ad
388 2620 516 2662 sensum
536 2597 714 2686 perforatae,
732 2597 908 2665 divinarum
931 2619 1040 2664 rerum

49 2699 199 2782 auditorem,
213 2719 244 2772 et
257 2719 443 2774 sanctarum
457 2729 565 2772 rerum
579 2703 862 2794 contemplatorem
876 2703 1036 2780 efficiunt;

48 2803 97 2892 ipso
113 2809 186 2901 Logo
202 2839 273 2882 rere
296 2839 406 2882 veram
431 2815 617 2882 ostendente
637 2815 919 2905 pulchritudinem,
940 2839 1038 2906 quam

55 2918 161 2988 «udus
171 2947 230 2993 non
246 2927 337 3004 vidit,
354 2949 415 2994 nec
429 2927 512 2992 auris
520 2929 617 3017 prius
633 2927 750 2994 audivit
760 2928 809 2993 ’.ι

71 3059 198 3132 ¹Pramrx,
212 3088 248 3136 ¹7·
260 3069 314 3109 —²
329 3070 403 3132 1d.x,
414 3069 438 3129 d.
450 3068 550 3119 -³1d.
563 3089 601 3130 ιιι,
614 3071 652 3132 15,
663 3071 704 3131 14,
715 3073 791 3122 ra-
802 3071 812 3104 ⁸
825 3089 834 3120 ι
847 3071 979 3140 Carino,
