2614 4628
350 325 552 370 concursum
576 327 617 368 an
640 325 770 368 usuras.
1017 305 1074 390 157

38 450 65 514 iu
80 445 186 512 locum
200 444 373 533 imposuit.
387 444 535 510 Extrema
547 439 640 530 plane
651 439 835 530 ignorantiae
846 451 921 504 sunt
932 441 1076 530 impietas

39 569 66 623 et
77 555 261 654 superstitio
278 553 311 628 ’ς
330 565 503 641 extraque
523 574 725 641 summopere
741 551 950 622 laborandum
965 564 1029 628 est,
1043 565 1079 617 ut

41 668 252 735 consistamus.
283 665 363 745 Quo
384 659 523 754 pertinet
539 674 736 753 praeceptum
761 660 867 739 llosis,
888 661 1078 728 sanctissimi

40 775 165 842 raritatis
186 774 394 864 interpretis,
417 796 480 862 quo
496 795 572 840 oum
587 771 639 838 ille
655 774 707 840 eui
723 770 772 838 vel
796 787 931 838 omstasa
948 771 998 839 vel
1019 797 1078 838 οω-

41 903 99 977 ecto
115 901 193 953 suot
207 885 339 953 virilia
346 883 373 960 ²,
392 896 462 950 tum
482 885 578 950 etium
593 883 774 950 meretricis
784 882 877 972 filios
889 886 1079 950 concionem

41 997 163 1086 ingredi
176 993 378 1084 prohibetur
396 1018 405 1057 t
425 1017 499 1060 nam
512 1016 572 1083 per
585 991 655 1059 illos
670 991 792 1081 priores
811 987 967 1082 signilicat
984 992 1078 1061 affee-

42 1119 101 1170 tnm
121 1101 267 1180 atheum,
286 1104 405 1171 divinae
426 1102 641 1190 naturalisque
663 1101 788 1168 virtutis
810 1113 998 1191 expertem:
1020 1127 1079 1192 per

45 1213 122 1280 bunc
132 1236 206 1278 vero
220 1214 363 1279 tertium
374 1213 518 1279 innuitur
528 1213 595 1300 qui,
611 1211 682 1279 loco
694 1213 787 1278 unius
799 1214 865 1278 veri
876 1213 947 1288 Dei,
959 1211 1078 1280 multos

46 1324 96 1388 sibi
114 1321 206 1389 salsos
227 1323 382 1395 ascribitt
404 1321 675 1410 quemadmodum
698 1323 842 1411 spurius,
860 1335 990 1412 propter
1010 1324 1077 1390 veri

46 1432 131 1522 patris
141 1431 374 1522 ignorantiam.
386 1430 504 1497 multos
516 1431 668 1498 adscribit
679 1431 738 1497 sibi
752 1444 867 1520 patres.
883 1433 959 1496 Erat
970 1445 1078 1500 autem

48 1544 162 1630 antiqua
181 1542 335 1630 quaedm
352 1552 385 1606 et
400 1541 503 1606 nativa
523 1539 647 1606 bomini
666 1563 741 1606 cum
755 1539 823 1606 Deo
839 1543 1074 1609 communitas:

50 1675 111 1740 que
129 1653 272 1741 apsidem,
294 1671 373 1717 oum
394 1651 449 1716 diu
473 1651 582 1716 luisset
602 1651 800 1740 ignoratione
820 1653 1001 1729 obscurata,
1025 1677 1078 1718 re·

51 1773 135 1849 pente
153 1758 283 1826 tandem
299 1781 317 1824 e
334 1759 476 1825 tenebris
500 1759 610 1838 exiliit,
626 1773 658 1824 et
673 1758 883 1850 resplenduit,
905 1775 1001 1850 prout
1016 1762 1075 1829 ali-

53 1870 114 1958 quis
127 1870 223 1936 dixit:

127 1999 208 2060 Vides
217 2001 294 2060 bauo
309 2001 478 2073 sublimem,
488 2000 564 2058 hunc
578 2004 748 2059 immensum
760 1999 879 2074 aethera,

134 2101 189 2173 Qui
199 2111 301 2160 terram
317 2101 449 2160 humidis
464 2099 669 2180 complectitur
680 2100 817 2160 brachiis.
927 2097 934 2111 “

62 2207 98 2270 Et
109 2206 226 2283 iterum,

128 2338 183 2412 Qui
194 2351 276 2397 terrae
285 2338 466 2410 vehiculum,
479 2349 509 2397 et
522 2356 612 2416 supra
626 2347 734 2394 terram
748 2333 846 2396 sedem
860 2309 959 2410 babes,

124 2441 305 2518 Quicumque
319 2438 438 2498 demum
448 2439 495 2510 sis,
505 2438 571 2497 visu
582 2434 715 2495 difficilis.

48 2549 85 2614 Et
97 2575 303 2642 quaecumque
322 2554 510 2644 hujusmodi
525 2554 584 2620 alia
600 2565 719 2622 canunt
735 2559 903 2645 po'e‘tarum
926 2549 993 2619 lilii.
1012 2553 1077 2620 Sed

44 2682 138 2748 prata
152 2662 301 2752 quaedam
316 2685 336 2729 a
353 2677 504 2753 rectoque
519 2663 728 2739 alienissime,
743 2675 775 2730 et
787 2662 951 2730 manifeste
966 2665 1076 2754 perni-
1148 2681 1151 2690 ’

44 2770 126 2838 tiosae
142 2775 325 2848 sententiae,
344 2773 521 2851 hominem,
539 2772 658 2841 eoelesti
680 2774 778 2864 stirpe
797 2787 1001 2864 prognatum,
1014 2776 1071 2841 abm

41 2877 192 2948 duxerunt
207 2907 225 2947 a
243 2881 366 2948 eoelesti
382 2871 457 2960 rita,
473 2894 505 2950 et
528 2895 752 2973 persuaserunt
770 2883 802 2950 in
824 2897 986 2952 creaturas
1008 2896 1074 2950 ter-

41 3005 123 3057 ren'as
138 2995 374 3070 adliaerescere,
391 2995 500 3084 sicque
522 2994 612 3061 humi
634 3005 881 3085 prostraverunt.
901 2993 964 3061 Alii
986 2995 1073 3060 enim

28 3101 188 3172 autorum
217 3105 487 3195 contemplatione
509 3107 635 3196 decepti
660 3117 747 3181 sunt,
767 3117 798 3172 et
815 3105 898 3171 solos
915 3103 1026 3172 oculos
1041 3104 1075 3172 iu

41 3212 205 3280 consilium
222 3229 434 3293 assumentes,
447 3217 625 3306 conspectis
638 3229 797 3283 astrorum
808 3217 949 3282 motibus
966 3215 1073 3283 statim

41 3322 244 3391 admiratione
261 3326 360 3414 capti,
377 3323 429 3390 illa
449 3325 483 3391 in
498 3347 669 3394 numerum
688 3323 821 3391 deorum
832 3321 1028 3401 retulerunt,
1041 3334 1074 3391 ct

42 3431 140 3498 decsa
156 3457 255 3502 cursu
278 3435 485 3501 nominarunt
510 3459 517 3502 ε
542 3435 619 3503 bino
643 3434 713 3501 lndi
735 3433 805 3511 soli,
825 3425 966 3522 Phryges
989 3434 1073 3501 lunae

42 3542 153 3612 divinos
168 3545 310 3613 honores
323 3547 516 3614 tribuerunt.
542 3546 603 3614 Alii
622 3569 711 3622 vero,
735 3544 822 3634 quod
842 3543 990 3612 felicibus.
1005 3557 1071 3614 ter-

41 3657 181 3722 restrium
196 3655 380 3748 plantarum
395 3659 550 3726 fructibus
570 3659 667 3724 vitam
683 3667 907 3733 sustentarent,
927 3655 1070 3723 frumen-

41 3773 101 3830 tum
121 3766 254 3854 quidem
272 3756 471 3858 appellavere
493 3767 656 3845 Cererem,
672 3778 712 3858 ,ut
727 3765 951 3843 Atheniensem
973 3768 1070 3834 vitem

70 3893 78 3926 ¹
92 3893 145 3944 tid.
160 3897 191 3944 l).
205 3896 320 3956 (luillae,
333 3914 358 3962 p.
370 3899 426 3964 527.

71 3969 78 4000 ¹
91 3969 163 4020 Dcut.
175 3989 248 4034 uass,
261 3990 270 4022 ι
282 3982 310 4024 et
323 3990 346 4022 a.
