2412 4596
219 251 278 296 122
528 251 701 298 cunnum
727 253 943 296 nannenus!

210 384 277 438 tem
289 374 322 438 in
333 372 462 462 singulis
473 386 640 446 vexentur3
656 374 734 440 adeo
749 387 784 438 ut
792 374 971 440 Hieremias
981 395 1096 462 queque
1110 375 1170 433 dn
1186 422 1189 425 -

98 535 102 542 .
216 481 283 546 Cur
294 480 342 546 via
362 481 521 566 impierum
532 495 726 568 prosperatur
739 481 749 514 ¹
764 485 780 546 i
797 482 895 563 Quod
910 480 1016 548 simile
1034 493 1077 546 est
1091 483 1154 570 ei,q
1173 520 1174 525 κ

211 590 299 679 prius
312 587 440 656 allatum
450 602 499 655 est
510 613 550 656 ex
563 588 737 666 Malachia,
751 589 820 655 Deo
836 590 1033 666 restiterunt,
1048 590 1140 656 esaei
1173 630 1177 639 .

212 711 291 764 sunt.
318 697 398 766 Num
413 696 580 787 Prophetae
595 698 744 764 divinitus
765 699 926 788 inspirati,
952 723 1018 765 nun
1032 697 1173 786 suumque

210 806 278 872 Dee
294 805 466 882 audierint,
491 829 525 872 se
545 804 632 893 loqui
654 805 848 896 profitentur
854 831 863 879 ς
887 806 995 872 sedet
1013 807 1069 894 ipsi
1081 807 1151 872 etim
1167 828 1190 843 v·

209 911 276 980 ient
290 937 347 990 eu,
363 937 435 1002 quae
450 912 544 1002 vulgo
561 916 723 1003 jactantur
738 939 756 981 a
770 913 892 1003 popule
904 965 913 990 ,
925 915 1108 1003 exceptionis
1125 944 1150 971 m

209 1019 355 1097 edicere,
375 1034 408 1087 et
425 1033 576 1108 tanquam
593 1023 783 1110 quaestiones
803 1024 844 1090 ub
867 1022 1052 1088 hominibus
1072 1034 1170 1087 netes·

210 1127 292 1193 sene
311 1151 319 1192 ε
336 1129 516 1217 cujusmodi
531 1141 579 1194 est
594 1127 673 1196 illud
687 1129 829 1206 dictum,
843 1130 936 1219 cujus
952 1129 1070 1196 mentio
1082 1131 1131 1216 jun
1166 1168 1169 1175 ,

211 1246 269 1302 est.
285 1234 448 1324 Numquid
460 1249 566 1304 sutem
578 1235 688 1303 adhue
700 1238 797 1304 verbu
807 1261 865 1304 suu
876 1237 1034 1327 dirigens,
1046 1238 1133 1303 scribit
1146 1282 1150 1293 ·
1177 1298 1178 1301 ,

213 1340 311 1408 stolus
326 1343 359 1408 in
375 1342 514 1432 Epistola
529 1343 571 1412 ud
585 1345 746 1412 Romanos
761 1369 769 1410 :
787 1346 854 1411 «Et
876 1369 942 1412 non
957 1346 1042 1412 sicut
1058 1346 1077 1410 h
1093 1376 1155 1403 on}

214 1473 334 1526 emur,
355 1462 388 1516 et
403 1451 485 1518 sicut
501 1451 613 1518 dicunt
629 1451 723 1541 aliqui
743 1475 802 1518 nes
821 1453 946 1528 dicere,
962 1453 1117 1520 Faciamus

214 1570 272 1623 »ut
284 1558 431 1625 evenient
442 1560 528 1625 bone
538 1609 547 1634 ,
559 1583 696 1647 quorum
709 1561 792 1648 justu
803 1573 852 1625 est
864 1560 1028 1628 damnatio
1041 1559 1098 1624 ²2»
1113 1561 1151 1624 li¹
1181 1592 1182 1595 ¹

213 1668 269 1755 qui
283 1666 366 1732 inter
375 1664 545 1755 legendum
558 1680 635 1732 tunc
646 1669 732 1734 vocis
743 1679 930 1756 pervertunt
941 1667 1146 1756 Scripturassd

214 1775 297 1863 prius
313 1772 508 1864 voluptates,
527 1787 560 1839 et
574 1775 788 1863 quorumdem
804 1789 998 1842 accentuum
1014 1788 1047 1841 et
1060 1787 1191 1865 punctu!

214 1881 474 1970 transpositione.
488 1905 559 1970 quae
569 1882 744 1971 prudenter
755 1895 788 1948 et
800 1881 919 1948 utiliter
930 1895 1086 1972 praeceptu
1096 1877 1191 1954 eunti

215 2012 287 2056 sues
302 1987 433 2054 trahunt
444 1987 582 2056 delicies.
604 1991 839 2072 «Qui-irritetis
854 1991 961 2056 Deum
977 1993 1192 2058 sermonibusq-

215 2097 314 2172 stris,
337 2096 434 2178 inquit
447 2097 640 2173 Malachiae,
656 2110 689 2162 et
711 2097 837 2174 dicitis,
853 2098 891 2164 ln
903 2121 1045 2186 quonum
1065 2095 1194 2164 euenum

215 2203 360 2269 evimus?
372 2203 457 2270 Dum
475 2205 668 2280 vos-dicitis,
687 2206 890 2293 Quicumque
906 2205 984 2272 fucit
998 2204 1122 2280 muium,

214 2322 287 2376 »cst
300 2333 412 2376 coram·
424 2311 580 2388 Domino,
596 2313 711 2402 etipse
735 2314 767 2380 in
789 2313 834 2378 eis
850 2311 1063 2402 complacuit3
1081 2325 1108 2379 et
1124 2312 1193 2376 ntis

217 2420 324 2486 »Deus
336 2419 462 2508 justitiae
475 2421 484 2456 ⁸
495 2421 510 2485 i
523 2451 535 2483 s

265 2599 1195 2702 6·.0mississingnlis‚quasabsnrdasvocauheseihn

215 2741 343 2788 omnes
359 2723 396 2788 in
412 2717 487 2791 duo
503 2718 683 2808 dividens,
697 2726 748 2791 eis
764 2720 987 2820 respondere
1001 2716 1180 2793 contendit:

260 2890 326 2958 Aut
345 2892 432 2958 enim
454 2892 571 2959 docent
592 2893 761 2960 indiscrete
781 2895 885 2960 vivere
905 2917 914 2958 τ
932 2907 990 2962 aut
1004 2893 1122 2960 mudum
1137 2899 1192 2953 emi

217 2999 350 3077 dentes,
382 3025 441 3092 per
464 3002 659 3091 impietatem
681 3014 714 3068 et
739 3002 847 3069 edium
873 3003 1065 3092 profitentur
1087 2994 1194 3067 centini

216 3109 304 3174 tiam.
330 3109 421 3175 Prius
442 3122 549 3176 eutem
575 3111 777 3176 tractandum
803 3121 851 3175 est
874 3110 915 3175 de
943 3111 1045 3200 prime
1065 3093 1194 3198 pute]

218 3217 382 3306 cupiditati
399 3229 447 3282 est
467 3215 728 3305 obsequendum,
746 3229 778 3283 et
790 3241 860 3306 quae
875 3220 1028 3308 probrose
1042 3229 1086 3284 est
1100 3203 1195 3294 αἰψ’

217 3326 280 3391 vite
302 3337 454 3412 tanquam
474 3325 658 3391 indifferens
674 3338 722 3391 est
745 3323 906 3415 eligenda,
928 3337 964 3390 ut
980 3325 1036 3414 ipsi
1051 3325 1151 3390 dicuutt
1174 3345 1195 3359 ⁹

217 3432 446 3521 cupiditatibus
460 3444 509 3498 est
526 3434 657 3498 omnino
672 3433 869 3522 parendum,
890 3444 923 3498 et
942 3433 968 3498 si
983 3432 1044 3499 hcc
1061 3433 1099 3496 ita
1110 3419 1195 3498 cufi*

219 3539 330 3606 cienda
354 3551 427 3605 sunt
444 3541 562 3628 quaevis
581 3541 828 3630 impudicissime
851 3554 884 3606 et
898 3543 1032 3608 maxime
1042 3537 1195 3606 nefarias·

219 3648 396 3734 sequendo,
417 3649 471 3736 qui
498 3649 589 3716 nobis
615 3647 806 3738 persuadent
825 3672 833 3714 :
852 3661 907 3716 uut
928 3661 1000 3715 sunt
1019 3646 1116 3735 alique
1129 3631 1192 3704 Η·

259 3809 268 3833 ¹
282 3814 432 3876 ieremxn,
446 3831 467 3862 1.
480 3813 528 3852 -'
539 3818 610 3865 Rom.
622 3832 654 3864 ur
661 3852 669 3879 ,
681 3815 706 3866 8.
718 3814 881 3866 -¹Mnlach.
892 3833 926 3877 n,
941 3831 978 3882 ¹7·

256 3900 265 3925 ⁸
284 3899 343 3968 Peg.
356 3899 437 3966 529ss
447 3919 513 3970 seqq.
