2382 4592
328 279 516 325 srnounruu
539 281 599 324 nm.
628 279 655 322 r.
944 261 1005 324 215

6 421 87 488 oque
104 421 170 464 non
194 413 327 467 certum
342 404 435 492 quid,
452 404 517 470 sive
533 404 566 468 id
586 402 673 493 quod
693 414 840 478 nonest,
870 401 1009 490 appella-

3 538 19 567 ιι
38 531 116 600 ease.
140 508 260 574 Annon
277 523 386 577 autem
412 512 547 600 mystice
573 509 745 578 admodum
764 522 797 574 et
820 511 957 584 scienter
976 521 1011 575 ut

6 616 14 631 '
36 639 148 682 rerum
175 615 260 683 illud
276 643 377 685 unum
391 621 582 708 principium
604 628 807 710 agnosceret,
835 617 868 681 in
891 619 1010 686 Timaeo

3 746 31 789 ·c
44 722 143 790 hahet
158 725 346 812 ipsissima?
366 728 499 794 «Nostra
516 749 610 804 vero,
628 725 743 822 inquit,
760 725 918 814 ejusmodi
930 729 1010 793 ratio

10 842 41 896 t.
66 831 115 898 De
140 832 293 899 Universi
312 859 367 900 seu
383 836 540 925 principio
556 857 612 900 seu
631 833 815 924 principiis,
838 831 954 923 quidve'
971 835 1011 898 de

8 963 22 1004 s
41 935 239 1016 sentiamus,
251 939 293 1007 'in
309 945 477 1031 praesentia
500 942 607 1009 dicere
625 942 856 1037 omittendum,
873 965 934 1008 nec
952 941 1011 1008 alia

0 1058 19 1087 '⁴
41 1070 158 1124 causa,
176 1073 279 1137 quam
291 1052 382 1139 quod
400 1050 527 1116 difficile
540 1053 598 1127 sit,
616 1071 652 1117 ea
668 1075 764 1138 quam
780 1051 942 1139 sequimur
952 1051 1013 1116 dis-

0 1157 115 1222 utendi
122 1157 192 1232 via,
206 1182 282 1246 quae
295 1159 389 1224 nobis
402 1158 503 1224 hocin
512 1183 628 1248 genere
637 1158 803 1225 rideantur
814 1167 1004 1248 exponere.»

0 1277 139 1340 terum,
156 1265 394 1354 Propheticum
410 1266 508 1344 illud,
531 1268 559 1332 T
558 1291 629 1332 erro
647 1280 747 1334 autern
765 1279 829 1332 eret
853 1267 1011 1334 inuisibilis

7 1369 188 1458 indigesta¹,
201 1369 367 1460 fingendae
381 1373 478 1461 hujus
493 1373 634 1437 materiae
646 1373 851 1438 occasionem
863 1373 898 1437 iis
911 1373 1007 1438 dedit.

23 1479 173 1566 Epicurus
185 1503 290 1556 sane,
307 1492 343 1545 ut
361 1503 435 1546 cusu
447 1504 485 1547 ae
505 1480 637 1545 fortuito
656 1481 762 1546 omnia
783 1479 851 1546 fieri
865 1463 1009 1556 'mooun
1076 1477 1079 1484 ’

14 1587 150 1652 animum
165 1588 315 1666 induxit,
334 1590 421 1688 quod
432 1587 515 1654 illins
531 1589 607 1654 dicti
621 1589 685 1656 rim
701 1613 766 1654 non
783 1601 920 1678 caperet.
944 1589 975 1652 V
975 1614 1012 1653 o-

1 1692 243 1769 ttosuauitotum,
257 1695 361 1760 omnia
373 1693 508 1760 sanitae
519 1693 807 1782 :quemadmodum
815 1693 1011 1770 Aristoteles,

19 1796 117 1866 lunari
126 1803 457 1868 orbeProridentiam
468 1802 633 1878 deliniret,
648 1825 687 1866 ex
694 1800 748 1865 illo
756 1801 880 1867 Psalmo
892 1801 1009 1878 hausit,

2 1905 135 1975 Domine
148 1911 181 1976 in
199 1910 287 1976 coelo
301 1911 519 1976 misericordia
533 1921 587 1975 tua
599 1959 608 1984 ,
621 1901 653 1975 et
663 1910 776 1974 veritas
788 1921 843 1975 tua
859 1933 960 1997 usque
973 1911 1013 1976 ad

5 2017 108 2082 ubes⁸
121 2067 129 2082 .
142 2047 157 2081 ι
177 2020 293 2108 Neque
305 2021 390 2084 enim
405 2031 477 2084 ante
492 2017 619 2083 Domini
627 2007 797 2083 adventum
808 2018 1014 2108 prophetico-

0 2152 3 2177 ι
18 2152 33 2181 ιι
54 2125 160 2192 adhuc
173 2129 403 2214 mysteriorum
416 2127 615 2216 aperiebatur
629 2127 794 2190 sententia.
811 2127 884 2192 dam
897 2126 1012 2194 luenda

17 2255 96 2320 oque
117 2247 193 2323 post
220 2237 344 2301 obitum
363 2231 533 2324 supplicia,
551 2246 583 2300 et
604 2233 673 2298 illos
695 2233 815 2322 ignium
833 2231 1011 2310 cruciatus,

2 2368 6 2393 ι
22 2370 37 2401 ιι
57 2342 167 2414 Poetae
183 2343 302 2430 passim
319 2365 447 2419 omncs,
467 2354 537 2407 tum
560 2343 663 2408 Graeci
686 2342 782 2408 etiam
798 2342 978 2430 Philosophi
995 2369 1013 2410 a
1042 2339 1047 2350 ⁸

1 2451 112 2516 erbara
123 2449 330 2541 Philosophia
350 2452 574 2541 compilarunt.
592 2448 682 2518 Plato
700 2451 829 2539 quidem
849 2452 882 2517 in
903 2451 1013 2517 ultimo

5 2585 7 2590 ·
20 2555 198 2646 Republica
212 2559 336 2624 disertis
349 2553 574 2648 conceptisquo
587 2556 706 2624 verbis:
724 2561 828 2624 «Tum
837 2561 1012 2636 enimvero,

1 2661 113 2750 iuquit,
131 2666 191 2731 seri
207 2667 371 2744 homines,
396 2665 429 2733 et
452 2663 581 2757 aspectu
605 2669 707 2756 ignei,
736 2653 851 2734 audito'
868 2670 1012 2758 mugitu,

2 2785 107 2857 presto
124 2776 279 2852 aderant,
301 2775 431 2865 aliisque
455 2799 598 2842 seorsum
617 2776 781 2851 abductis,
798 2776 959 2843 Aridaeum
976 2800 1014 2843 ac

4 2893 142 2958 ceteros,
155 2887 304 2952 manibus
313 2883 405 2954 simul
417 2907 455 2950 ae
465 2875 848 2974 pedibuscerriioibusque
861 2887 1014 2951 constric-

1 2987 155 3064 tis,humi
172 2994 305 3059 aillictos
317 3043 325 3067 ,
338 3005 370 3057 et
386 3005 460 3058 cute
480 2993 640 3068 detracta,
658 2992 734 3056 soris
757 3016 847 3058 secus
866 2994 950 3058 viam
966 2991 1014 3058 la-

5 3096 128 3165 niandos
146 3123 204 3189 per
223 3101 344 3166 medias
359 3102 528 3189 raptabant
540 3095 754 3188 aspalathos.»
783 3100 863 3166 Nam
878 3087 928 3165 isti
942 3101 1014 3187 qui-

6 3225 52 3268 vm
71 3205 216 3274 homines
242 3209 324 3296 ignei
359 3205 496 3297 Angelos
522 3207 607 3296 apud
628 3231 703 3272 eum
730 3207 929 3296 significant,
957 3209 1011 3298 qui

37 3326 120 3400 eptos
142 3316 313 3383 sceleratos
333 3317 470 3405 puniunt
489 3318 603 3406 :juxta
623 3313 720 3391 illud,
746 3317 839 3396 «Qui
855 3316 930 3381 facit
944 3316 1014 3382 An-

8 3419 84 3506 gelos
105 3449 176 3491 suos
200 3427 353 3514 spiritus,
374 3438 407 3489 et
427 3424 587 3490 ministros
604 3425 710 3512 ignem
734 3423 936 3488 urentem⁴.»
966 3427 1012 3490 Ex

0 3527 90 3603 uitus
109 3533 321 3600 immortalem
335 3535 475 3599 animum
491 3556 560 3597 esse
576 3532 791 3620 consequitur.
814 3533 910 3611 Quod
925 3521 1011 3600 enim

0 3646 38 3698 ut
50 3641 194 3724 punitur,
213 3654 267 3708 aut
279 3643 442 3718 eruditur,
460 3642 492 3705 id
507 3665 581 3706 cum
598 3663 690 3704 sensu
706 3639 873 3727 praeditum
891 3641 946 3716 sit,
965 3643 1014 3707 vi-

1 3754 35 3808 at
46 3769 167 3816 necesso
176 3764 242 3828 est,
262 3751 383 3816 etiamsi
396 3751 459 3840 pati
472 3751 607 3815 dicatur.
624 3747 710 3828 Quid
721 3749 839 3837 porro?
851 3750 1013 3838 Numquid

26 3889 101 3947 'Gru
116 3919 172 3966 1,n.
190 3932 221 3941 -
235 3901 243 3924 ¹
255 3903 320 3952 Ecci.
332 3919 352 3965 r,
367 3921 390 3952 r.
405 3931 424 3938 -
445 3895 792 3962 'Psal.xxxvr,5.-*⁴1ti.
807 3917 866 3964 crs,
882 3911 905 3962 t.
973 3894 977 3906 ¹
