<?xml version="1.0" encoding="UTF-8"?>
<!DOCTYPE html PUBLIC "-//W3C//DTD XHTML 1.0 Transitional//EN"
    "http://www.w3.org/TR/xhtml1/DTD/xhtml1-transitional.dtd">
<html xmlns="http://www.w3.org/1999/xhtml" xml:lang="en" lang="en">
 <head>
  <title>
</title>
<meta http-equiv="Content-Type" content="text/html;charset=utf-8" />
  <meta name='ocr-system' content='tesseract 3.04.00' />
  <meta name='ocr-capabilities' content='ocr_page ocr_carea ocr_par ocr_line ocrx_word'/>
</head>
<body>
  <div class='ocr_page' id='page_1' title='image "./collectioselect00guilgoog_0892.png"; bbox 0 0 2546 4614; ppageno 0'>
   <div class='ocr_carea' id='block_1_1' title="bbox 185 323 810 411">
    <p class='ocr_par' dir='ltr' id='par_1_1' title="bbox 185 323 810 411">
     <span class='ocr_line' id='line_1_1' title="bbox 185 323 810 411; baseline 0.01 -25"><span class='ocrx_word' id='word_1_1' title='bbox 185 323 248 411; x_wconf 77' lang='lat'><strong>396</strong></span> <span class='ocrx_word' id='word_1_2' title='bbox 591 349 616 390; x_wconf 84' lang='lat' dir='ltr'><strong>s.</strong></span> <span class='ocrx_word' id='word_1_3' title='bbox 643 347 810 392; x_wconf 77' lang='lat' dir='ltr'><strong>nrrronrrr</strong></span> 
     </span>
    </p>
   </div>
   <div class='ocr_carea' id='block_1_2' title="bbox 172 464 1272 3300">
    <p class='ocr_par' dir='ltr' id='par_1_2' title="bbox 172 464 1272 3300">
     <span class='ocr_line' id='line_1_2' title="bbox 185 464 1223 556; baseline 0 -24"><span class='ocrx_word' id='word_1_4' title='bbox 185 469 245 533; x_wconf 81' lang='lat' dir='ltr'><strong>sihi</strong></span> <span class='ocrx_word' id='word_1_5' title='bbox 260 469 361 556; x_wconf 75' lang='lat' dir='ltr'><strong>ipsum</strong></span> <span class='ocrx_word' id='word_1_6' title='bbox 377 469 410 536; x_wconf 92' lang='lat' dir='ltr'><strong>in</strong></span> <span class='ocrx_word' id='word_1_7' title='bbox 425 467 536 538; x_wconf 79' lang='lat' dir='ltr'><strong>Crucis</strong></span> <span class='ocrx_word' id='word_1_8' title='bbox 549 464 692 556; x_wconf 76' lang='lat' dir='ltr'><strong>patibulo</strong></span> <span class='ocrx_word' id='word_1_9' title='bbox 707 478 828 531; x_wconf 81' lang='lat' dir='ltr'><strong>vestem</strong></span> <span class='ocrx_word' id='word_1_10' title='bbox 843 477 1038 542; x_wconf 76' lang='lat' dir='ltr'><strong>contexens3</strong></span> <span class='ocrx_word' id='word_1_11' title='bbox 1053 489 1121 554; x_wconf 87' lang='lat' dir='ltr'><strong>quo</strong></span> <span class='ocrx_word' id='word_1_12' title='bbox 1135 465 1223 532; x_wconf 56' lang='lat' dir='ltr'><strong>nimi*</strong></span> 
     </span>
     <span class='ocr_line' id='line_1_3' title="bbox 187 577 1222 669; baseline -0.002 -25"><span class='ocrx_word' id='word_1_13' title='bbox 187 601 260 644; x_wconf 90' lang='lat' dir='ltr'><strong>rum</strong></span> <span class='ocrx_word' id='word_1_14' title='bbox 280 579 414 646; x_wconf 77' lang='lat' dir='ltr'><strong>mortale</strong></span> <span class='ocrx_word' id='word_1_15' title='bbox 434 603 549 669; x_wconf 87' lang='lat' dir='ltr'><strong>corpus</strong></span> <span class='ocrx_word' id='word_1_16' title='bbox 569 590 713 645; x_wconf 87' lang='lat' dir='ltr'><strong>nostrum</strong></span> <span class='ocrx_word' id='word_1_17' title='bbox 736 601 801 643; x_wconf 84' lang='lat' dir='ltr'><strong>suae</strong></span> <span class='ocrx_word' id='word_1_18' title='bbox 818 577 1038 644; x_wconf 75' lang='lat' dir='ltr'><strong>admiscendo</strong></span> <span class='ocrx_word' id='word_1_19' title='bbox 1057 577 1180 652; x_wconf 75' lang='lat' dir='ltr'><strong>virtuti,</strong></span> <span class='ocrx_word' id='word_1_20' title='bbox 1197 589 1222 642; x_wconf 84' lang='lat' dir='ltr'><strong>ot</strong></span> 
     </span>
     <span class='ocr_line' id='line_1_4' title="bbox 186 687 1220 778; baseline 0.004 -26"><span class='ocrx_word' id='word_1_21' title='bbox 186 688 274 776; x_wconf 85' lang='lat' dir='ltr'><strong>qood</strong></span> <span class='ocrx_word' id='word_1_22' title='bbox 288 689 460 756; x_wconf 83' lang='lat' dir='ltr'><strong>obnoxium</strong></span> <span class='ocrx_word' id='word_1_23' title='bbox 474 689 685 778; x_wconf 88' lang='lat' dir='ltr'><strong>corruptioni,</strong></span> <span class='ocrx_word' id='word_1_24' title='bbox 699 698 733 754; x_wconf 90' lang='lat' dir='ltr'><strong>et</strong></span> <span class='ocrx_word' id='word_1_25' title='bbox 745 687 833 778; x_wconf 88' lang='lat' dir='ltr'><strong>quod</strong></span> <span class='ocrx_word' id='word_1_26' title='bbox 852 689 894 754; x_wconf 79' lang='lat' dir='ltr'><strong>ab</strong></span> <span class='ocrx_word' id='word_1_27' title='bbox 910 688 1006 752; x_wconf 90' lang='lat' dir='ltr'><strong>omni</strong></span> <span class='ocrx_word' id='word_1_28' title='bbox 1021 687 1166 755; x_wconf 87' lang='lat' dir='ltr'><strong>immune</strong></span> <span class='ocrx_word' id='word_1_29' title='bbox 1183 701 1220 755; x_wconf 82' lang='lat' dir='ltr'><strong>ert</strong></span> 
     </span>
     <span class='ocr_line' id='line_1_5' title="bbox 186 797 1219 887; baseline -0.004 -21"><span class='ocrx_word' id='word_1_30' title='bbox 186 801 395 876; x_wconf 86' lang='lat' dir='ltr'><strong>correctione,</strong></span> <span class='ocrx_word' id='word_1_31' title='bbox 411 799 498 887; x_wconf 83' lang='lat' dir='ltr'><strong>quod</strong></span> <span class='ocrx_word' id='word_1_32' title='bbox 516 801 681 867; x_wconf 83' lang='lat' dir='ltr'><strong>infirmum</strong></span> <span class='ocrx_word' id='word_1_33' title='bbox 696 810 730 863; x_wconf 90' lang='lat' dir='ltr'><strong>et</strong></span> <span class='ocrx_word' id='word_1_34' title='bbox 746 797 835 886; x_wconf 85' lang='lat' dir='ltr'><strong>quod</strong></span> <span class='ocrx_word' id='word_1_35' title='bbox 852 797 941 863; x_wconf 86' lang='lat' dir='ltr'><strong>sorte</strong></span> <span class='ocrx_word' id='word_1_36' title='bbox 959 811 1027 873; x_wconf 81' lang='lat' dir='ltr'><strong>est,</strong></span> <span class='ocrx_word' id='word_1_37' title='bbox 1042 798 1166 864; x_wconf 86' lang='lat' dir='ltr'><strong>homini</strong></span> <span class='ocrx_word' id='word_1_38' title='bbox 1177 801 1219 886; x_wconf 74' lang='lat' dir='ltr'><strong>qni</strong></span> 
     </span>
     <span class='ocr_line' id='line_1_6' title="bbox 186 907 1218 1000; baseline 0 -26"><span class='ocrx_word' id='word_1_39' title='bbox 186 907 321 996; x_wconf 78' lang='lat' dir='ltr'><strong>perierat</strong></span> <span class='ocrx_word' id='word_1_40' title='bbox 336 908 472 977; x_wconf 82' lang='lat' dir='ltr'><strong>satutem</strong></span> <span class='ocrx_word' id='word_1_41' title='bbox 482 923 655 1000; x_wconf 68' lang='lat' dir='ltr'><strong>prestaret.</strong></span> <span class='ocrx_word' id='word_1_42' title='bbox 675 911 731 977; x_wconf 86' lang='lat' dir='ltr'><strong>Est</strong></span> <span class='ocrx_word' id='word_1_43' title='bbox 746 910 843 998; x_wconf 79' lang='lat' dir='ltr'><strong>igitur</strong></span> <span class='ocrx_word' id='word_1_44' title='bbox 856 909 1023 974; x_wconf 78' lang='lat' dir='ltr'><strong>textorius</strong></span> <span class='ocrx_word' id='word_1_45' title='bbox 1034 908 1151 986; x_wconf 76' lang='lat' dir='ltr'><strong>malus,</strong></span> <span class='ocrx_word' id='word_1_46' title='bbox 1162 933 1218 998; x_wconf 79' lang='lat' dir='ltr'><strong>que</strong></span> 
     </span>
     <span class='ocr_line' id='line_1_7' title="bbox 187 1015 1216 1107; baseline 0.002 -27"><span class='ocrx_word' id='word_1_47' title='bbox 187 1016 219 1080; x_wconf 92' lang='lat' dir='ltr'><strong>in</strong></span> <span class='ocrx_word' id='word_1_48' title='bbox 237 1015 338 1082; x_wconf 87' lang='lat' dir='ltr'><strong>Cruoe</strong></span> <span class='ocrx_word' id='word_1_49' title='bbox 359 1029 488 1106; x_wconf 83' lang='lat' dir='ltr'><strong>pernctn</strong></span> <span class='ocrx_word' id='word_1_50' title='bbox 503 1019 632 1088; x_wconf 80' lang='lat' dir='ltr'><strong>Domini</strong></span> <span class='ocrx_word' id='word_1_51' title='bbox 645 1018 749 1107; x_wconf 82' lang='lat' dir='ltr'><strong>passio</strong></span> <span class='ocrx_word' id='word_1_52' title='bbox 764 1029 823 1082; x_wconf 86' lang='lat' dir='ltr'><strong>est.</strong></span> <span class='ocrx_word' id='word_1_53' title='bbox 842 1015 984 1082; x_wconf 81' lang='lat' dir='ltr'><strong>Stamen</strong></span> <span class='ocrx_word' id='word_1_54' title='bbox 1004 1017 1041 1082; x_wconf 89' lang='lat' dir='ltr'><strong>in</strong></span> <span class='ocrx_word' id='word_1_55' title='bbox 1061 1039 1115 1091; x_wconf 85' lang='lat' dir='ltr'><strong>eo,</strong></span> <span class='ocrx_word' id='word_1_56' title='bbox 1135 1019 1216 1082; x_wconf 78' lang='lat' dir='ltr'><strong>sancti</strong></span> 
     </span>
     <span class='ocr_line' id='line_1_8' title="bbox 186 1124 1213 1216; baseline 0.002 -26"><span class='ocrx_word' id='word_1_57' title='bbox 186 1124 320 1213; x_wconf 80' lang='lat' dir='ltr'><strong>Spiritus</strong></span> <span class='ocrx_word' id='word_1_58' title='bbox 340 1127 440 1194; x_wconf 77' lang='lat' dir='ltr'><strong>virtus</strong></span> <span class='ocrx_word' id='word_1_59' title='bbox 458 1152 466 1192; x_wconf 92' lang='lat'>:</span> <span class='ocrx_word' id='word_1_60' title='bbox 489 1140 604 1204; x_wconf 78' lang='lat' dir='ltr'><strong>treme,</strong></span> <span class='ocrx_word' id='word_1_61' title='bbox 629 1139 740 1195; x_wconf 82' lang='lat' dir='ltr'><strong>sancta</strong></span> <span class='ocrx_word' id='word_1_62' title='bbox 758 1151 834 1195; x_wconf 78' lang='lat' dir='ltr'><strong>cero</strong></span> <span class='ocrx_word' id='word_1_63' title='bbox 848 1126 981 1216; x_wconf 87' lang='lat' dir='ltr'><strong>Spiritu</strong></span> <span class='ocrx_word' id='word_1_64' title='bbox 1001 1137 1148 1193; x_wconf 75' lang='lat' dir='ltr'><strong>contexte</strong></span> <span class='ocrx_word' id='word_1_65' title='bbox 1162 1127 1213 1192; x_wconf 85' lang='lat' dir='ltr'><strong>:ii-</strong></span> 
     </span>
     <span class='ocr_line' id='line_1_9' title="bbox 186 1237 1209 1330; baseline 0.001 -28"><span class='ocrx_word' id='word_1_66' title='bbox 186 1237 285 1314; x_wconf 92' lang='lat' dir='ltr'><strong>cium,</strong></span> <span class='ocrx_word' id='word_1_67' title='bbox 305 1261 376 1326; x_wconf 85' lang='lat' dir='ltr'><strong>quae</strong></span> <span class='ocrx_word' id='word_1_68' title='bbox 399 1263 456 1330; x_wconf 86' lang='lat' dir='ltr'><strong>per</strong></span> <span class='ocrx_word' id='word_1_69' title='bbox 471 1238 589 1306; x_wconf 76' lang='lat' dir='ltr'><strong>Christi</strong></span> <span class='ocrx_word' id='word_1_70' title='bbox 603 1239 791 1306; x_wconf 76' lang='lat' dir='ltr'><strong>charitatem</strong></span> <span class='ocrx_word' id='word_1_71' title='bbox 806 1238 910 1328; x_wconf 79' lang='lat' dir='ltr'><strong>gratio</strong></span> <span class='ocrx_word' id='word_1_72' title='bbox 931 1249 1080 1326; x_wconf 83' lang='lat' dir='ltr'><strong>utraque</strong></span> <span class='ocrx_word' id='word_1_73' title='bbox 1091 1240 1209 1326; x_wconf 72' lang='lat' dir='ltr'><strong>astringit</strong></span> 
     </span>
     <span class='ocr_line' id='line_1_10' title="bbox 184 1347 1206 1436; baseline 0.003 -26"><span class='ocrx_word' id='word_1_74' title='bbox 184 1357 215 1411; x_wconf 89' lang='lat' dir='ltr'><strong>et</strong></span> <span class='ocrx_word' id='word_1_75' title='bbox 231 1347 263 1412; x_wconf 93' lang='lat' dir='ltr'><strong>in</strong></span> <span class='ocrx_word' id='word_1_76' title='bbox 279 1371 380 1413; x_wconf 90' lang='lat' dir='ltr'><strong>uuum</strong></span> <span class='ocrx_word' id='word_1_77' title='bbox 395 1350 517 1416; x_wconf 85' lang='lat' dir='ltr'><strong>nectit:</strong></span> <span class='ocrx_word' id='word_1_78' title='bbox 535 1349 628 1426; x_wconf 81' lang='lat' dir='ltr'><strong>rodii,</strong></span> <span class='ocrx_word' id='word_1_79' title='bbox 639 1349 781 1417; x_wconf 83' lang='lat' dir='ltr'>Verbum</span> <span class='ocrx_word' id='word_1_80' title='bbox 795 1372 803 1412; x_wconf 91' lang='lat'><strong>:</strong></span> <span class='ocrx_word' id='word_1_81' title='bbox 819 1360 968 1414; x_wconf 80' lang='lat' dir='ltr'><strong>textores</strong></span> <span class='ocrx_word' id='word_1_82' title='bbox 985 1347 1121 1436; x_wconf 83' lang='lat' dir='ltr'><strong>denique</strong></span> <span class='ocrx_word' id='word_1_83' title='bbox 1133 1347 1206 1413; x_wconf 76' lang='lat' dir='ltr'><strong>srtisr</strong></span> 
     </span>
     <span class='ocr_line' id='line_1_11' title="bbox 184 1455 1200 1549; baseline 0.001 -29"><span class='ocrx_word' id='word_1_84' title='bbox 184 1477 249 1531; x_wconf 85' lang='lat' dir='ltr'><strong>ces,</strong></span> <span class='ocrx_word' id='word_1_85' title='bbox 265 1455 456 1524; x_wconf 78' lang='lat' dir='ltr'><strong>Petrierchae</strong></span> <span class='ocrx_word' id='word_1_86' title='bbox 467 1472 499 1524; x_wconf 88' lang='lat' dir='ltr'><strong>et</strong></span> <span class='ocrx_word' id='word_1_87' title='bbox 510 1459 689 1549; x_wconf 80' lang='lat' dir='ltr'><strong>Pnophetae,</strong></span> <span class='ocrx_word' id='word_1_88' title='bbox 702 1456 874 1547; x_wconf 88' lang='lat' dir='ltr'><strong>pulchrum</strong></span> <span class='ocrx_word' id='word_1_89' title='bbox 886 1455 1021 1522; x_wconf 81' lang='lat' dir='ltr'><strong>Christi</strong></span> <span class='ocrx_word' id='word_1_90' title='bbox 1031 1469 1200 1523; x_wconf 76' lang='lat' dir='ltr'><strong>conterentes</strong></span> 
     </span>
     <span class='ocr_line' id='line_1_12' title="bbox 183 1561 1196 1656; baseline 0.005 -28"><span class='ocrx_word' id='word_1_91' title='bbox 183 1561 337 1652; x_wconf 84' lang='lat' dir='ltr'><strong>poderem</strong></span> <span class='ocrx_word' id='word_1_92' title='bbox 348 1590 386 1633; x_wconf 81' lang='lat' dir='ltr'><strong>no</strong></span> <span class='ocrx_word' id='word_1_93' title='bbox 402 1566 575 1656; x_wconf 77' lang='lat' dir='ltr'><strong>perfectam</strong></span> <span class='ocrx_word' id='word_1_94' title='bbox 586 1569 727 1634; x_wconf 79' lang='lat' dir='ltr'><strong>tunicam</strong></span> <span class='ocrx_word' id='word_1_95' title='bbox 743 1589 751 1630; x_wconf 91' lang='lat'><strong>:</strong></span> <span class='ocrx_word' id='word_1_96' title='bbox 774 1589 831 1656; x_wconf 87' lang='lat' dir='ltr'><strong>per</strong></span> <span class='ocrx_word' id='word_1_97' title='bbox 846 1589 929 1655; x_wconf 82' lang='lat' dir='ltr'><strong>quus</strong></span> <span class='ocrx_word' id='word_1_98' title='bbox 951 1565 1094 1635; x_wconf 75' lang='lat' dir='ltr'><strong>Verbum</strong></span> <span class='ocrx_word' id='word_1_99' title='bbox 1103 1589 1196 1655; x_wconf 79' lang='lat' dir='ltr'><strong>pem-</strong></span> 
     </span>
     <span class='ocr_line' id='line_1_13' title="bbox 185 1671 1188 1765; baseline 0.004 -29"><span class='ocrx_word' id='word_1_100' title='bbox 185 1671 276 1750; x_wconf 86' lang='lat' dir='ltr'><strong>dens,</strong></span> <span class='ocrx_word' id='word_1_101' title='bbox 292 1676 453 1743; x_wconf 72' lang='lat' dir='ltr'><strong>radiorum</strong></span> <span class='ocrx_word' id='word_1_102' title='bbox 467 1699 568 1755; x_wconf 90' lang='lat' dir='ltr'><strong>more,</strong></span> <span class='ocrx_word' id='word_1_103' title='bbox 583 1675 709 1744; x_wconf 82' lang='lat' dir='ltr'><strong>illorum</strong></span> <span class='ocrx_word' id='word_1_104' title='bbox 721 1699 817 1765; x_wconf 84' lang='lat' dir='ltr'><strong>opem</strong></span> <span class='ocrx_word' id='word_1_105' title='bbox 828 1675 998 1754; x_wconf 81' lang='lat' dir='ltr'><strong>contexit,</strong></span> <span class='ocrx_word' id='word_1_106' title='bbox 1016 1699 1109 1763; x_wconf 76' lang='lat' dir='ltr'><strong>enque</strong></span> <span class='ocrx_word' id='word_1_107' title='bbox 1120 1673 1188 1739; x_wconf 67' lang='lat' dir='ltr'><strong>rant</strong></span> 
     </span>
     <span class='ocr_line' id='line_1_14' title="bbox 185 1780 296 1850; baseline 0.027 -3"><span class='ocrx_word' id='word_1_108' title='bbox 185 1780 296 1850; x_wconf 85' lang='lat' dir='ltr'><strong>libent.</strong></span> 
     </span>
     <span class='ocr_line' id='line_1_15' title="bbox 230 1892 1272 1990; baseline 0 -30"><span class='ocrx_word' id='word_1_109' title='bbox 230 1892 268 1960; x_wconf 86' lang='lat' dir='ltr'><strong>V.</strong></span> <span class='ocrx_word' id='word_1_110' title='bbox 287 1893 418 1974; x_wconf 84' lang='lat' dir='ltr'><strong>Verum,</strong></span> <span class='ocrx_word' id='word_1_111' title='bbox 435 1899 584 1987; x_wconf 79' lang='lat' dir='ltr'><strong>quonium</strong></span> <span class='ocrx_word' id='word_1_112' title='bbox 599 1899 665 1987; x_wconf 78' lang='lat' dir='ltr'><strong>jem</strong></span> <span class='ocrx_word' id='word_1_113' title='bbox 685 1911 811 1988; x_wconf 82' lang='lat' dir='ltr'><strong>tempus</strong></span> <span class='ocrx_word' id='word_1_114' title='bbox 827 1909 921 1990; x_wconf 80' lang='lat' dir='ltr'><strong>urget</strong></span> <span class='ocrx_word' id='word_1_115' title='bbox 938 1898 984 1962; x_wconf 80' lang='lat' dir='ltr'><strong>nd</strong></span> <span class='ocrx_word' id='word_1_116' title='bbox 1001 1921 1039 1963; x_wconf 80' lang='lat' dir='ltr'><strong>ea</strong></span> <span class='ocrx_word' id='word_1_117' title='bbox 1054 1917 1118 1985; x_wconf 82' lang='lat' dir='ltr'><strong>qne</strong></span> <span class='ocrx_word' id='word_1_118' title='bbox 1129 1893 1200 1959; x_wconf 75' lang='lat' dir='ltr'><strong>nott</strong></span> <span class='ocrx_word' id='word_1_119' title='bbox 1271 1953 1272 1960; x_wconf 71' lang='grc'>,</span> 
     </span>
     <span class='ocr_line' id='line_1_16' title="bbox 187 2005 1204 2098; baseline 0.002 -31"><span class='ocrx_word' id='word_1_120' title='bbox 187 2020 373 2093; x_wconf 77' lang='lat' dir='ltr'><strong>argumento</strong></span> <span class='ocrx_word' id='word_1_121' title='bbox 395 2011 555 2098; x_wconf 82' lang='lat' dir='ltr'><strong>proposito</strong></span> <span class='ocrx_word' id='word_1_122' title='bbox 577 2022 662 2086; x_wconf 86' lang='lat' dir='ltr'><strong>sunt,</strong></span> <span class='ocrx_word' id='word_1_123' title='bbox 679 2032 755 2076; x_wconf 92' lang='lat' dir='ltr'><strong>cum</strong></span> <span class='ocrx_word' id='word_1_124' title='bbox 776 2007 940 2075; x_wconf 85' lang='lat' dir='ltr'><strong>sufficiant</strong></span> <span class='ocrx_word' id='word_1_125' title='bbox 956 2031 1032 2097; x_wconf 81' lang='lat' dir='ltr'><strong>quae</strong></span> <span class='ocrx_word' id='word_1_126' title='bbox 1046 2009 1078 2073; x_wconf 94' lang='lat' dir='ltr'><strong>in</strong></span> <span class='ocrx_word' id='word_1_127' title='bbox 1097 2005 1204 2071; x_wconf 77' lang='lat' dir='ltr'><strong>exordio</strong></span> 
     </span>
     <span class='ocr_line' id='line_1_17' title="bbox 172 2111 1207 2207; baseline 0 -29"><span class='ocrx_word' id='word_1_128' title='bbox 172 2111 227 2178; x_wconf 79' lang='lat' dir='ltr'><strong>&#39;ed</strong></span> <span class='ocrx_word' id='word_1_129' title='bbox 250 2113 307 2178; x_wconf 89' lang='lat' dir='ltr'><strong>Dei</strong></span> <span class='ocrx_word' id='word_1_130' title='bbox 331 2115 463 2204; x_wconf 79' lang='lat' dir='ltr'><strong>gloriam</strong></span> <span class='ocrx_word' id='word_1_131' title='bbox 481 2120 710 2207; x_wconf 70' lang='lat' dir='ltr'><strong>peroravimus,</strong></span> <span class='ocrx_word' id='word_1_132' title='bbox 734 2139 861 2206; x_wconf 81' lang='lat' dir='ltr'><strong>aequum</strong></span> <span class='ocrx_word' id='word_1_133' title='bbox 886 2119 928 2183; x_wconf 86' lang='lat' dir='ltr'><strong>sit</strong></span> <span class='ocrx_word' id='word_1_134' title='bbox 951 2131 989 2182; x_wconf 92' lang='lat' dir='ltr'><strong>ut</strong></span> <span class='ocrx_word' id='word_1_135' title='bbox 1010 2116 1207 2207; x_wconf 78' lang='lat' dir='ltr'><strong>aggredientes</strong></span> 
     </span>
     <span class='ocr_line' id='line_1_18' title="bbox 189 2221 1209 2314; baseline 0.003 -29"><span class='ocrx_word' id='word_1_136' title='bbox 189 2221 270 2309; x_wconf 81' lang='lat' dir='ltr'><strong>ipsas</strong></span> <span class='ocrx_word' id='word_1_137' title='bbox 286 2221 478 2312; x_wconf 81' lang='lat' dir='ltr'><strong>Scripturas,</strong></span> <span class='ocrx_word' id='word_1_138' title='bbox 490 2251 529 2292; x_wconf 84' lang='lat' dir='ltr'><strong>ex</strong></span> <span class='ocrx_word' id='word_1_139' title='bbox 543 2226 603 2295; x_wconf 83' lang='lat' dir='ltr'><strong>iliis</strong></span> <span class='ocrx_word' id='word_1_140' title='bbox 619 2228 780 2295; x_wconf 81' lang='lat' dir='ltr'><strong>videamus</strong></span> <span class='ocrx_word' id='word_1_141' title='bbox 792 2227 862 2314; x_wconf 86' lang='lat' dir='ltr'><strong>quis</strong></span> <span class='ocrx_word' id='word_1_142' title='bbox 877 2237 911 2291; x_wconf 89' lang='lat' dir='ltr'><strong>et</strong></span> <span class='ocrx_word' id='word_1_143' title='bbox 922 2224 1033 2314; x_wconf 76' lang='lat' dir='ltr'><strong>qualis</strong></span> <span class='ocrx_word' id='word_1_144' title='bbox 1045 2222 1209 2292; x_wconf 81' lang='lat' dir='ltr'><strong>Antichristi</strong></span> 
     </span>
     <span class='ocr_line' id='line_1_19' title="bbox 188 2330 1208 2427; baseline 0.006 -31"><span class='ocrx_word' id='word_1_145' title='bbox 188 2330 359 2408; x_wconf 66' lang='lat' dir='ltr'><strong>adventum</strong></span> <span class='ocrx_word' id='word_1_146' title='bbox 375 2358 436 2421; x_wconf 86' lang='lat' dir='ltr'><strong>qun</strong></span> <span class='ocrx_word' id='word_1_147' title='bbox 454 2349 545 2402; x_wconf 80' lang='lat' dir='ltr'><strong>aetute</strong></span> <span class='ocrx_word' id='word_1_148' title='bbox 560 2361 598 2404; x_wconf 80' lang='lat' dir='ltr'><strong>ac</strong></span> <span class='ocrx_word' id='word_1_149' title='bbox 613 2349 757 2427; x_wconf 89' lang='lat' dir='ltr'><strong>tempore</strong></span> <span class='ocrx_word' id='word_1_150' title='bbox 771 2333 972 2401; x_wconf 83' lang='lat' dir='ltr'><strong>revelabitur</strong></span> <span class='ocrx_word' id='word_1_151' title='bbox 990 2336 1119 2422; x_wconf 82' lang='lat' dir='ltr'><strong>iniquus</strong></span> <span class='ocrx_word' id='word_1_152' title='bbox 1132 2331 1208 2402; x_wconf 75' lang='lat' dir='ltr'><strong>iiic-¹3</strong></span> 
     </span>
     <span class='ocr_line' id='line_1_20' title="bbox 191 2441 1209 2535; baseline 0 -30"><span class='ocrx_word' id='word_1_153' title='bbox 191 2441 394 2509; x_wconf 82' lang='lat' dir='ltr'><strong>undennmet</strong></span> <span class='ocrx_word' id='word_1_154' title='bbox 408 2469 520 2535; x_wconf 81' lang='lat' dir='ltr'><strong>exque</strong></span> <span class='ocrx_word' id='word_1_155' title='bbox 532 2447 631 2523; x_wconf 89' lang='lat' dir='ltr'><strong>tribu,</strong></span> <span class='ocrx_word' id='word_1_156' title='bbox 648 2448 772 2535; x_wconf 78' lang='lat' dir='ltr'><strong>quodve</strong></span> <span class='ocrx_word' id='word_1_157' title='bbox 785 2444 829 2511; x_wconf 86' lang='lat' dir='ltr'><strong>itti</strong></span> <span class='ocrx_word' id='word_1_158' title='bbox 845 2468 968 2510; x_wconf 88' lang='lat' dir='ltr'><strong>nomen</strong></span> <span class='ocrx_word' id='word_1_159' title='bbox 985 2445 1077 2531; x_wconf 82' lang='lat' dir='ltr'><strong>quod</strong></span> <span class='ocrx_word' id='word_1_160' title='bbox 1090 2467 1147 2532; x_wconf 85' lang='lat' dir='ltr'><strong>per</strong></span> <span class='ocrx_word' id='word_1_161' title='bbox 1160 2465 1209 2507; x_wconf 89' lang='lat' dir='ltr'><strong>no·</strong></span> 
     </span>
     <span class='ocr_line' id='line_1_21' title="bbox 190 2538 1272 2648; baseline -0.001 -34"><span class='ocrx_word' id='word_1_162' title='bbox 190 2571 315 2616; x_wconf 89' lang='lat' dir='ltr'><strong>merum</strong></span> <span class='ocrx_word' id='word_1_163' title='bbox 329 2554 363 2618; x_wconf 96' lang='lat' dir='ltr'><strong>in</strong></span> <span class='ocrx_word' id='word_1_164' title='bbox 378 2552 540 2643; x_wconf 80' lang='lat' dir='ltr'><strong>Scriptura</strong></span> <span class='ocrx_word' id='word_1_165' title='bbox 556 2554 767 2644; x_wconf 67' lang='lat' dir='ltr'><strong>significatum</strong></span> <span class='ocrx_word' id='word_1_166' title='bbox 782 2552 947 2641; x_wconf 91' lang='lat' dir='ltr'><strong>quomodo</strong></span> <span class='ocrx_word' id='word_1_167' title='bbox 959 2550 1119 2641; x_wconf 83' lang='lat' dir='ltr'><strong>populum</strong></span> <span class='ocrx_word' id='word_1_168' title='bbox 1129 2538 1158 2614; x_wconf 81' lang='lat' dir='ltr'><strong>in</strong></span> <span class='ocrx_word' id='word_1_169' title='bbox 1167 2573 1210 2613; x_wconf 83' lang='lat' dir='ltr'><strong>er-</strong></span> <span class='ocrx_word' id='word_1_170' title='bbox 1271 2643 1272 2648; x_wconf 8' lang='grc' dir='ltr'>γ</span> 
     </span>
     <span class='ocr_line' id='line_1_22' title="bbox 188 2661 1206 2751; baseline 0.002 -30"><span class='ocrx_word' id='word_1_171' title='bbox 188 2681 295 2722; x_wconf 90' lang='lat' dir='ltr'><strong>rorem</strong></span> <span class='ocrx_word' id='word_1_172' title='bbox 306 2661 449 2738; x_wconf 84' lang='lat' dir='ltr'><strong>inducet,</strong></span> <span class='ocrx_word' id='word_1_173' title='bbox 461 2671 655 2751; x_wconf 68' lang='lat' dir='ltr'><strong>congregans</strong></span> <span class='ocrx_word' id='word_1_174' title='bbox 666 2687 749 2730; x_wconf 88' lang='lat' dir='ltr'><strong>eosn</strong></span> <span class='ocrx_word' id='word_1_175' title='bbox 762 2662 879 2727; x_wconf 84' lang='lat' dir='ltr'><strong>finibus</strong></span> <span class='ocrx_word' id='word_1_176' title='bbox 896 2673 1015 2734; x_wconf 62' lang='lat' dir='ltr'><strong>terrm</strong></span> <span class='ocrx_word' id='word_1_177' title='bbox 1035 2683 1123 2749; x_wconf 77' lang='lat' dir='ltr'><strong>quarn</strong></span> <span class='ocrx_word' id='word_1_178' title='bbox 1139 2661 1206 2722; x_wconf 83' lang='lat' dir='ltr'><strong>item</strong></span> 
     </span>
     <span class='ocr_line' id='line_1_23' title="bbox 190 2766 1209 2859; baseline -0.004 -26"><span class='ocrx_word' id='word_1_179' title='bbox 190 2767 306 2833; x_wconf 77' lang='lat' dir='ltr'><strong>sanctis</strong></span> <span class='ocrx_word' id='word_1_180' title='bbox 318 2769 554 2837; x_wconf 78' lang='lat' dir='ltr'><strong>tribulationem</strong></span> <span class='ocrx_word' id='word_1_181' title='bbox 566 2771 679 2836; x_wconf 82' lang='lat' dir='ltr'><strong>inseret</strong></span> <span class='ocrx_word' id='word_1_182' title='bbox 690 2782 722 2836; x_wconf 89' lang='lat' dir='ltr'><strong>et</strong></span> <span class='ocrx_word' id='word_1_183' title='bbox 734 2770 1057 2859; x_wconf 86' lang='lat' dir='ltr'><strong>persecutionem,et</strong></span> <span class='ocrx_word' id='word_1_184' title='bbox 1066 2766 1209 2857; x_wconf 77' lang='lat' dir='ltr'><strong>quomodo</strong></span> 
     </span>
     <span class='ocr_line' id='line_1_24' title="bbox 188 2863 1272 2970; baseline 0 -30"><span class='ocrx_word' id='word_1_185' title='bbox 188 2877 253 2965; x_wconf 86' lang='lat' dir='ltr'><strong>ipse</strong></span> <span class='ocrx_word' id='word_1_186' title='bbox 267 2901 301 2943; x_wconf 87' lang='lat' dir='ltr'><strong>se</strong></span> <span class='ocrx_word' id='word_1_187' title='bbox 316 2891 352 2942; x_wconf 87' lang='lat' dir='ltr'><strong>ut</strong></span> <span class='ocrx_word' id='word_1_188' title='bbox 366 2879 470 2946; x_wconf 90' lang='lat' dir='ltr'><strong>Deum</strong></span> <span class='ocrx_word' id='word_1_189' title='bbox 485 2877 689 2952; x_wconf 78' lang='lat' dir='ltr'><strong>clorificabit3</strong></span> <span class='ocrx_word' id='word_1_190' title='bbox 705 2881 775 2970; x_wconf 82' lang='lat' dir='ltr'><strong>quis</strong></span> <span class='ocrx_word' id='word_1_191' title='bbox 794 2881 863 2968; x_wconf 85' lang='lat' dir='ltr'><strong>ejus</strong></span> <span class='ocrx_word' id='word_1_192' title='bbox 882 2879 1039 2945; x_wconf 85' lang='lat' dir='ltr'><strong>interitus</strong></span> <span class='ocrx_word' id='word_1_193' title='bbox 1045 2905 1056 2952; x_wconf 87' lang='lat'>;</span> <span class='ocrx_word' id='word_1_194' title='bbox 1068 2877 1211 2967; x_wconf 72' lang='lat' dir='ltr'><strong>quomodo</strong></span> <span class='ocrx_word' id='word_1_195' title='bbox 1271 2863 1272 2866; x_wconf 22' lang='lat'>¹</span> 
     </span>
     <span class='ocr_line' id='line_1_25' title="bbox 186 2983 1211 3078; baseline 0.001 -27"><span class='ocrx_word' id='word_1_196' title='bbox 186 2983 354 3054; x_wconf 78' lang='lat' dir='ltr'><strong>revelanda</strong></span> <span class='ocrx_word' id='word_1_197' title='bbox 369 2989 409 3054; x_wconf 88' lang='lat' dir='ltr'><strong>de</strong></span> <span class='ocrx_word' id='word_1_198' title='bbox 425 2989 512 3056; x_wconf 82' lang='lat' dir='ltr'><strong>coelis</strong></span> <span class='ocrx_word' id='word_1_199' title='bbox 526 2990 654 3057; x_wconf 90' lang='lat' dir='ltr'><strong>Domini</strong></span> <span class='ocrx_word' id='word_1_200' title='bbox 669 2989 836 3078; x_wconf 79' lang='lat' dir='ltr'><strong>apparitio,</strong></span> <span class='ocrx_word' id='word_1_201' title='bbox 849 3011 887 3055; x_wconf 84' lang='lat' dir='ltr'><strong>nc</strong></span> <span class='ocrx_word' id='word_1_202' title='bbox 899 3011 973 3076; x_wconf 80' lang='lat' dir='ltr'><strong>quae</strong></span> <span class='ocrx_word' id='word_1_203' title='bbox 990 2989 1128 3055; x_wconf 68' lang='lat' dir='ltr'><strong>universi</strong></span> <span class='ocrx_word' id='word_1_204' title='bbox 1140 2988 1211 3052; x_wconf 80' lang='lat' dir='ltr'><strong>orbis</strong></span> 
     </span>
     <span class='ocr_line' id='line_1_26' title="bbox 189 3094 1213 3187; baseline 0.001 -27"><span class='ocrx_word' id='word_1_205' title='bbox 189 3094 410 3186; x_wconf 78' lang='lat' dir='ltr'><strong>conflagratio;</strong></span> <span class='ocrx_word' id='word_1_206' title='bbox 427 3099 496 3185; x_wconf 88' lang='lat' dir='ltr'><strong>quis</strong></span> <span class='ocrx_word' id='word_1_207' title='bbox 507 3108 689 3165; x_wconf 79' lang='lat' dir='ltr'><strong>sanctorum</strong></span> <span class='ocrx_word' id='word_1_208' title='bbox 700 3095 872 3187; x_wconf 80' lang='lat' dir='ltr'><strong>gloriosum</strong></span> <span class='ocrx_word' id='word_1_209' title='bbox 889 3119 928 3163; x_wconf 82' lang='lat' dir='ltr'><strong>ac</strong></span> <span class='ocrx_word' id='word_1_210' title='bbox 943 3095 1078 3164; x_wconf 82' lang='lat' dir='ltr'><strong>eoeleste</strong></span> <span class='ocrx_word' id='word_1_211' title='bbox 1093 3119 1213 3186; x_wconf 70' lang='lat' dir='ltr'><strong>regn·</strong></span> 
     </span>
     <span class='ocr_line' id='line_1_27' title="bbox 187 3205 1212 3300; baseline 0.001 -29"><span class='ocrx_word' id='word_1_212' title='bbox 187 3227 262 3271; x_wconf 89' lang='lat' dir='ltr'><strong>cum</strong></span> <span class='ocrx_word' id='word_1_213' title='bbox 279 3205 405 3272; x_wconf 89' lang='lat' dir='ltr'><strong>Christo</strong></span> <span class='ocrx_word' id='word_1_214' title='bbox 424 3207 635 3298; x_wconf 78' lang='lat' dir='ltr'><strong>regnantium,</strong></span> <span class='ocrx_word' id='word_1_215' title='bbox 659 3208 804 3300; x_wconf 87' lang='lat' dir='ltr'><strong>nequod</strong></span> <span class='ocrx_word' id='word_1_216' title='bbox 829 3206 1017 3296; x_wconf 90' lang='lat' dir='ltr'><strong>iniquorum</strong></span> <span class='ocrx_word' id='word_1_217' title='bbox 1041 3231 1099 3296; x_wconf 86' lang='lat' dir='ltr'><strong>per</strong></span> <span class='ocrx_word' id='word_1_218' title='bbox 1119 3209 1212 3296; x_wconf 75' lang='lat' dir='ltr'><strong>ignem</strong></span> 
     </span>
    </p>
   </div>
   <div class='ocr_carea' id='block_1_3' title="bbox 84 3313 386 3405">
    <p class='ocr_par' dir='ltr' id='par_1_3' title="bbox 84 3313 386 3405">
     <span class='ocr_line' id='line_1_28' title="bbox 84 3313 386 3405; baseline 0.01 -25"><span class='ocrx_word' id='word_1_219' title='bbox 84 3346 90 3356; x_wconf 88' lang='lat'>·</span> <span class='ocrx_word' id='word_1_220' title='bbox 187 3313 386 3405; x_wconf 86' lang='lat' dir='ltr'><strong>supplicium.</strong></span> 
     </span>
    </p>
   </div>
   <div class='ocr_carea' id='block_1_4' title="bbox 185 3424 1212 4048">
    <p class='ocr_par' dir='ltr' id='par_1_4' title="bbox 185 3424 1212 3948">
     <span class='ocr_line' id='line_1_29' title="bbox 230 3424 1212 3496; baseline 0.002 -2"><span class='ocrx_word' id='word_1_221' title='bbox 230 3425 285 3494; x_wconf 83' lang='lat' dir='ltr'><strong>VI.</strong></span> <span class='ocrx_word' id='word_1_222' title='bbox 305 3426 385 3493; x_wconf 81' lang='lat' dir='ltr'><strong>Nem</strong></span> <span class='ocrx_word' id='word_1_223' title='bbox 406 3450 480 3493; x_wconf 92' lang='lat' dir='ltr'><strong>cum</strong></span> <span class='ocrx_word' id='word_1_224' title='bbox 495 3427 649 3494; x_wconf 84' lang='lat' dir='ltr'><strong>Dominus</strong></span> <span class='ocrx_word' id='word_1_225' title='bbox 664 3438 772 3492; x_wconf 85' lang='lat' dir='ltr'><strong>noster</strong></span> <span class='ocrx_word' id='word_1_226' title='bbox 789 3425 882 3492; x_wconf 80' lang='lat' dir='ltr'><strong>Jesus</strong></span> <span class='ocrx_word' id='word_1_227' title='bbox 899 3424 1049 3492; x_wconf 85' lang='lat' dir='ltr'><strong>Christus</strong></span> <span class='ocrx_word' id='word_1_228' title='bbox 1068 3449 1104 3491; x_wconf 83' lang='lat' dir='ltr'><strong>nc</strong></span> <span class='ocrx_word' id='word_1_229' title='bbox 1124 3424 1212 3496; x_wconf 72' lang='lat' dir='ltr'><strong>Deus,</strong></span> 
     </span>
     <span class='ocr_line' id='line_1_30' title="bbox 185 3529 1212 3622; baseline -0.005 -25"><span class='ocrx_word' id='word_1_230' title='bbox 185 3533 270 3622; x_wconf 78' lang='lat' dir='ltr'><strong>regin</strong></span> <span class='ocrx_word' id='word_1_231' title='bbox 281 3531 421 3599; x_wconf 80' lang='lat' dir='ltr'><strong>celsitate</strong></span> <span class='ocrx_word' id='word_1_232' title='bbox 433 3546 527 3621; x_wconf 81' lang='lat' dir='ltr'><strong>etque</strong></span> <span class='ocrx_word' id='word_1_233' title='bbox 537 3531 643 3622; x_wconf 82' lang='lat' dir='ltr'><strong>gloriae</strong></span> <span class='ocrx_word' id='word_1_234' title='bbox 656 3530 811 3608; x_wconf 81' lang='lat' dir='ltr'><strong>claritate,</strong></span> <span class='ocrx_word' id='word_1_235' title='bbox 824 3542 861 3597; x_wconf 89' lang='lat' dir='ltr'><strong>ut</strong></span> <span class='ocrx_word' id='word_1_236' title='bbox 872 3529 923 3597; x_wconf 90' lang='lat' dir='ltr'><strong>leo</strong></span> <span class='ocrx_word' id='word_1_237' title='bbox 934 3533 1127 3620; x_wconf 70' lang='lat' dir='ltr'><strong>praedicatus</strong></span> <span class='ocrx_word' id='word_1_238' title='bbox 1136 3529 1212 3597; x_wconf 78' lang='lat' dir='ltr'><strong>sit²:</strong></span> 
     </span>
     <span class='ocr_line' id='line_1_31' title="bbox 186 3640 1211 3730; baseline -0.001 -25"><span class='ocrx_word' id='word_1_239' title='bbox 186 3641 299 3706; x_wconf 89' lang='lat' dir='ltr'><strong>codem</strong></span> <span class='ocrx_word' id='word_1_240' title='bbox 314 3642 453 3709; x_wconf 84' lang='lat' dir='ltr'><strong>modoet</strong></span> <span class='ocrx_word' id='word_1_241' title='bbox 468 3641 697 3710; x_wconf 81' lang='lat' dir='ltr'><strong>Antichristum</strong></span> <span class='ocrx_word' id='word_1_242' title='bbox 713 3641 832 3730; x_wconf 85' lang='lat' dir='ltr'><strong>puriter</strong></span> <span class='ocrx_word' id='word_1_243' title='bbox 845 3640 976 3708; x_wconf 87' lang='lat' dir='ltr'><strong>leonem</strong></span> <span class='ocrx_word' id='word_1_244' title='bbox 987 3643 1156 3730; x_wconf 76' lang='lat' dir='ltr'><strong>scripture</strong></span> <span class='ocrx_word' id='word_1_245' title='bbox 1169 3661 1211 3704; x_wconf 80' lang='lat' dir='ltr'><strong>ro</strong></span> 
     </span>
     <span class='ocr_line' id='line_1_32' title="bbox 187 3749 1210 3841; baseline -0.002 -25"><span class='ocrx_word' id='word_1_246' title='bbox 187 3749 336 3827; x_wconf 87' lang='lat' dir='ltr'><strong>citurunt,</strong></span> <span class='ocrx_word' id='word_1_247' title='bbox 356 3773 414 3841; x_wconf 92' lang='lat' dir='ltr'><strong>pro</strong></span> <span class='ocrx_word' id='word_1_248' title='bbox 433 3753 502 3840; x_wconf 83' lang='lat' dir='ltr'><strong>ejus</strong></span> <span class='ocrx_word' id='word_1_249' title='bbox 524 3751 689 3840; x_wconf 82' lang='lat' dir='ltr'><strong>tyrannide</strong></span> <span class='ocrx_word' id='word_1_250' title='bbox 709 3750 931 3840; x_wconf 78' lang='lat' dir='ltr'><strong>violentisque.</strong></span> <span class='ocrx_word' id='word_1_251' title='bbox 958 3751 1119 3818; x_wconf 86' lang='lat' dir='ltr'><strong>Seductor</strong></span> <span class='ocrx_word' id='word_1_252' title='bbox 1134 3749 1210 3814; x_wconf 83' lang='lat' dir='ltr'><strong>enim</strong></span> 
     </span>
     <span class='ocr_line' id='line_1_33' title="bbox 186 3857 1211 3948; baseline -0.004 -23"><span class='ocrx_word' id='word_1_253' title='bbox 186 3881 242 3947; x_wconf 88' lang='lat' dir='ltr'><strong>per</strong></span> <span class='ocrx_word' id='word_1_254' title='bbox 255 3861 361 3927; x_wconf 81' lang='lat' dir='ltr'><strong>omnia</strong></span> <span class='ocrx_word' id='word_1_255' title='bbox 377 3862 486 3930; x_wconf 85' lang='lat' dir='ltr'><strong>similis</strong></span> <span class='ocrx_word' id='word_1_256' title='bbox 504 3862 602 3928; x_wconf 82' lang='lat' dir='ltr'><strong>videri</strong></span> <span class='ocrx_word' id='word_1_257' title='bbox 618 3859 684 3927; x_wconf 81' lang='lat' dir='ltr'><strong>vult</strong></span> <span class='ocrx_word' id='word_1_258' title='bbox 699 3860 757 3928; x_wconf 87' lang='lat' dir='ltr'><strong>Dei</strong></span> <span class='ocrx_word' id='word_1_259' title='bbox 777 3857 868 3927; x_wconf 84' lang='lat' dir='ltr'><strong>Fitio.</strong></span> <span class='ocrx_word' id='word_1_260' title='bbox 887 3859 953 3928; x_wconf 85' lang='lat' dir='ltr'><strong>Leo</strong></span> <span class='ocrx_word' id='word_1_261' title='bbox 969 3859 1101 3948; x_wconf 87' lang='lat' dir='ltr'><strong>quidem</strong></span> <span class='ocrx_word' id='word_1_262' title='bbox 1111 3857 1211 3926; x_wconf 73' lang='lat' dir='ltr'><strong>(iistis-</strong></span> 
     </span>
    </p>

    <p class='ocr_par' dir='ltr' id='par_1_5' title="bbox 220 3979 819 4048">
     <span class='ocr_line' id='line_1_34' title="bbox 220 3979 819 4048; baseline 0.002 -19"><span class='ocrx_word' id='word_1_263' title='bbox 220 3979 349 4031; x_wconf 78' lang='lat' dir='ltr'><strong>¹threrr.</strong></span> <span class='ocrx_word' id='word_1_264' title='bbox 362 3983 420 4042; x_wconf 86' lang='lat' dir='ltr'><strong>n,8.</strong></span> <span class='ocrx_word' id='word_1_265' title='bbox 435 4011 465 4022; x_wconf 90' lang='grc'>-</span> <span class='ocrx_word' id='word_1_266' title='bbox 475 3981 486 4017; x_wconf 85' lang='lat'><strong>²</strong></span> <span class='ocrx_word' id='word_1_267' title='bbox 498 3984 578 4048; x_wconf 80' lang='lat' dir='ltr'><strong>Apoc.</strong></span> <span class='ocrx_word' id='word_1_268' title='bbox 589 3999 614 4042; x_wconf 84' lang='grc' dir='ltr'><strong>ι,</strong></span> <span class='ocrx_word' id='word_1_269' title='bbox 627 3981 649 4033; x_wconf 82' lang='grc'><strong>5.</strong></span> <span class='ocrx_word' id='word_1_270' title='bbox 667 3999 674 4031; x_wconf 88' lang='grc' dir='ltr'>ι</span> <span class='ocrx_word' id='word_1_271' title='bbox 689 3981 743 4035; x_wconf 80' lang='lat' dir='ltr'><strong>Pet.</strong></span> <span class='ocrx_word' id='word_1_272' title='bbox 758 3997 782 4041; x_wconf 82' lang='lat' dir='ltr'><strong>r,</strong></span> <span class='ocrx_word' id='word_1_273' title='bbox 794 3980 819 4030; x_wconf 88' lang='lat'><strong>8.</strong></span> 
     </span>
    </p>
   </div>
   <div class='ocr_carea' id='block_1_5' title="bbox 0 0 1281 4614">
    <p class='ocr_par' dir='ltr' id='par_1_6' title="bbox 0 0 1281 4614">
     <span class='ocr_line' id='line_1_35' title="bbox 0 0 1281 4614; baseline 0 0"><span class='ocrx_word' id='word_1_274' title='bbox 0 0 1281 4614; x_wconf 95' lang='lat' dir='ltr'><strong> </strong></span> 
     </span>
    </p>
   </div>
  </div>
 </body>
</html>
