<?xml version="1.0" encoding="UTF-8"?>
<!DOCTYPE html PUBLIC "-//W3C//DTD XHTML 1.0 Transitional//EN"
    "http://www.w3.org/TR/xhtml1/DTD/xhtml1-transitional.dtd">
<html xmlns="http://www.w3.org/1999/xhtml" xml:lang="en" lang="en">
 <head>
  <title>
</title>
<meta http-equiv="Content-Type" content="text/html;charset=utf-8" />
  <meta name='ocr-system' content='tesseract 3.04.00' />
  <meta name='ocr-capabilities' content='ocr_page ocr_carea ocr_par ocr_line ocrx_word'/>
</head>
<body>
  <div class='ocr_page' id='page_1' title='image "./collectioselect00guilgoog_0130.png"; bbox 0 0 2614 4628; ppageno 0'>
   <div class='ocr_carea' id='block_1_1' title="bbox 234 213 946 288">
    <p class='ocr_par' dir='ltr' id='par_1_1' title="bbox 234 213 946 288">
     <span class='ocr_line' id='line_1_1' title="bbox 234 213 946 288; baseline 0.004 -13"><span class='ocrx_word' id='word_1_1' title='bbox 234 213 293 288; x_wconf 69' lang='lat' dir='ltr'><strong>aad</strong></span> <span class='ocrx_word' id='word_1_2' title='bbox 540 235 711 280; x_wconf 69' lang='lat' dir='ltr'><strong>capuensis</strong></span> <span class='ocrx_word' id='word_1_3' title='bbox 736 235 946 280; x_wconf 75' lang='lat' dir='ltr'><strong>unumunurm</strong></span> 
     </span>
    </p>
   </div>
   <div class='ocr_carea' id='block_1_2' title="bbox 230 350 1291 3737">
    <p class='ocr_par' dir='ltr' id='par_1_2' title="bbox 230 350 1291 3737">
     <span class='ocr_line' id='line_1_2' title="bbox 230 350 1286 444; baseline 0.004 -30"><span class='ocrx_word' id='word_1_4' title='bbox 230 350 345 416; x_wconf 66' lang='lat' dir='ltr'><strong>»Deus</strong></span> <span class='ocrx_word' id='word_1_5' title='bbox 362 353 430 416; x_wconf 85' lang='lat' dir='ltr'><strong>erat</strong></span> <span class='ocrx_word' id='word_1_6' title='bbox 446 351 619 420; x_wconf 86' lang='lat' dir='ltr'><strong>Verbum¹.</strong></span> <span class='ocrx_word' id='word_1_7' title='bbox 639 383 652 415; x_wconf 80' lang='grc' dir='ltr'>ι</span> <span class='ocrx_word' id='word_1_8' title='bbox 669 353 732 420; x_wconf 83' lang='lat' dir='ltr'><strong>Sed</strong></span> <span class='ocrx_word' id='word_1_9' title='bbox 743 379 846 430; x_wconf 84' lang='lat' dir='ltr'><strong>orror,</strong></span> <span class='ocrx_word' id='word_1_10' title='bbox 861 355 978 444; x_wconf 88' lang='lat' dir='ltr'><strong>inquis,</strong></span> <span class='ocrx_word' id='word_1_11' title='bbox 995 365 1085 419; x_wconf 85' lang='lat' dir='ltr'><strong>vetus</strong></span> <span class='ocrx_word' id='word_1_12' title='bbox 1096 366 1169 420; x_wconf 81' lang='lat' dir='ltr'><strong>est‘:</strong></span> <span class='ocrx_word' id='word_1_13' title='bbox 1185 355 1265 419; x_wconf 81' lang='lat' dir='ltr'><strong>veri·</strong></span> <span class='ocrx_word' id='word_1_14' title='bbox 1282 375 1286 380; x_wconf 90' lang='lat'>·</span> 
     </span>
     <span class='ocr_line' id='line_1_3' title="bbox 231 461 1290 553; baseline 0.004 -29"><span class='ocrx_word' id='word_1_15' title='bbox 231 473 278 525; x_wconf 85' lang='lat' dir='ltr'><strong>tas</strong></span> <span class='ocrx_word' id='word_1_16' title='bbox 298 473 404 528; x_wconf 90' lang='lat' dir='ltr'><strong>autem</strong></span> <span class='ocrx_word' id='word_1_17' title='bbox 425 463 561 529; x_wconf 86' lang='lat' dir='ltr'><strong>reeens².</strong></span> <span class='ocrx_word' id='word_1_18' title='bbox 577 464 712 530; x_wconf 80' lang='lat' dir='ltr'><strong>Proinde</strong></span> <span class='ocrx_word' id='word_1_19' title='bbox 732 488 787 529; x_wconf 87' lang='lat' dir='ltr'><strong>seu</strong></span> <span class='ocrx_word' id='word_1_20' title='bbox 807 487 910 553; x_wconf 81' lang='lat' dir='ltr'><strong>caprae</strong></span> <span class='ocrx_word' id='word_1_21' title='bbox 929 461 1069 552; x_wconf 77' lang='lat' dir='ltr'>Phrygas</span> <span class='ocrx_word' id='word_1_22' title='bbox 1088 465 1263 530; x_wconf 85' lang='lat' dir='ltr'><strong>vetustissi-</strong></span> <span class='ocrx_word' id='word_1_23' title='bbox 1289 485 1290 488; x_wconf 69' lang='grc'>’</span> 
     </span>
     <span class='ocr_line' id='line_1_4' title="bbox 232 571 1264 662; baseline 0 -26"><span class='ocrx_word' id='word_1_24' title='bbox 232 593 301 636; x_wconf 84' lang='lat' dir='ltr'><strong>tuos</strong></span> <span class='ocrx_word' id='word_1_25' title='bbox 317 595 385 636; x_wconf 86' lang='lat' dir='ltr'><strong>csse</strong></span> <span class='ocrx_word' id='word_1_26' title='bbox 401 571 554 646; x_wconf 77' lang='lat' dir='ltr'><strong>doceant3</strong></span> <span class='ocrx_word' id='word_1_27' title='bbox 570 595 625 638; x_wconf 89' lang='lat' dir='ltr'><strong>seu</strong></span> <span class='ocrx_word' id='word_1_28' title='bbox 637 573 776 640; x_wconf 77' lang='lat' dir='ltr'><strong>Arcadas</strong></span> <span class='ocrx_word' id='word_1_29' title='bbox 787 580 900 662; x_wconf 74' lang='lat' dir='ltr'><strong>poiitae.</strong></span> <span class='ocrx_word' id='word_1_30' title='bbox 918 573 971 660; x_wconf 90' lang='lat' dir='ltr'><strong>qui</strong></span> <span class='ocrx_word' id='word_1_31' title='bbox 986 586 1059 638; x_wconf 91' lang='lat' dir='ltr'><strong>ante</strong></span> <span class='ocrx_word' id='word_1_32' title='bbox 1071 573 1195 639; x_wconf 91' lang='lat' dir='ltr'><strong>Lunam</strong></span> <span class='ocrx_word' id='word_1_33' title='bbox 1211 595 1264 636; x_wconf 82' lang='lat' dir='ltr'><strong>eos</strong></span> 
     </span>
     <span class='ocr_line' id='line_1_5' title="bbox 232 679 1264 772; baseline 0.002 -28"><span class='ocrx_word' id='word_1_34' title='bbox 232 679 328 746; x_wconf 86' lang='lat' dir='ltr'><strong>suisse</strong></span> <span class='ocrx_word' id='word_1_35' title='bbox 353 682 579 770; x_wconf 86' lang='lat' dir='ltr'><strong>prodiderunt;</strong></span> <span class='ocrx_word' id='word_1_36' title='bbox 604 705 674 757; x_wconf 88' lang='lat' dir='ltr'><strong>seu,</strong></span> <span class='ocrx_word' id='word_1_37' title='bbox 698 682 847 770; x_wconf 85' lang='lat' dir='ltr'><strong>denique,</strong></span> <span class='ocrx_word' id='word_1_38' title='bbox 872 681 1049 772; x_wconf 77' lang='lat' dir='ltr'><strong>AE&#39;gyptios,</strong></span> <span class='ocrx_word' id='word_1_39' title='bbox 1073 683 1129 770; x_wconf 92' lang='lat' dir='ltr'><strong>qui</strong></span> <span class='ocrx_word' id='word_1_40' title='bbox 1148 681 1264 747; x_wconf 91' lang='lat' dir='ltr'><strong>horum</strong></span> 
     </span>
     <span class='ocr_line' id='line_1_6' title="bbox 234 792 1288 882; baseline -0.001 -24"><span class='ocrx_word' id='word_1_41' title='bbox 234 792 368 859; x_wconf 78' lang='lat' dir='ltr'>Terram</span> <span class='ocrx_word' id='word_1_42' title='bbox 385 795 520 859; x_wconf 91' lang='lat' dir='ltr'><strong>deorum</strong></span> <span class='ocrx_word' id='word_1_43' title='bbox 531 793 769 882; x_wconf 79' lang='lat' dir='ltr'><strong>¹hominumque</strong></span> <span class='ocrx_word' id='word_1_44' title='bbox 785 807 921 860; x_wconf 87' lang='lat' dir='ltr'><strong>matrem</strong></span> <span class='ocrx_word' id='word_1_45' title='bbox 938 816 1006 860; x_wconf 88' lang='lat' dir='ltr'><strong>esso</strong></span> <span class='ocrx_word' id='word_1_46' title='bbox 1021 795 1182 860; x_wconf 90' lang='lat' dir='ltr'><strong>somniant</strong></span> <span class='ocrx_word' id='word_1_47' title='bbox 1198 817 1208 857; x_wconf 81' lang='lat' dir='ltr'><strong>t</strong></span> <span class='ocrx_word' id='word_1_48' title='bbox 1223 805 1264 857; x_wconf 82' lang='lat' dir='ltr'><strong>ta-</strong></span> <span class='ocrx_word' id='word_1_49' title='bbox 1286 823 1288 825; x_wconf 94' lang='lat'>·</span> 
     </span>
     <span class='ocr_line' id='line_1_7' title="bbox 233 903 1264 992; baseline -0.001 -24"><span class='ocrx_word' id='word_1_50' title='bbox 233 927 308 968; x_wconf 89' lang='lat' dir='ltr'><strong>men</strong></span> <span class='ocrx_word' id='word_1_51' title='bbox 334 927 447 970; x_wconf 88' lang='lat' dir='ltr'><strong>eorum</strong></span> <span class='ocrx_word' id='word_1_52' title='bbox 470 927 565 970; x_wconf 87' lang='lat' dir='ltr'><strong>nomo</strong></span> <span class='ocrx_word' id='word_1_53' title='bbox 584 929 618 970; x_wconf 90' lang='lat' dir='ltr'><strong>se</strong></span> <span class='ocrx_word' id='word_1_54' title='bbox 639 917 712 970; x_wconf 86' lang='lat' dir='ltr'><strong>ante</strong></span> <span class='ocrx_word' id='word_1_55' title='bbox 731 904 889 971; x_wconf 89' lang='lat' dir='ltr'><strong>mundum</strong></span> <span class='ocrx_word' id='word_1_56' title='bbox 905 903 1000 969; x_wconf 80' lang='lat' dir='ltr'><strong>fuisso</strong></span> <span class='ocrx_word' id='word_1_57' title='bbox 1018 905 1126 992; x_wconf 85' lang='lat' dir='ltr'><strong>jactat.</strong></span> <span class='ocrx_word' id='word_1_58' title='bbox 1147 907 1188 970; x_wconf 83' lang='lat' dir='ltr'><strong>At</strong></span> <span class='ocrx_word' id='word_1_59' title='bbox 1209 925 1264 968; x_wconf 84' lang='lat' dir='ltr'><strong>nos</strong></span> 
     </span>
     <span class='ocr_line' id='line_1_8' title="bbox 235 1014 1265 1089; baseline -0.001 -12"><span class='ocrx_word' id='word_1_60' title='bbox 235 1024 308 1078; x_wconf 90' lang='lat' dir='ltr'><strong>ante</strong></span> <span class='ocrx_word' id='word_1_61' title='bbox 324 1014 435 1079; x_wconf 91' lang='lat' dir='ltr'><strong>mundi</strong></span> <span class='ocrx_word' id='word_1_62' title='bbox 452 1015 711 1080; x_wconf 89' lang='lat' dir='ltr'><strong>constitutionem</strong></span> <span class='ocrx_word' id='word_1_63' title='bbox 729 1015 859 1089; x_wconf 88' lang='lat' dir='ltr'><strong>suimus,</strong></span> <span class='ocrx_word' id='word_1_64' title='bbox 879 1015 999 1080; x_wconf 88' lang='lat' dir='ltr'><strong>ratione</strong></span> <span class='ocrx_word' id='word_1_65' title='bbox 1017 1014 1131 1079; x_wconf 82' lang='lat' dir='ltr'><strong>suturae</strong></span> <span class='ocrx_word' id='word_1_66' title='bbox 1150 1025 1265 1078; x_wconf 75' lang='lat' dir='ltr'><strong>nostra</strong></span> 
     </span>
     <span class='ocr_line' id='line_1_9' title="bbox 237 1122 1260 1212; baseline 0.001 -26"><span class='ocrx_word' id='word_1_67' title='bbox 237 1122 456 1209; x_wconf 81' lang='lat' dir='ltr'><strong>productionis</strong></span> <span class='ocrx_word' id='word_1_68' title='bbox 471 1124 504 1187; x_wconf 91' lang='lat' dir='ltr'><strong>in</strong></span> <span class='ocrx_word' id='word_1_69' title='bbox 519 1123 587 1211; x_wconf 91' lang='lat' dir='ltr'><strong>ipso</strong></span> <span class='ocrx_word' id='word_1_70' title='bbox 602 1123 670 1189; x_wconf 86' lang='lat' dir='ltr'><strong>Deo</strong></span> <span class='ocrx_word' id='word_1_71' title='bbox 688 1123 923 1212; x_wconf 88' lang='lat' dir='ltr'><strong>quodammodo</strong></span> <span class='ocrx_word' id='word_1_72' title='bbox 935 1135 1004 1188; x_wconf 92' lang='lat' dir='ltr'><strong>tum</strong></span> <span class='ocrx_word' id='word_1_73' title='bbox 1019 1124 1260 1212; x_wconf 83' lang='lat' dir='ltr'><strong>praeexistentes.</strong></span> 
     </span>
     <span class='ocr_line' id='line_1_10' title="bbox 235 1221 1262 1322; baseline 0 -24"><span class='ocrx_word' id='word_1_74' title='bbox 235 1233 340 1298; x_wconf 89' lang='lat' dir='ltr'><strong>Divini</strong></span> <span class='ocrx_word' id='word_1_75' title='bbox 360 1235 455 1322; x_wconf 84' lang='lat' dir='ltr'><strong>igitur</strong></span> <span class='ocrx_word' id='word_1_76' title='bbox 466 1231 576 1308; x_wconf 87' lang='lat' dir='ltr'><strong>Verbi,</strong></span> <span class='ocrx_word' id='word_1_77' title='bbox 597 1235 661 1300; x_wconf 85' lang='lat' dir='ltr'><strong>sive</strong></span> <span class='ocrx_word' id='word_1_78' title='bbox 679 1221 833 1309; x_wconf 83' lang='lat' dir='ltr'><strong>Rationis,</strong></span> <span class='ocrx_word' id='word_1_79' title='bbox 854 1259 911 1300; x_wconf 88' lang='lat' dir='ltr'><strong>nos</strong></span> <span class='ocrx_word' id='word_1_80' title='bbox 926 1247 1079 1301; x_wconf 71' lang='lat' dir='ltr'><strong>creatura</strong></span> <span class='ocrx_word' id='word_1_81' title='bbox 1100 1231 1262 1299; x_wconf 79' lang='lat' dir='ltr'><strong>rationales</strong></span> 
     </span>
     <span class='ocr_line' id='line_1_11' title="bbox 237 1342 1263 1432; baseline -0.001 -25"><span class='ocrx_word' id='word_1_82' title='bbox 237 1366 344 1407; x_wconf 85' lang='lat' dir='ltr'><strong>sumus</strong></span> <span class='ocrx_word' id='word_1_83' title='bbox 359 1365 366 1405; x_wconf 83' lang='grc' dir='ltr'>ι</span> <span class='ocrx_word' id='word_1_84' title='bbox 382 1355 414 1407; x_wconf 89' lang='lat' dir='ltr'><strong>et</strong></span> <span class='ocrx_word' id='word_1_85' title='bbox 429 1366 487 1432; x_wconf 89' lang='lat' dir='ltr'><strong>per</strong></span> <span class='ocrx_word' id='word_1_86' title='bbox 497 1366 571 1407; x_wconf 91' lang='lat' dir='ltr'><strong>eum</strong></span> <span class='ocrx_word' id='word_1_87' title='bbox 582 1343 676 1430; x_wconf 92' lang='lat' dir='ltr'><strong>primi</strong></span> <span class='ocrx_word' id='word_1_88' title='bbox 688 1365 757 1408; x_wconf 86' lang='lat' dir='ltr'><strong>esse</strong></span> <span class='ocrx_word' id='word_1_89' title='bbox 777 1343 926 1418; x_wconf 81' lang='lat' dir='ltr'><strong>dicimur,</strong></span> <span class='ocrx_word' id='word_1_90' title='bbox 939 1342 1089 1430; x_wconf 88' lang='lat' dir='ltr'><strong>quoniam</strong></span> <span class='ocrx_word' id='word_1_91' title='bbox 1104 1369 1116 1402; x_wconf 87' lang='grc' dir='ltr'>ι</span> <span class='ocrx_word' id='word_1_92' title='bbox 1130 1343 1164 1406; x_wconf 89' lang='lat' dir='ltr'><strong>in</strong></span> <span class='ocrx_word' id='word_1_93' title='bbox 1179 1343 1263 1430; x_wconf 90' lang='lat' dir='ltr'><strong>prin-</strong></span> 
     </span>
     <span class='ocr_line' id='line_1_12' title="bbox 237 1451 1263 1543; baseline 0.001 -28"><span class='ocrx_word' id='word_1_94' title='bbox 237 1481 250 1515; x_wconf 77' lang='grc' dir='ltr'><strong>ιι</strong></span> <span class='ocrx_word' id='word_1_95' title='bbox 266 1454 348 1543; x_wconf 92' lang='lat' dir='ltr'><strong>cipio</strong></span> <span class='ocrx_word' id='word_1_96' title='bbox 368 1465 436 1519; x_wconf 87' lang='lat' dir='ltr'><strong>erat</strong></span> <span class='ocrx_word' id='word_1_97' title='bbox 453 1452 606 1520; x_wconf 82' lang='lat' dir='ltr'><strong>Verbum.</strong></span> <span class='ocrx_word' id='word_1_98' title='bbox 623 1482 636 1515; x_wconf 80' lang='grc' dir='ltr'>ι</span> <span class='ocrx_word' id='word_1_99' title='bbox 652 1453 747 1533; x_wconf 84' lang='lat' dir='ltr'><strong>Quod</strong></span> <span class='ocrx_word' id='word_1_100' title='bbox 758 1453 901 1541; x_wconf 89' lang='lat' dir='ltr'><strong>quidem,</strong></span> <span class='ocrx_word' id='word_1_101' title='bbox 924 1464 1081 1541; x_wconf 86' lang='lat' dir='ltr'><strong>quatenus</strong></span> <span class='ocrx_word' id='word_1_102' title='bbox 1099 1451 1174 1517; x_wconf 87' lang='lat' dir='ltr'><strong>olim</strong></span> <span class='ocrx_word' id='word_1_103' title='bbox 1194 1464 1263 1517; x_wconf 89' lang='lat' dir='ltr'><strong>ante</strong></span> 
     </span>
     <span class='ocr_line' id='line_1_13' title="bbox 237 1563 1264 1654; baseline -0.003 -25"><span class='ocrx_word' id='word_1_104' title='bbox 237 1565 320 1654; x_wconf 84' lang='lat' dir='ltr'><strong>jacta</strong></span> <span class='ocrx_word' id='word_1_105' title='bbox 334 1565 444 1629; x_wconf 89' lang='lat' dir='ltr'><strong>mundi</strong></span> <span class='ocrx_word' id='word_1_106' title='bbox 457 1563 660 1629; x_wconf 80' lang='lat' dir='ltr'><strong>fundamenta</strong></span> <span class='ocrx_word' id='word_1_107' title='bbox 672 1564 838 1637; x_wconf 77' lang='lat' dir='ltr'><strong>existebat,</strong></span> <span class='ocrx_word' id='word_1_108' title='bbox 852 1563 992 1629; x_wconf 90' lang='lat' dir='ltr'><strong>divinum</strong></span> <span class='ocrx_word' id='word_1_109' title='bbox 1005 1586 1113 1628; x_wconf 88' lang='lat' dir='ltr'><strong>rerum</strong></span> <span class='ocrx_word' id='word_1_110' title='bbox 1124 1564 1264 1628; x_wconf 92' lang='lat' dir='ltr'><strong>omnium</strong></span> 
     </span>
     <span class='ocr_line' id='line_1_14' title="bbox 237 1672 1276 1762; baseline -0.002 -26"><span class='ocrx_word' id='word_1_111' title='bbox 237 1672 429 1762; x_wconf 90' lang='lat' dir='ltr'><strong>principium</strong></span> <span class='ocrx_word' id='word_1_112' title='bbox 448 1672 520 1747; x_wconf 88' lang='lat' dir='ltr'><strong>fuit,</strong></span> <span class='ocrx_word' id='word_1_113' title='bbox 539 1672 699 1760; x_wconf 85' lang='lat' dir='ltr'><strong>etiamque</strong></span> <span class='ocrx_word' id='word_1_114' title='bbox 714 1686 857 1738; x_wconf 87' lang='lat' dir='ltr'><strong>nuncest</strong></span> <span class='ocrx_word' id='word_1_115' title='bbox 877 1696 884 1737; x_wconf 95' lang='lat'><strong>:</strong></span> <span class='ocrx_word' id='word_1_116' title='bbox 903 1685 1059 1760; x_wconf 86' lang='lat' dir='ltr'><strong>quatenus</strong></span> <span class='ocrx_word' id='word_1_117' title='bbox 1076 1695 1145 1738; x_wconf 85' lang='lat' dir='ltr'><strong>vero</strong></span> <span class='ocrx_word' id='word_1_118' title='bbox 1157 1672 1276 1736; x_wconf 72' lang='lat' dir='ltr'><strong>novis--</strong></span> 
     </span>
     <span class='ocr_line' id='line_1_15' title="bbox 239 1779 1265 1870; baseline -0.003 -21"><span class='ocrx_word' id='word_1_119' title='bbox 239 1782 325 1849; x_wconf 88' lang='lat' dir='ltr'><strong>simis</strong></span> <span class='ocrx_word' id='word_1_120' title='bbox 341 1783 536 1870; x_wconf 87' lang='lat' dir='ltr'><strong>temporibus</strong></span> <span class='ocrx_word' id='word_1_121' title='bbox 549 1782 730 1847; x_wconf 84' lang='lat' dir='ltr'><strong>venerando</strong></span> <span class='ocrx_word' id='word_1_122' title='bbox 743 1781 797 1848; x_wconf 87' lang='lat' dir='ltr'><strong>itto</strong></span> <span class='ocrx_word' id='word_1_123' title='bbox 814 1794 847 1846; x_wconf 89' lang='lat' dir='ltr'><strong>ot</strong></span> <span class='ocrx_word' id='word_1_124' title='bbox 866 1779 942 1847; x_wconf 89' lang='lat' dir='ltr'><strong>olim</strong></span> <span class='ocrx_word' id='word_1_125' title='bbox 956 1794 1066 1847; x_wconf 90' lang='lat' dir='ltr'><strong>sancto</strong></span> <span class='ocrx_word' id='word_1_126' title='bbox 1078 1781 1188 1846; x_wconf 84' lang='lat' dir='ltr'><strong>Christi</strong></span> <span class='ocrx_word' id='word_1_127' title='bbox 1203 1805 1265 1846; x_wconf 92' lang='lat' dir='ltr'><strong>no-</strong></span> 
     </span>
     <span class='ocr_line' id='line_1_16' title="bbox 239 1887 1264 1981; baseline -0.001 -24"><span class='ocrx_word' id='word_1_128' title='bbox 239 1894 325 1958; x_wconf 90' lang='lat' dir='ltr'><strong>mine</strong></span> <span class='ocrx_word' id='word_1_129' title='bbox 340 1890 489 1981; x_wconf 87' lang='lat' dir='ltr'><strong>appellari</strong></span> <span class='ocrx_word' id='word_1_130' title='bbox 506 1887 617 1966; x_wconf 87' lang='lat' dir='ltr'><strong>voluit,</strong></span> <span class='ocrx_word' id='word_1_131' title='bbox 629 1915 749 1956; x_wconf 89' lang='lat' dir='ltr'><strong>novum</strong></span> <span class='ocrx_word' id='word_1_132' title='bbox 765 1915 782 1956; x_wconf 90' lang='lat' dir='ltr'><strong>a</strong></span> <span class='ocrx_word' id='word_1_133' title='bbox 800 1915 852 1958; x_wconf 91' lang='lat' dir='ltr'><strong>me</strong></span> <span class='ocrx_word' id='word_1_134' title='bbox 869 1892 1030 1959; x_wconf 86' lang='lat' dir='ltr'><strong>canticum</strong></span> <span class='ocrx_word' id='word_1_135' title='bbox 1042 1903 1182 1958; x_wconf 78' lang='lat' dir='ltr'><strong>vocatur.</strong></span> <span class='ocrx_word' id='word_1_136' title='bbox 1199 1891 1264 1956; x_wconf 86' lang='lat' dir='ltr'><strong>Hoc</strong></span> 
     </span>
     <span class='ocr_line' id='line_1_17' title="bbox 241 1999 1264 2091; baseline -0.004 -23"><span class='ocrx_word' id='word_1_137' title='bbox 241 2003 339 2091; x_wconf 84' lang='lat' dir='ltr'><strong>igitur</strong></span> <span class='ocrx_word' id='word_1_138' title='bbox 354 2000 498 2068; x_wconf 83' lang='lat' dir='ltr'><strong>Verbum</strong></span> <span class='ocrx_word' id='word_1_139' title='bbox 515 1999 672 2077; x_wconf 86' lang='lat' dir='ltr'><strong>Christus,</strong></span> <span class='ocrx_word' id='word_1_140' title='bbox 686 2025 751 2066; x_wconf 89' lang='lat' dir='ltr'><strong>non</strong></span> <span class='ocrx_word' id='word_1_141' title='bbox 768 1999 870 2066; x_wconf 89' lang='lat' dir='ltr'><strong>solum</strong></span> <span class='ocrx_word' id='word_1_142' title='bbox 882 2013 918 2066; x_wconf 92' lang='lat' dir='ltr'><strong>ut</strong></span> <span class='ocrx_word' id='word_1_143' title='bbox 933 1999 1007 2066; x_wconf 93' lang='lat' dir='ltr'><strong>olim</strong></span> <span class='ocrx_word' id='word_1_144' title='bbox 1018 2025 1159 2069; x_wconf 88' lang='lat' dir='ltr'><strong>essemus</strong></span> <span class='ocrx_word' id='word_1_145' title='bbox 1176 2025 1264 2086; x_wconf 81' lang='lat' dir='ltr'><strong>causa</strong></span> 
     </span>
     <span class='ocr_line' id='line_1_18' title="bbox 239 2109 1263 2202; baseline -0.002 -24"><span class='ocrx_word' id='word_1_146' title='bbox 239 2112 300 2178; x_wconf 87' lang='lat' dir='ltr'><strong>fuit</strong></span> <span class='ocrx_word' id='word_1_147' title='bbox 319 2112 412 2200; x_wconf 87' lang='lat' dir='ltr'><strong>(n&#39;am</strong></span> <span class='ocrx_word' id='word_1_148' title='bbox 428 2109 479 2175; x_wconf 88' lang='lat' dir='ltr'><strong>ille</strong></span> <span class='ocrx_word' id='word_1_149' title='bbox 494 2122 564 2177; x_wconf 90' lang='lat' dir='ltr'><strong>tum</strong></span> <span class='ocrx_word' id='word_1_150' title='bbox 578 2123 646 2176; x_wconf 88' lang='lat' dir='ltr'><strong>erat</strong></span> <span class='ocrx_word' id='word_1_151' title='bbox 661 2113 694 2177; x_wconf 95' lang='lat' dir='ltr'><strong>in</strong></span> <span class='ocrx_word' id='word_1_152' title='bbox 710 2113 809 2202; x_wconf 87' lang='lat' dir='ltr'><strong>Deo),</strong></span> <span class='ocrx_word' id='word_1_153' title='bbox 823 2112 879 2178; x_wconf 84' lang='lat' dir='ltr'><strong>sed</strong></span> <span class='ocrx_word' id='word_1_154' title='bbox 893 2113 980 2178; x_wconf 91' lang='lat' dir='ltr'><strong>idem</strong></span> <span class='ocrx_word' id='word_1_155' title='bbox 996 2113 1092 2179; x_wconf 90' lang='lat' dir='ltr'><strong>etiam</strong></span> <span class='ocrx_word' id='word_1_156' title='bbox 1107 2115 1189 2178; x_wconf 87' lang='lat' dir='ltr'><strong>bene</strong></span> <span class='ocrx_word' id='word_1_157' title='bbox 1204 2134 1263 2176; x_wconf 83' lang='lat' dir='ltr'><strong>esse</strong></span> 
     </span>
     <span class='ocr_line' id='line_1_19' title="bbox 241 2219 1263 2313; baseline -0.005 -23"><span class='ocrx_word' id='word_1_158' title='bbox 241 2225 332 2290; x_wconf 90' lang='lat' dir='ltr'><strong>nobis</strong></span> <span class='ocrx_word' id='word_1_159' title='bbox 351 2223 451 2299; x_wconf 84' lang='lat' dir='ltr'><strong>dedit,</strong></span> <span class='ocrx_word' id='word_1_160' title='bbox 472 2233 504 2287; x_wconf 89' lang='lat' dir='ltr'><strong>et</strong></span> <span class='ocrx_word' id='word_1_161' title='bbox 525 2223 591 2310; x_wconf 86' lang='lat' dir='ltr'><strong>jam</strong></span> <span class='ocrx_word' id='word_1_162' title='bbox 610 2246 713 2311; x_wconf 85' lang='lat' dir='ltr'><strong>nuper</strong></span> <span class='ocrx_word' id='word_1_163' title='bbox 731 2224 914 2289; x_wconf 90' lang='lat' dir='ltr'><strong>hominibus</strong></span> <span class='ocrx_word' id='word_1_164' title='bbox 936 2225 1095 2313; x_wconf 89' lang='lat' dir='ltr'><strong>apparuit,</strong></span> <span class='ocrx_word' id='word_1_165' title='bbox 1117 2223 1172 2312; x_wconf 91' lang='lat' dir='ltr'><strong>qui</strong></span> <span class='ocrx_word' id='word_1_166' title='bbox 1189 2219 1263 2286; x_wconf 82' lang='lat' dir='ltr'><strong>solus</strong></span> 
     </span>
     <span class='ocr_line' id='line_1_20' title="bbox 242 2329 1263 2421; baseline -0.004 -23"><span class='ocrx_word' id='word_1_167' title='bbox 242 2346 390 2421; x_wconf 86' lang='lat' dir='ltr'><strong>uterque,</strong></span> <span class='ocrx_word' id='word_1_168' title='bbox 410 2332 496 2410; x_wconf 80' lang='lat' dir='ltr'><strong>Deus</strong></span> <span class='ocrx_word' id='word_1_169' title='bbox 516 2343 548 2397; x_wconf 90' lang='lat' dir='ltr'><strong>et</strong></span> <span class='ocrx_word' id='word_1_170' title='bbox 565 2329 676 2408; x_wconf 88' lang='lat' dir='ltr'><strong>homo,</strong></span> <span class='ocrx_word' id='word_1_171' title='bbox 698 2344 757 2408; x_wconf 88' lang='lat' dir='ltr'><strong>est,</strong></span> <span class='ocrx_word' id='word_1_172' title='bbox 775 2345 810 2396; x_wconf 93' lang='lat' dir='ltr'><strong>ut</strong></span> <span class='ocrx_word' id='word_1_173' title='bbox 834 2333 1050 2398; x_wconf 90' lang='lat' dir='ltr'><strong>omnimodam</strong></span> <span class='ocrx_word' id='word_1_174' title='bbox 1066 2332 1158 2398; x_wconf 92' lang='lat' dir='ltr'><strong>nobis</strong></span> <span class='ocrx_word' id='word_1_175' title='bbox 1175 2329 1263 2396; x_wconf 81' lang='lat' dir='ltr'><strong>fetici-</strong></span> 
     </span>
     <span class='ocr_line' id='line_1_21' title="bbox 241 2405 1263 2519; baseline -0.004 -9"><span class='ocrx_word' id='word_1_176' title='bbox 241 2456 341 2510; x_wconf 89' lang='lat' dir='ltr'><strong>tatem</strong></span> <span class='ocrx_word' id='word_1_177' title='bbox 362 2441 463 2510; x_wconf 86' lang='lat' dir='ltr'><strong>daret.</strong></span> <span class='ocrx_word' id='word_1_178' title='bbox 477 2443 605 2518; x_wconf 85' lang='lat' dir='ltr'><strong>Etenim</strong></span> <span class='ocrx_word' id='word_1_179' title='bbox 618 2443 657 2508; x_wconf 90' lang='lat' dir='ltr'><strong>ab</strong></span> <span class='ocrx_word' id='word_1_180' title='bbox 675 2466 714 2507; x_wconf 85' lang='lat' dir='ltr'><strong>co</strong></span> <span class='ocrx_word' id='word_1_181' title='bbox 723 2434 811 2508; x_wconf 74' lang='lat' dir='ltr'><strong>recte</strong></span> <span class='ocrx_word' id='word_1_182' title='bbox 822 2442 926 2509; x_wconf 84' lang='lat' dir='ltr'><strong>vivere</strong></span> <span class='ocrx_word' id='word_1_183' title='bbox 941 2442 1059 2519; x_wconf 87' lang='lat' dir='ltr'><strong>edocti,</strong></span> <span class='ocrx_word' id='word_1_184' title='bbox 1073 2405 1263 2507; x_wconf 72' lang='lat' dir='ltr'><strong>adaetcrnam</strong></span> 
     </span>
     <span class='ocr_line' id='line_1_22' title="bbox 242 2547 1264 2628; baseline -0.009 -8"><span class='ocrx_word' id='word_1_185' title='bbox 242 2555 339 2620; x_wconf 83' lang='lat' dir='ltr'><strong>vitum</strong></span> <span class='ocrx_word' id='word_1_186' title='bbox 364 2551 611 2616; x_wconf 90' lang='lat' dir='ltr'><strong>transmittimur</strong></span> <span class='ocrx_word' id='word_1_187' title='bbox 640 2575 648 2616; x_wconf 90' lang='lat'>:</span> <span class='ocrx_word' id='word_1_188' title='bbox 677 2575 768 2628; x_wconf 82' lang='lat' dir='ltr'><strong>nam,</strong></span> <span class='ocrx_word' id='word_1_189' title='bbox 797 2563 830 2616; x_wconf 92' lang='lat' dir='ltr'><strong>ut</strong></span> <span class='ocrx_word' id='word_1_190' title='bbox 856 2552 899 2617; x_wconf 89' lang='lat' dir='ltr'><strong>ait</strong></span> <span class='ocrx_word' id='word_1_191' title='bbox 924 2550 976 2616; x_wconf 76' lang='lat' dir='ltr'><strong>itte</strong></span> <span class='ocrx_word' id='word_1_192' title='bbox 999 2551 1124 2617; x_wconf 87' lang='lat' dir='ltr'><strong>divinus</strong></span> <span class='ocrx_word' id='word_1_193' title='bbox 1146 2547 1264 2615; x_wconf 90' lang='lat' dir='ltr'><strong>Domini</strong></span> 
     </span>
     <span class='ocr_line' id='line_1_23' title="bbox 242 2657 1264 2751; baseline -0.006 -21"><span class='ocrx_word' id='word_1_194' title='bbox 242 2658 411 2751; x_wconf 82' lang='lat' dir='ltr'><strong>Apostolus</strong></span> <span class='ocrx_word' id='word_1_195' title='bbox 430 2683 437 2724; x_wconf 80' lang='grc' dir='ltr'>ι</span> <span class='ocrx_word' id='word_1_196' title='bbox 456 2659 640 2749; x_wconf 74' lang='lat' dir='ltr'><strong>«Apparuit</strong></span> <span class='ocrx_word' id='word_1_197' title='bbox 658 2663 756 2750; x_wconf 82' lang='lat' dir='ltr'><strong>gratia</strong></span> <span class='ocrx_word' id='word_1_198' title='bbox 770 2661 828 2726; x_wconf 90' lang='lat' dir='ltr'><strong>Dei</strong></span> <span class='ocrx_word' id='word_1_199' title='bbox 848 2658 991 2727; x_wconf 88' lang='lat' dir='ltr'><strong>salutaris</strong></span> <span class='ocrx_word' id='word_1_200' title='bbox 1006 2661 1155 2725; x_wconf 91' lang='lat' dir='ltr'><strong>omnibus</strong></span> <span class='ocrx_word' id='word_1_201' title='bbox 1171 2657 1264 2724; x_wconf 88' lang='lat' dir='ltr'><strong>homi·</strong></span> 
     </span>
     <span class='ocr_line' id='line_1_24' title="bbox 243 2770 1291 2862; baseline -0.007 -25"><span class='ocrx_word' id='word_1_202' title='bbox 243 2776 256 2837; x_wconf 75' lang='grc' dir='ltr'>ι</span> <span class='ocrx_word' id='word_1_203' title='bbox 272 2773 379 2846; x_wconf 88' lang='lat' dir='ltr'><strong>nibus,</strong></span> <span class='ocrx_word' id='word_1_204' title='bbox 394 2770 542 2836; x_wconf 84' lang='lat' dir='ltr'><strong>erudiens</strong></span> <span class='ocrx_word' id='word_1_205' title='bbox 557 2794 629 2844; x_wconf 91' lang='lat' dir='ltr'><strong>nos,</strong></span> <span class='ocrx_word' id='word_1_206' title='bbox 649 2783 684 2836; x_wconf 94' lang='lat' dir='ltr'><strong>ut</strong></span> <span class='ocrx_word' id='word_1_207' title='bbox 703 2773 894 2861; x_wconf 83' lang='lat' dir='ltr'><strong>abnegantes</strong></span> <span class='ocrx_word' id='word_1_208' title='bbox 911 2771 1107 2860; x_wconf 86' lang='lat' dir='ltr'><strong>impietatem</strong></span> <span class='ocrx_word' id='word_1_209' title='bbox 1125 2782 1157 2834; x_wconf 85' lang='lat' dir='ltr'><strong>ot</strong></span> <span class='ocrx_word' id='word_1_210' title='bbox 1176 2791 1265 2835; x_wconf 79' lang='lat' dir='ltr'><strong>saecu·</strong></span> <span class='ocrx_word' id='word_1_211' title='bbox 1285 2845 1291 2862; x_wconf 41' lang='grc' dir='ltr'>ι</span> 
     </span>
     <span class='ocr_line' id='line_1_25' title="bbox 243 2881 1265 2972; baseline -0.003 -25"><span class='ocrx_word' id='word_1_212' title='bbox 243 2882 344 2950; x_wconf 79' lang='lat' dir='ltr'><strong>»laria</strong></span> <span class='ocrx_word' id='word_1_213' title='bbox 359 2881 526 2958; x_wconf 86' lang='lat' dir='ltr'><strong>desideria,</strong></span> <span class='ocrx_word' id='word_1_214' title='bbox 536 2883 653 2958; x_wconf 89' lang='lat' dir='ltr'><strong>sobrie,</strong></span> <span class='ocrx_word' id='word_1_215' title='bbox 671 2895 702 2950; x_wconf 89' lang='lat' dir='ltr'><strong>et</strong></span> <span class='ocrx_word' id='word_1_216' title='bbox 712 2883 808 2970; x_wconf 90' lang='lat' dir='ltr'><strong>juste,</strong></span> <span class='ocrx_word' id='word_1_217' title='bbox 825 2895 857 2948; x_wconf 88' lang='lat' dir='ltr'><strong>ct</strong></span> <span class='ocrx_word' id='word_1_218' title='bbox 872 2883 923 2972; x_wconf 91' lang='lat' dir='ltr'><strong>pie</strong></span> <span class='ocrx_word' id='word_1_219' title='bbox 940 2883 1079 2948; x_wconf 83' lang='lat' dir='ltr'><strong>vivamus</strong></span> <span class='ocrx_word' id='word_1_220' title='bbox 1094 2881 1128 2946; x_wconf 91' lang='lat' dir='ltr'><strong>in</strong></span> <span class='ocrx_word' id='word_1_221' title='bbox 1142 2881 1207 2946; x_wconf 90' lang='lat' dir='ltr'><strong>hoc</strong></span> <span class='ocrx_word' id='word_1_222' title='bbox 1222 2901 1265 2944; x_wconf 83' lang='lat' dir='ltr'><strong>sae·</strong></span> 
     </span>
     <span class='ocr_line' id='line_1_26' title="bbox 243 2987 1264 3082; baseline 0 -26"><span class='ocrx_word' id='word_1_223' title='bbox 243 3023 256 3056; x_wconf 76' lang='grc' dir='ltr'>ι</span> <span class='ocrx_word' id='word_1_224' title='bbox 269 2991 343 3060; x_wconf 90' lang='lat' dir='ltr'><strong>culo</strong></span> <span class='ocrx_word' id='word_1_225' title='bbox 354 3017 361 3058; x_wconf 91' lang='lat'><strong>:</strong></span> <span class='ocrx_word' id='word_1_226' title='bbox 372 3003 576 3081; x_wconf 83' lang='lat' dir='ltr'><strong>expectantes</strong></span> <span class='ocrx_word' id='word_1_227' title='bbox 589 2993 715 3058; x_wconf 85' lang='lat' dir='ltr'><strong>beatam</strong></span> <span class='ocrx_word' id='word_1_228' title='bbox 726 3016 815 3082; x_wconf 90' lang='lat' dir='ltr'><strong>spem</strong></span> <span class='ocrx_word' id='word_1_229' title='bbox 828 3005 860 3057; x_wconf 87' lang='lat' dir='ltr'><strong>et</strong></span> <span class='ocrx_word' id='word_1_230' title='bbox 871 2992 1041 3058; x_wconf 81' lang='lat' dir='ltr'><strong>adrentum</strong></span> <span class='ocrx_word' id='word_1_231' title='bbox 1053 2989 1161 3080; x_wconf 85' lang='lat' dir='ltr'><strong>gloriae</strong></span> <span class='ocrx_word' id='word_1_232' title='bbox 1171 2987 1264 3078; x_wconf 79' lang='lat' dir='ltr'><strong>magui</strong></span> 
     </span>
     <span class='ocr_line' id='line_1_27' title="bbox 244 3099 1266 3190; baseline -0.005 -23"><span class='ocrx_word' id='word_1_233' title='bbox 244 3133 257 3167; x_wconf 83' lang='grc' dir='ltr'>ι</span> <span class='ocrx_word' id='word_1_234' title='bbox 273 3103 332 3169; x_wconf 89' lang='lat' dir='ltr'><strong>Dei</strong></span> <span class='ocrx_word' id='word_1_235' title='bbox 344 3114 376 3167; x_wconf 90' lang='lat' dir='ltr'><strong>et</strong></span> <span class='ocrx_word' id='word_1_236' title='bbox 392 3099 561 3167; x_wconf 80' lang='lat' dir='ltr'><strong>Salvatorit</strong></span> <span class='ocrx_word' id='word_1_237' title='bbox 577 3101 689 3177; x_wconf 90' lang='lat' dir='ltr'><strong>nostri,</strong></span> <span class='ocrx_word' id='word_1_238' title='bbox 702 3102 779 3167; x_wconf 86' lang='lat' dir='ltr'><strong>Jesu</strong></span> <span class='ocrx_word' id='word_1_239' title='bbox 792 3101 938 3168; x_wconf 84' lang='lat' dir='ltr'><strong>Christi&#39;.</strong></span> <span class='ocrx_word' id='word_1_240' title='bbox 954 3101 1101 3168; x_wconf 81' lang='lat' dir='ltr'><strong>»Novum</strong></span> <span class='ocrx_word' id='word_1_241' title='bbox 1112 3124 1191 3190; x_wconf 87' lang='lat' dir='ltr'><strong>ergo</strong></span> <span class='ocrx_word' id='word_1_242' title='bbox 1205 3121 1266 3166; x_wconf 89' lang='lat' dir='ltr'><strong>can·</strong></span> 
     </span>
     <span class='ocr_line' id='line_1_28' title="bbox 245 3209 1267 3301; baseline -0.004 -25"><span class='ocrx_word' id='word_1_243' title='bbox 245 3214 345 3278; x_wconf 90' lang='lat' dir='ltr'><strong>ticum</strong></span> <span class='ocrx_word' id='word_1_244' title='bbox 361 3210 524 3285; x_wconf 82' lang='lat' dir='ltr'><strong>estVerbi,</strong></span> <span class='ocrx_word' id='word_1_245' title='bbox 540 3211 625 3299; x_wconf 90' lang='lat' dir='ltr'><strong>quod</strong></span> <span class='ocrx_word' id='word_1_246' title='bbox 640 3213 678 3274; x_wconf 79' lang='lat' dir='ltr'><strong>in</strong></span> <span class='ocrx_word' id='word_1_247' title='bbox 686 3213 855 3301; x_wconf 81' lang='lat' dir='ltr'><strong>principio</strong></span> <span class='ocrx_word' id='word_1_248' title='bbox 867 3224 899 3276; x_wconf 88' lang='lat' dir='ltr'><strong>et</strong></span> <span class='ocrx_word' id='word_1_249' title='bbox 915 3223 987 3277; x_wconf 88' lang='lat' dir='ltr'><strong>ante</strong></span> <span class='ocrx_word' id='word_1_250' title='bbox 1001 3211 1193 3301; x_wconf 87' lang='lat' dir='ltr'><strong>principium</strong></span> <span class='ocrx_word' id='word_1_251' title='bbox 1206 3209 1267 3282; x_wconf 84' lang='lat' dir='ltr'><strong>iuit,</strong></span> 
     </span>
     <span class='ocr_line' id='line_1_29' title="bbox 246 3316 1269 3411; baseline -0.006 -24"><span class='ocrx_word' id='word_1_252' title='bbox 246 3334 386 3396; x_wconf 84' lang='lat' dir='ltr'><strong>exortus,</strong></span> <span class='ocrx_word' id='word_1_253' title='bbox 404 3322 458 3411; x_wconf 86' lang='lat' dir='ltr'><strong>qui</strong></span> <span class='ocrx_word' id='word_1_254' title='bbox 474 3321 571 3388; x_wconf 93' lang='lat' dir='ltr'><strong>modo</strong></span> <span class='ocrx_word' id='word_1_255' title='bbox 586 3321 677 3386; x_wconf 90' lang='lat' dir='ltr'><strong>nobis</strong></span> <span class='ocrx_word' id='word_1_256' title='bbox 691 3319 807 3386; x_wconf 83' lang='lat' dir='ltr'><strong>effulsit</strong></span> <span class='ocrx_word' id='word_1_257' title='bbox 821 3345 830 3386; x_wconf 77' lang='grc' dir='ltr'><strong><em>ε</em></strong></span> <span class='ocrx_word' id='word_1_258' title='bbox 843 3322 940 3388; x_wconf 91' lang='lat' dir='ltr'><strong>modo</strong></span> <span class='ocrx_word' id='word_1_259' title='bbox 955 3321 1040 3387; x_wconf 87' lang='lat' dir='ltr'><strong>enim</strong></span> <span class='ocrx_word' id='word_1_260' title='bbox 1058 3316 1269 3410; x_wconf 86' lang='lat' dir='ltr'><strong>apparuit‚qui</strong></span> 
     </span>
     <span class='ocr_line' id='line_1_30' title="bbox 246 3427 1269 3518; baseline -0.005 -24"><span class='ocrx_word' id='word_1_261' title='bbox 246 3427 321 3494; x_wconf 89' lang='lat' dir='ltr'><strong>olim</strong></span> <span class='ocrx_word' id='word_1_262' title='bbox 347 3441 416 3495; x_wconf 90' lang='lat' dir='ltr'><strong>erat</strong></span> <span class='ocrx_word' id='word_1_263' title='bbox 442 3429 610 3500; x_wconf 65' lang='lat' dir='ltr'><strong>Servatam</strong></span> <span class='ocrx_word' id='word_1_264' title='bbox 638 3428 796 3518; x_wconf 87' lang='lat' dir='ltr'><strong>apparuit,</strong></span> <span class='ocrx_word' id='word_1_265' title='bbox 818 3429 946 3517; x_wconf 86' lang='lat' dir='ltr'><strong>quiens</strong></span> <span class='ocrx_word' id='word_1_266' title='bbox 967 3441 1014 3494; x_wconf 89' lang='lat' dir='ltr'><strong>est</strong></span> <span class='ocrx_word' id='word_1_267' title='bbox 1038 3429 1072 3493; x_wconf 93' lang='lat' dir='ltr'><strong>in</strong></span> <span class='ocrx_word' id='word_1_268' title='bbox 1095 3440 1186 3500; x_wconf 78' lang='lat' dir='ltr'><strong>cnte3</strong></span> <span class='ocrx_word' id='word_1_269' title='bbox 1203 3427 1269 3494; x_wconf 82' lang='lat' dir='ltr'><strong>Ver</strong></span> 
     </span>
     <span class='ocr_line' id='line_1_31' title="bbox 247 3535 1269 3628; baseline -0.006 -24"><span class='ocrx_word' id='word_1_270' title='bbox 247 3540 324 3604; x_wconf 88' lang='lat' dir='ltr'><strong>bum</strong></span> <span class='ocrx_word' id='word_1_271' title='bbox 346 3561 475 3626; x_wconf 86' lang='lat' dir='ltr'><strong>nempe,</strong></span> <span class='ocrx_word' id='word_1_272' title='bbox 497 3538 584 3628; x_wconf 91' lang='lat' dir='ltr'><strong>quod</strong></span> <span class='ocrx_word' id='word_1_273' title='bbox 607 3536 691 3627; x_wconf 91' lang='lat' dir='ltr'><strong>apud</strong></span> <span class='ocrx_word' id='word_1_274' title='bbox 705 3537 808 3604; x_wconf 86' lang='lat' dir='ltr'><strong>Deum</strong></span> <span class='ocrx_word' id='word_1_275' title='bbox 830 3549 912 3614; x_wconf 85' lang='lat' dir='ltr'><strong>erat,</strong></span> <span class='ocrx_word' id='word_1_276' title='bbox 930 3551 961 3603; x_wconf 88' lang='lat' dir='ltr'><strong>et</strong></span> <span class='ocrx_word' id='word_1_277' title='bbox 979 3563 995 3603; x_wconf 94' lang='lat' dir='ltr'><strong>a</strong></span> <span class='ocrx_word' id='word_1_278' title='bbox 1013 3561 1078 3626; x_wconf 88' lang='lat' dir='ltr'><strong>quo</strong></span> <span class='ocrx_word' id='word_1_279' title='bbox 1103 3535 1269 3602; x_wconf 81' lang='lat' dir='ltr'><strong>factasunt</strong></span> 
     </span>
     <span class='ocr_line' id='line_1_32' title="bbox 247 3642 1270 3737; baseline -0.004 -24"><span class='ocrx_word' id='word_1_280' title='bbox 247 3646 366 3723; x_wconf 87' lang='lat' dir='ltr'><strong>omnia,</strong></span> <span class='ocrx_word' id='word_1_281' title='bbox 380 3649 589 3735; x_wconf 76' lang='lat' dir='ltr'><strong>praeceptoria</strong></span> <span class='ocrx_word' id='word_1_282' title='bbox 604 3647 716 3714; x_wconf 89' lang='lat' dir='ltr'><strong>babitu</strong></span> <span class='ocrx_word' id='word_1_283' title='bbox 733 3647 878 3737; x_wconf 87' lang='lat' dir='ltr'><strong>apparuit</strong></span> <span class='ocrx_word' id='word_1_284' title='bbox 898 3671 906 3712; x_wconf 91' lang='lat'>:</span> <span class='ocrx_word' id='word_1_285' title='bbox 931 3660 964 3714; x_wconf 88' lang='lat' dir='ltr'><strong>ct</strong></span> <span class='ocrx_word' id='word_1_286' title='bbox 979 3647 1033 3735; x_wconf 92' lang='lat' dir='ltr'><strong>qui</strong></span> <span class='ocrx_word' id='word_1_287' title='bbox 1048 3659 1200 3735; x_wconf 90' lang='lat' dir='ltr'><strong>tanquam</strong></span> <span class='ocrx_word' id='word_1_288' title='bbox 1216 3642 1270 3732; x_wconf 87' lang='lat' dir='ltr'><strong>opi·</strong></span> 
     </span>
    </p>
   </div>
   <div class='ocr_carea' id='block_1_3' title="bbox 280 3832 641 4040">
    <p class='ocr_par' dir='ltr' id='par_1_3' title="bbox 280 3832 641 4040">
     <span class='ocr_line' id='line_1_33' title="bbox 281 3832 438 3890; baseline 0 -10"><span class='ocrx_word' id='word_1_289' title='bbox 281 3832 374 3880; x_wconf 77' lang='lat' dir='ltr'><strong>¹dean.</strong></span> <span class='ocrx_word' id='word_1_290' title='bbox 385 3848 404 3890; x_wconf 86' lang='lat' dir='ltr'><strong>r,</strong></span> <span class='ocrx_word' id='word_1_291' title='bbox 417 3847 438 3880; x_wconf 87' lang='lat'><strong>1.</strong></span> 
     </span>
     <span class='ocr_line' id='line_1_34' title="bbox 280 3905 641 3971; baseline 0 -17"><span class='ocrx_word' id='word_1_292' title='bbox 280 3907 368 3954; x_wconf 81' lang='lat' dir='ltr'><strong>²Vide</strong></span> <span class='ocrx_word' id='word_1_293' title='bbox 382 3907 412 3952; x_wconf 85' lang='lat' dir='ltr'><strong>l).</strong></span> <span class='ocrx_word' id='word_1_294' title='bbox 424 3905 535 3968; x_wconf 83' lang='lat' dir='ltr'><strong>Guilton,</strong></span> <span class='ocrx_word' id='word_1_295' title='bbox 547 3923 573 3970; x_wconf 95' lang='lat' dir='ltr'><strong>p.</strong></span> <span class='ocrx_word' id='word_1_296' title='bbox 585 3908 641 3971; x_wconf 81' lang='lat'><em>575.</em></span> 
     </span>
     <span class='ocr_line' id='line_1_35' title="bbox 281 3983 444 4040; baseline -0.031 -8"><span class='ocrx_word' id='word_1_297' title='bbox 281 3983 290 4017; x_wconf 82' lang='lat'>³</span> <span class='ocrx_word' id='word_1_298' title='bbox 302 3983 352 4032; x_wconf 87' lang='lat' dir='ltr'><strong>Tit.</strong></span> <span class='ocrx_word' id='word_1_299' title='bbox 366 3999 394 4040; x_wconf 90' lang='grc' dir='ltr'><strong>ιι,</strong></span> <span class='ocrx_word' id='word_1_300' title='bbox 406 3997 444 4029; x_wconf 87' lang='grc' dir='ltr'><strong>ιι.</strong></span> 
     </span>
    </p>
   </div>
   <div class='ocr_carea' id='block_1_4' title="bbox 0 0 1330 4628">
    <p class='ocr_par' dir='ltr' id='par_1_4' title="bbox 0 0 1330 4628">
     <span class='ocr_line' id='line_1_36' title="bbox 0 0 1330 4628; baseline 0 0"><span class='ocrx_word' id='word_1_301' title='bbox 0 0 1330 4628; x_wconf 95' lang='lat' dir='ltr'><strong> </strong></span> 
     </span>
    </p>
   </div>
  </div>
 </body>
</html>
