2448 4610
269 265 336 316 onas
358 263 446 308 navas
469 264 640 308 ssnvnrun.
908 249 973 327 465

18 386 121 473 eosqui
132 397 256 450 strenue
267 406 306 452 no
317 383 462 460 firmiter,
475 386 540 450 imo
552 386 605 472 qni
621 382 775 451 violenter
786 386 832 450 rei
849 387 975 454 incum-

18 507 50 570 nt,
61 496 122 582 ejus
137 492 260 582 copiam
275 492 350 560 lacit
364 493 527 581 ceditqne;
545 494 661 582 gaudet
677 495 762 560 enim
779 495 864 560 Deus
880 496 912 561 in
926 497 975 562 his
1040 531 1047 550 ·

18 604 93 670 rinei.
113 604 219 690 ltaque
238 624 315 668 oum
332 601 401 669 haee
420 603 559 668 audisset
577 605 689 669 beatus
708 603 831 681 Petrus,
853 604 975 671 electus

18 726 58 778 iet
71 713 208 788 eximius,
226 713 349 800 primus
368 710 420 777 ille
440 711 682 801 discipulorum,
701 736 758 801 pro
777 737 841 801 quo
860 738 925 781 uno
942 726 976 781 et

18 845 55 912 pso
65 821 208 886 Dominus
221 821 376 887 tributum
388 820 533 911 pendit¹;
549 845 728 887 sermonem
740 823 910 915 oonsestim
921 848 974 890 ra-

18 932 148 1018 trimque
159 930 228 1019 ejus
241 929 494 1020 comprehendit.
507 930 594 1010 Quid
608 932 706 997 vero?
720 932 764 998 ait
777 957 785 1000 ε
796 960 810 994 ι
820 934 904 1000 Eece
916 959 976 1000 nos

18 1035 150 1127 liquimus
165 1040 286 1116 omnia,
305 1052 338 1106 ot
353 1042 452 1108 secuti
469 1065 578 1107 sumus
593 1040 657 1107 te².
674 1043 798 1109 »Porro
815 1046 932 1122 omnin,
950 1047 976 1112 si

18 1147 86 1214 dieat
105 1173 169 1236 quae
187 1149 220 1214 in
241 1173 343 1215 censu
364 1149 516 1225 habebat,
538 1149 656 1217 relictis
675 1151 806 1218 forsitan
823 1177 893 1242 qum
909 1165 975 1221 tota

18 1255 118 1322 utentia
129 1269 207 1323 esset
218 1267 358 1344 quatuor
370 1256 485 1334 obolis,
498 1258 667 1348 magnifiee
679 1257 844 1349 glorietur,
857 1261 974 1350 impru-

18 1383 87 1452 tsqno
99 1367 224 1456 dignm
240 1370 359 1435 horum
375 1369 542 1458 praemiurn
553 1369 717 1458 vicemque
730 1393 863 1460 regnum
879 1370 974 1438 eoelo·

18 1499 34 1542 a
48 1479 221 1564 pronuntiet.
244 1479 305 1545 Sin
321 1491 428 1546 autem
444 1501 522 1566 quas
539 1477 694 1546 hactenus
715 1482 972 1556 memoravimus,

18 1584 100 1650 oribus
113 1587 325 1675 spiritualibus
340 1589 430 1676 quasi
444 1585 647 1654 facultatibus
663 1589 825 1676 animique
843 1590 973 1678 aegritu-

18 1693 77 1774 ilus
88 1707 173 1784 atquo
188 1698 272 1764 vitiis
291 1698 455 1787 projectis,
471 1698 611 1785 magistri
628 1699 756 1786 vestigia
772 1709 971 1786 sequuntur;

18 1823 73 1868 raro
85 1805 141 1892 jam
158 1801 217 1872 illis
235 1818 410 1873 connectat
432 1808 485 1896 qni
509 1806 793 1884 coelisflaseribendi
812 1819 896 1873 sunt.
921 1807 977 1873 Sic

18 1909 153 1980 'urrerem
170 1927 343 2004 praestatur
364 1929 399 1983 ut
417 1913 613 1984 salvatorem
632 1928 795 2004 sequatur,
817 1918 871 2004 qni
891 1915 974 1983 illins

26 2022 91 2086 omni
104 2024 272 2090 immunem
290 2048 373 2091 noxa
390 2025 486 2092 vitam
498 2023 583 2091 uolat
599 2046 637 2090 ae
652 2023 893 2112 perlectionem,
906 2025 975 2112 qni·

18 2149 29 2192 s
43 2128 68 2193 in
82 2128 155 2198 illam
174 2131 261 2198 relat
281 2132 449 2224 speculum
468 2132 650 2199 contuendo
666 2131 808 2196 animum
825 2147 978 2221 perornet

18 2251 179 2330 uponatque,
199 2265 237 2310 ao
257 2243 293 2308 in
314 2242 462 2308 omnibus
483 2263 574 2332 pares
595 2237 637 2304 illi
657 2263 762 2306 mores
779 2264 907 2329 prorsus
929 2244 974 2312 in·

19 2355 49 2408 tl.

19 2449 96 2522 llllll·
115 2461 339 2553 cliespondens
350 2476 458 2533 autem
469 2463 575 2540 lesus,
588 2463 631 2529 ait
647 2487 655 2528 ε
670 2464 772 2532 Amen
785 2462 857 2530 dico
871 2464 972 2541 robis,

19 2561 192 2655 uireliqaerit
211 2575 355 2663 propria,
371 2586 404 2639 et
424 2585 572 2661 parentes
586 2586 620 2638 ot
632 2573 744 2638 iratres
759 2582 792 2638 et
805 2574 971 2661 pecunias,

19 2685 98 2759 ruptor
111 2694 203 2746 meet
219 2695 354 2773 propter
372 2680 592 2771 Evangelium,
614 2681 746 2770 recipiet
765 2683 884 2748 centias
905 2696 971 2748 tnn-

19 2780 79 2846 nn'.
93 2786 148 2852 »lt
161 2813 266 2880 neque
283 2791 346 2858 hoo
360 2815 415 2857 vos
429 2793 550 2866 turbet,
567 2813 628 2856 neo
643 2792 730 2878 qnod
746 2791 851 2858 adhue
865 2793 971 2858 durio·

20 2911 48 2953 us
58 2898 142 2963 verbis
154 2898 213 2966 alio
228 2899 302 2967 loeo
313 2901 436 2965 editum
450 2909 500 2964 est
515 2923 523 2964 ι
537 2898 625 2979 «Qui
640 2922 706 2964 non
720 2900 788 2964 odit
804 2912 927 2989 patrem
937 2913 972 2966 et

20 3011 103 3069 utrem
118 3019 147 3072 et
157 3007 250 3086 lilios,
264 3009 370 3076 adhue
388 3020 497 3074 autem
514 3020 547 3073 et
563 3007 701 3074 animam
713 3030 817 3084 suam,
830 3032 894 3074 non
910 3032 970 3097 po-

20 3115 106 3178 usse
116 3137 199 3182 meus
216 3114 390 3206 discipulus
401 3115 423 3180 ⁴.
439 3115 533 3182 »Non
547 3117 633 3181 enim
647 3115 799 3204 praecepit
812 3116 923 3180 odium
937 3129 971 3182 et
1008 3177 1012 3188 ,

20 3219 137 3290 osiana
148 3228 316 3294 carissimis
333 3227 419 3292 Deus
435 3226 535 3314 pacis,
553 3225 607 3312 qui
625 3237 657 3290 et
676 3225 821 3290 inimicos
840 3224 971 3313 diligero

20 3321 72 3392 ltal-
87 3332 171 3412 Quod
186 3338 211 3403 si
231 3337 351 3404 inimici
375 3334 526 3423 diligendi
545 3346 631 3411 sunt,
653 3335 721 3423 pari
735 3334 833 3400 etiam
848 3336 970 3402 rationo

28 3433 61 3499 eis
73 3446 269 3523 ascendendo,
286 3446 340 3535 qui
358 3455 435 3511 sunt
448 3467 564 3533 genere
580 3443 849 3531 conjunctissimi:
871 3456 927 3508 aut
944 3447 969 3512 si

21 3537 163 3619 iubendi
178 3555 287 3622 affines
301 3554 487 3644 eteognati,
503 3551 619 3641 potiori
641 3551 763 3614 ratione
780 3549 969 3638 rejiciendos

21 3647 92 3721 uiuos
102 3660 312 3732 descendendo
329 3663 408 3728 ratio
422 3661 547 3728 edocet.
564 3657 701 3725 Proinde
717 3654 776 3723 alia
790 3654 883 3725 aliam
900 3683 969 3727 son·

21 3755 83 3826 itiam
92 3764 201 3858 liquido
212 3773 355 3842 destruit.
374 3771 491 3838 Annon
507 3767 644 3836 invicem
663 3766 842 3844 destruunt,
865 3793 968 3859 nequo

21 3877 96 3937 ltili·
106 3905 161 3956 urst,
172 3899 208 3948 ιθ.
223 3897 321 3947 -2111,
334 3913 384 3958 xrs,
399 3897 438 3948 28.
449 3895 499 3937 --¹
513 3895 593 3946 Mare.
602 3912 625 3956 r,
638 3913 677 3962 ¹9·
694 3923 723 3932 —
736 3894 745 3928 ⁶
759 3894 819 3943 Luc.
831 3910 883 3955 xrs,
899 3897 935 3948 ιδ.
