2478 4594
338 311 528 356 errourrou
551 313 612 354 uro.
639 311 669 360 r.
960 289 1022 375 riq

25 433 120 492 mom
131 431 255 492 consilio
273 433 373 492 rimori
386 434 508 494 mortali
520 442 636 494 nature
649 431 770 493 diffloiie
782 443 837 493 est.

24 533 73 592 nu
84 533 168 590 enim
183 531 302 591 mortali
315 544 408 594 matre
424 543 497 594 sato.

12 663 94 732 xillo
109 665 197 731 isaiae
215 663 287 731 loco
303 667 492 732 sententiam
506 665 591 733 hooc
606 665 777 732 derivavit:
802 691 815 727 r
828 665 909 747 Quis
932 667 1022 734 norit

12 797 128 840 sensum
140 773 293 840 Domini?
306 785 360 839 aut
373 775 442 864 quis
456 773 650 841 consiliarius
662 777 731 864 ejus
743 775 801 841 tuit
816 773 826 808 ¹
838 773 852 838 Ρ
864 802 876 837 e
895 775 1022 856 Quibus

12 883 72 950 iem
88 882 245 950 Hesiodus
260 881 348 949 hunc
363 883 397 950 in
412 883 545 950 modum
563 884 699 960 accinit:
855 874 858 878 ⁵

77 1023 170 1082 Haud
183 1021 261 1082 uiius
272 1023 347 1082 ririt
359 1023 478 1082 mortali
491 1043 507 1082 e
522 1026 638 1084 semine
649 1037 751 1098 votes,

72 1123 130 1198 Qui
141 1124 228 1183 ioris
243 1125 356 1202 mgiieri
371 1142 495 1184 sensum
510 1143 693 1204 cognoscere
708 1127 812 1205 possit.
896 1191 898 1196 ,

15 1281 82 1326 uem
96 1259 217 1347 pariter
230 1270 357 1324 secutus
371 1258 406 1324 in
420 1254 535 1348 Eiegiis
551 1258 667 1337 Solon,
683 1260 755 1350 jure
770 1259 814 1325 ito
829 1255 960 1326 scribit:

78 1423 170 1481 Omni
184 1419 299 1481 homini
311 1441 431 1502 prorsus
446 1441 531 1482 mens
544 1433 590 1483 est
601 1400 703 1502 ignote
716 1422 856 1482 deorum.

12 1557 139 1628 'uiierem
162 1573 312 1652 praetereu
334 1559 460 1638 Moses,
486 1583 562 1628 cum
588 1561 630 1627 oh
651 1558 834 1650 neglectum
854 1557 913 1624 Dei
936 1581 1015 1648 prae·

12 1681 103 1758 spturn
117 1721 126 1746 ,
142 1659 274 1736 summis
289 1669 322 1736 in
339 1668 502 1736 doloribus
516 1671 693 1758 perituram
707 1692 776 1734 esse
797 1667 1012 1756 praedixisset,

12 1803 22 1844 r
37 1792 247 1847 consentanee
261 1780 358 1846 Poeta
370 1778 501 1869 quidem
515 1801 580 1843 non
596 1775 743 1866 ignobilis
758 1775 874 1843 cecinit
891 1799 899 1840 ε

45 1968 416 1988 ............
442 1925 501 1986 Sed
513 1925 565 1984 iux
579 1944 667 1983 nureo
680 1936 818 1996 noctem,
853 1927 857 1934 '

73 2029 135 2088 Seu
151 2029 251 2089 lucem
267 2047 327 2088 nox
339 2039 402 2087 etro
417 2037 549 2107 premat,
564 2025 651 2085 dolor
665 2026 783 2084 additus
798 2025 856 2086 iliis

66 2129 167 2207 Usque
184 2130 299 2190 ederit:
318 2129 487 2209 superique
502 2145 606 2206 gretes
618 2127 781 2185 immittere
798 2145 884 2187 cures

64 2229 199 2290 Assidue
213 2240 351 2310 pergent.

12 2387 131 2434 omerus
142 2367 185 2432 iis
199 2387 273 2431 cum
285 2364 345 2442 eit,

75 2508 261 2586 Aoniasque
276 2508 370 2567 Petris
384 2505 509 2566 iibrobot
522 2505 642 2566 dextero
658 2506 779 2578 lances,

12 2641 30 2706 si
47 2642 231 2731 aequitotem
247 2640 411 2731 significet.
436 2641 541 2721 Quem
554 2641 704 2707 eumdem
720 2640 891 2707 Menander
903 2642 1013 2709 comi-¹

12 2773 31 2816 u
40 2753 160 2818 bonurn
175 2773 242 2817 esse
254 2749 430 2827 declarans,
448 2749 490 2815 ita
502 2741 662 2838 loquitur:

72 2901 110 2960 Ut
122 2903 246 2979 quisque
261 2901 393 2978 primum
408 2910 495 2959 natus
507 2903 536 2958 in
553 2899 651 2959 iucem
665 2902 769 2973 venit,

72 3001 244 3063 dioderotor
256 3002 300 3060 iiii
314 3003 427 3060 Genius
442 3002 549 3062 assistit
561 3000 678 3070 bonus,

75 3106 233 3184 vitemque
248 3106 366 3164 formet.
386 3103 461 3161 Nem
471 3119 544 3162 core
559 3103 671 3160 mnium
685 3114 794 3182 putes,

73 3205 224 3285 Booteque
238 3207 308 3265 ritae
324 3205 462 3262 noxium.

12 3375 57 3420 um
71 3357 252 3447 subjungit,
270 3379 386 3422 monem
400 3356 510 3420 bonum
524 3376 584 3419 esse
599 3353 716 3429 Deum,
737 3377 793 3418 seu
813 3353 916 3420 Deum
936 3375 1008 3420 om-

12 3482 50 3528 sm
63 3465 182 3532 bonum
204 3463 357 3564 eppellnt,
375 3487 451 3540 seu,
468 3463 555 3550 quod
575 3485 650 3528 vero
667 3462 814 3552 proprius
829 3473 896 3539 est,
912 3464 1009 3529 rebus

12 3575 167 3641 tomnibus
184 3576 306 3640 bonum
320 3595 388 3638 esse
410 3571 515 3638 Deum
538 3569 683 3636 essirmet.
714 3571 852 3637 Rursum
869 3571 1008 3660 tragicus

12 3673 157 3770 ischylus,
173 3707 249 3750 cum
263 3681 322 3748 Dei
337 3681 428 3747 nobis
444 3690 634 3769 potestatem
647 3675 785 3746 declaret
796 3729 805 3756 ,
818 3677 1004 3750 altissimum
1087 3715 1090 3719 ·

12 3807 50 3852 un
64 3791 217 3880 appellare
232 3789 277 3859 nii
291 3801 417 3858 veretur
430 3787 480 3856 his
497 3787 654 3856 versibus:

21 3919 138 3996 'loriam
151 3934 192 3983 13.
