<?xml version="1.0" encoding="UTF-8"?>
<!DOCTYPE html PUBLIC "-//W3C//DTD XHTML 1.0 Transitional//EN"
    "http://www.w3.org/TR/xhtml1/DTD/xhtml1-transitional.dtd">
<html xmlns="http://www.w3.org/1999/xhtml" xml:lang="en" lang="en">
 <head>
  <title>
</title>
<meta http-equiv="Content-Type" content="text/html;charset=utf-8" />
  <meta name='ocr-system' content='tesseract 3.04.00' />
  <meta name='ocr-capabilities' content='ocr_page ocr_carea ocr_par ocr_line ocrx_word'/>
</head>
<body>
  <div class='ocr_page' id='page_1' title='image "./collectioselect00guilgoog_0029.png"; bbox 0 0 2738 4628; ppageno 0'>
   <div class='ocr_carea' id='block_1_1' title="bbox 431 311 1093 361">
    <p class='ocr_par' dir='ltr' id='par_1_1' title="bbox 431 311 1093 361">
     <span class='ocr_line' id='line_1_1' title="bbox 431 311 1093 361; baseline -0.008 -4"><span class='ocrx_word' id='word_1_1' title='bbox 431 313 555 358; x_wconf 79' lang='lat' dir='ltr'><strong>cott&#39;rtts</strong></span> <span class='ocrx_word' id='word_1_2' title='bbox 579 314 729 361; x_wconf 66' lang='lat' dir='ltr'><strong>neeesse.</strong></span> <span class='ocrx_word' id='word_1_3' title='bbox 1057 311 1093 352; x_wconf 72' lang='grc' dir='ltr'>Ἡ</span> 
     </span>
    </p>
   </div>
   <div class='ocr_carea' id='block_1_2' title="bbox 15 428 1120 2609">
    <p class='ocr_par' dir='ltr' id='par_1_2' title="bbox 15 428 1120 2609">
     <span class='ocr_line' id='line_1_2' title="bbox 62 428 1101 522; baseline -0.002 -28"><span class='ocrx_word' id='word_1_4' title='bbox 62 463 74 494; x_wconf 78' lang='grc' dir='ltr'>ι</span> <span class='ocrx_word' id='word_1_5' title='bbox 86 430 261 522; x_wconf 74' lang='lat' dir='ltr'><strong>prehendit</strong></span> <span class='ocrx_word' id='word_1_6' title='bbox 275 430 356 520; x_wconf 85' lang='lat' dir='ltr'><strong>(nit)</strong></span> <span class='ocrx_word' id='word_1_7' title='bbox 369 429 528 500; x_wconf 86' lang='lat' dir='ltr'><strong>Dominus</strong></span> <span class='ocrx_word' id='word_1_8' title='bbox 539 455 670 500; x_wconf 81' lang='lat' dir='ltr'><strong>manum</strong></span> <span class='ocrx_word' id='word_1_9' title='bbox 684 433 814 508; x_wconf 86' lang='lat' dir='ltr'><strong>mortni,</strong></span> <span class='ocrx_word' id='word_1_10' title='bbox 830 444 863 498; x_wconf 89' lang='lat' dir='ltr'><strong>et</strong></span> <span class='ocrx_word' id='word_1_11' title='bbox 879 431 958 498; x_wconf 87' lang='lat' dir='ltr'><strong>dixit</strong></span> <span class='ocrx_word' id='word_1_12' title='bbox 973 431 1022 495; x_wconf 90' lang='lat' dir='ltr'><strong>ei:</strong></span> <span class='ocrx_word' id='word_1_13' title='bbox 1041 428 1101 494; x_wconf 86' lang='lat' dir='ltr'><strong>Ju-</strong></span> 
     </span>
     <span class='ocr_line' id='line_1_3' title="bbox 60 536 1120 632; baseline 0 -30"><span class='ocrx_word' id='word_1_14' title='bbox 60 543 190 618; x_wconf 66' lang='lat' dir='ltr'><strong>nrenis,</strong></span> <span class='ocrx_word' id='word_1_15' title='bbox 203 541 261 607; x_wconf 88' lang='lat' dir='ltr'><strong>tihi</strong></span> <span class='ocrx_word' id='word_1_16' title='bbox 276 541 359 616; x_wconf 87' lang='lat' dir='ltr'><strong>dieo,</strong></span> <span class='ocrx_word' id='word_1_17' title='bbox 376 565 470 631; x_wconf 81' lang='lat' dir='ltr'><strong>surge</strong></span> <span class='ocrx_word' id='word_1_18' title='bbox 484 565 492 608; x_wconf 91' lang='lat'><strong>:</strong></span> <span class='ocrx_word' id='word_1_19' title='bbox 505 555 538 608; x_wconf 87' lang='lat' dir='ltr'><strong>et</strong></span> <span class='ocrx_word' id='word_1_20' title='bbox 549 543 630 609; x_wconf 87' lang='lat' dir='ltr'><strong>sedit</strong></span> <span class='ocrx_word' id='word_1_21' title='bbox 648 555 812 616; x_wconf 65' lang='lat' dir='ltr'><strong>mortuum</strong></span> <span class='ocrx_word' id='word_1_22' title='bbox 828 553 861 608; x_wconf 86' lang='lat' dir='ltr'><strong>et</strong></span> <span class='ocrx_word' id='word_1_23' title='bbox 876 541 969 632; x_wconf 88' lang='lat' dir='ltr'><strong>jussit</strong></span> <span class='ocrx_word' id='word_1_24' title='bbox 985 539 1014 604; x_wconf 91' lang='lat' dir='ltr'><strong>ei</strong></span> <span class='ocrx_word' id='word_1_25' title='bbox 1034 536 1120 603; x_wconf 87' lang='lat' dir='ltr'><strong>dori·</strong></span> 
     </span>
     <span class='ocr_line' id='line_1_4' title="bbox 56 648 1105 724; baseline -0.001 -10"><span class='ocrx_word' id='word_1_26' title='bbox 56 681 71 714; x_wconf 75' lang='grc' dir='ltr'><strong><em>ι</em></strong></span> <span class='ocrx_word' id='word_1_27' title='bbox 86 650 299 724; x_wconf 72' lang='lat' dir='ltr'><strong>manducare,</strong></span> <span class='ocrx_word' id='word_1_28' title='bbox 310 661 343 715; x_wconf 90' lang='lat' dir='ltr'><strong>et</strong></span> <span class='ocrx_word' id='word_1_29' title='bbox 355 648 443 714; x_wconf 80' lang='lat' dir='ltr'><strong>dedit</strong></span> <span class='ocrx_word' id='word_1_30' title='bbox 454 673 531 716; x_wconf 88' lang='lat' dir='ltr'><strong>eum</strong></span> <span class='ocrx_word' id='word_1_31' title='bbox 542 653 635 718; x_wconf 83' lang='lat' dir='ltr'><strong>metri</strong></span> <span class='ocrx_word' id='word_1_32' title='bbox 651 652 746 718; x_wconf 74' lang='lat' dir='ltr'><strong>suae&#39;.</strong></span> <span class='ocrx_word' id='word_1_33' title='bbox 765 681 779 714; x_wconf 72' lang='grc' dir='ltr'><strong><em>ι</em></strong></span> <span class='ocrx_word' id='word_1_34' title='bbox 792 652 832 716; x_wconf 88' lang='lat' dir='ltr'><strong>Et</strong></span> <span class='ocrx_word' id='word_1_35' title='bbox 846 651 1002 717; x_wconf 79' lang='lat' dir='ltr'><strong>Lazarum</strong></span> <span class='ocrx_word' id='word_1_36' title='bbox 1018 673 1031 709; x_wconf 80' lang='grc' dir='ltr'>ι</span> <span class='ocrx_word' id='word_1_37' title='bbox 1045 669 1105 713; x_wconf 82' lang='lat' dir='ltr'><strong>vo-</strong></span> 
     </span>
     <span class='ocr_line' id='line_1_5' title="bbox 58 757 1105 848; baseline -0.005 -22"><span class='ocrx_word' id='word_1_38' title='bbox 58 761 175 827; x_wconf 69' lang='lat' dir='ltr'><strong>ravit</strong></span> <span class='ocrx_word' id='word_1_39' title='bbox 197 783 274 833; x_wconf 78' lang='lat' dir='ltr'><strong>voce</strong></span> <span class='ocrx_word' id='word_1_40' title='bbox 289 781 417 848; x_wconf 81' lang='lat' dir='ltr'><strong>magne,</strong></span> <span class='ocrx_word' id='word_1_41' title='bbox 434 759 569 827; x_wconf 85' lang='lat' dir='ltr'><strong>dicens:</strong></span> <span class='ocrx_word' id='word_1_42' title='bbox 588 761 718 838; x_wconf 81' lang='lat' dir='ltr'><strong>annre,</strong></span> <span class='ocrx_word' id='word_1_43' title='bbox 736 762 806 827; x_wconf 87' lang='lat' dir='ltr'><strong>veni</strong></span> <span class='ocrx_word' id='word_1_44' title='bbox 821 761 904 826; x_wconf 83' lang='lat' dir='ltr'><strong>sores</strong></span> <span class='ocrx_word' id='word_1_45' title='bbox 922 783 930 825; x_wconf 73' lang='grc' dir='ltr'>ι</span> <span class='ocrx_word' id='word_1_46' title='bbox 953 770 985 824; x_wconf 88' lang='lat' dir='ltr'><strong>et</strong></span> <span class='ocrx_word' id='word_1_47' title='bbox 1007 757 1105 823; x_wconf 80' lang='lat' dir='ltr'><strong>exivit</strong></span> 
     </span>
     <span class='ocr_line' id='line_1_6' title="bbox 59 866 1095 962; baseline -0.005 -28"><span class='ocrx_word' id='word_1_48' title='bbox 59 900 73 934; x_wconf 75' lang='grc' dir='ltr'><strong><em>ι</em></strong></span> <span class='ocrx_word' id='word_1_49' title='bbox 94 871 241 958; x_wconf 84' lang='lat' dir='ltr'><strong>(inquit)</strong></span> <span class='ocrx_word' id='word_1_50' title='bbox 264 882 424 946; x_wconf 87' lang='lat' dir='ltr'><strong>mortuus,</strong></span> <span class='ocrx_word' id='word_1_51' title='bbox 441 869 606 959; x_wconf 81' lang='lat' dir='ltr'><strong>colligatus</strong></span> <span class='ocrx_word' id='word_1_52' title='bbox 629 871 725 961; x_wconf 87' lang='lat' dir='ltr'><strong>pedes</strong></span> <span class='ocrx_word' id='word_1_53' title='bbox 742 883 775 938; x_wconf 91' lang='lat' dir='ltr'><strong>et</strong></span> <span class='ocrx_word' id='word_1_54' title='bbox 793 893 906 962; x_wconf 80' lang='lat' dir='ltr'><strong>munus</strong></span> <span class='ocrx_word' id='word_1_55' title='bbox 920 866 1095 936; x_wconf 74' lang='lat' dir='ltr'><strong>institis&#39;.·</strong></span> 
     </span>
     <span class='ocr_line' id='line_1_7' title="bbox 60 975 1106 1068; baseline -0.002 -24"><span class='ocrx_word' id='word_1_56' title='bbox 60 981 133 1044; x_wconf 85' lang='lat' dir='ltr'><strong>llcc</strong></span> <span class='ocrx_word' id='word_1_57' title='bbox 148 975 333 1064; x_wconf 79' lang='lat' dir='ltr'><strong>symbolum</strong></span> <span class='ocrx_word' id='word_1_58' title='bbox 348 978 418 1066; x_wconf 85' lang='lat' dir='ltr'><strong>ejus</strong></span> <span class='ocrx_word' id='word_1_59' title='bbox 433 977 572 1047; x_wconf 90' lang='lat' dir='ltr'><strong>hominis</strong></span> <span class='ocrx_word' id='word_1_60' title='bbox 595 979 648 1067; x_wconf 90' lang='lat' dir='ltr'><strong>qui</strong></span> <span class='ocrx_word' id='word_1_61' title='bbox 669 977 807 1068; x_wconf 78' lang='lat' dir='ltr'><strong>illigatus</strong></span> <span class='ocrx_word' id='word_1_62' title='bbox 824 979 927 1044; x_wconf 85' lang='lat' dir='ltr'><strong>fueret</strong></span> <span class='ocrx_word' id='word_1_63' title='bbox 941 979 974 1043; x_wconf 91' lang='lat' dir='ltr'><strong>in</strong></span> <span class='ocrx_word' id='word_1_64' title='bbox 990 997 1106 1067; x_wconf 82' lang='lat' dir='ltr'><strong>pecce-</strong></span> 
     </span>
     <span class='ocr_line' id='line_1_8' title="bbox 62 1085 1105 1175; baseline -0.004 -21"><span class='ocrx_word' id='word_1_65' title='bbox 62 1090 112 1154; x_wconf 86' lang='lat' dir='ltr'><strong>tis.</strong></span> <span class='ocrx_word' id='word_1_66' title='bbox 132 1089 175 1154; x_wconf 87' lang='lat' dir='ltr'><strong>Et</strong></span> <span class='ocrx_word' id='word_1_67' title='bbox 188 1099 324 1175; x_wconf 88' lang='lat' dir='ltr'><strong>propter</strong></span> <span class='ocrx_word' id='word_1_68' title='bbox 337 1085 402 1153; x_wconf 88' lang='lat' dir='ltr'><strong>hoe</strong></span> <span class='ocrx_word' id='word_1_69' title='bbox 416 1086 460 1152; x_wconf 86' lang='lat' dir='ltr'><strong>sit</strong></span> <span class='ocrx_word' id='word_1_70' title='bbox 471 1087 647 1156; x_wconf 76' lang='lat' dir='ltr'><strong>Dominus:</strong></span> <span class='ocrx_word' id='word_1_71' title='bbox 667 1113 680 1149; x_wconf 80' lang='lat' dir='ltr'><strong>s</strong></span> <span class='ocrx_word' id='word_1_72' title='bbox 699 1087 818 1155; x_wconf 77' lang='lat' dir='ltr'><strong>Solvite</strong></span> <span class='ocrx_word' id='word_1_73' title='bbox 834 1087 937 1163; x_wconf 92' lang='lat' dir='ltr'><strong>illum,</strong></span> <span class='ocrx_word' id='word_1_74' title='bbox 953 1099 987 1152; x_wconf 90' lang='lat' dir='ltr'><strong>et</strong></span> <span class='ocrx_word' id='word_1_75' title='bbox 1000 1085 1105 1151; x_wconf 88' lang='lat' dir='ltr'><strong>dimit-</strong></span> 
     </span>
     <span class='ocr_line' id='line_1_9' title="bbox 64 1196 1105 1292; baseline -0.001 -30"><span class='ocrx_word' id='word_1_76' title='bbox 64 1231 77 1262; x_wconf 80' lang='grc' dir='ltr'>ι</span> <span class='ocrx_word' id='word_1_77' title='bbox 93 1201 157 1265; x_wconf 89' lang='lat' dir='ltr'><strong>tite</strong></span> <span class='ocrx_word' id='word_1_78' title='bbox 174 1199 275 1265; x_wconf 78' lang='lat' dir='ltr'><strong>abire.</strong></span> <span class='ocrx_word' id='word_1_79' title='bbox 294 1196 415 1264; x_wconf 75' lang='lat' dir='ltr'><strong>»Sicut</strong></span> <span class='ocrx_word' id='word_1_80' title='bbox 433 1198 529 1287; x_wconf 82' lang='lat' dir='ltr'><strong>igitur</strong></span> <span class='ocrx_word' id='word_1_81' title='bbox 542 1201 598 1287; x_wconf 89' lang='lat' dir='ltr'><strong>qui</strong></span> <span class='ocrx_word' id='word_1_82' title='bbox 614 1200 716 1268; x_wconf 83' lang='lat' dir='ltr'><strong>curati</strong></span> <span class='ocrx_word' id='word_1_83' title='bbox 732 1212 821 1276; x_wconf 88' lang='lat' dir='ltr'><strong>sunt,</strong></span> <span class='ocrx_word' id='word_1_84' title='bbox 836 1201 870 1266; x_wconf 94' lang='lat' dir='ltr'><strong>in</strong></span> <span class='ocrx_word' id='word_1_85' title='bbox 884 1199 935 1292; x_wconf 84' lang='lat' dir='ltr'><strong>his</strong></span> <span class='ocrx_word' id='word_1_86' title='bbox 949 1207 1105 1288; x_wconf 74' lang='lat' dir='ltr'><strong>queunte</strong></span> 
     </span>
     <span class='ocr_line' id='line_1_10' title="bbox 64 1305 1107 1399; baseline 0.001 -28"><span class='ocrx_word' id='word_1_87' title='bbox 64 1331 155 1399; x_wconf 76' lang='lat' dir='ltr'><strong>passe</strong></span> <span class='ocrx_word' id='word_1_88' title='bbox 170 1307 298 1376; x_wconf 78' lang='lat' dir='ltr'><strong>lucrant</strong></span> <span class='ocrx_word' id='word_1_89' title='bbox 308 1305 454 1376; x_wconf 82' lang='lat' dir='ltr'><strong>membre</strong></span> <span class='ocrx_word' id='word_1_90' title='bbox 473 1307 575 1372; x_wconf 81' lang='lat' dir='ltr'><strong>curati</strong></span> <span class='ocrx_word' id='word_1_91' title='bbox 593 1320 682 1383; x_wconf 62' lang='lat' dir='ltr'><strong>sunu</strong></span> <span class='ocrx_word' id='word_1_92' title='bbox 698 1320 731 1374; x_wconf 89' lang='lat' dir='ltr'><strong>et</strong></span> <span class='ocrx_word' id='word_1_93' title='bbox 741 1307 858 1374; x_wconf 90' lang='lat' dir='ltr'><strong>mortui</strong></span> <span class='ocrx_word' id='word_1_94' title='bbox 871 1309 904 1375; x_wconf 93' lang='lat' dir='ltr'><strong>in</strong></span> <span class='ocrx_word' id='word_1_95' title='bbox 919 1308 1030 1375; x_wconf 87' lang='lat' dir='ltr'><strong>iisdem</strong></span> <span class='ocrx_word' id='word_1_96' title='bbox 1041 1331 1107 1374; x_wconf 77' lang='lat' dir='ltr'><strong>sur-</strong></span> 
     </span>
     <span class='ocr_line' id='line_1_11' title="bbox 65 1417 1106 1507; baseline -0.005 -21"><span class='ocrx_word' id='word_1_97' title='bbox 65 1429 219 1486; x_wconf 83' lang='lat' dir='ltr'><strong>rexerunt</strong></span> <span class='ocrx_word' id='word_1_98' title='bbox 235 1417 439 1504; x_wconf 81' lang='lat' dir='ltr'><strong>corporibus,</strong></span> <span class='ocrx_word' id='word_1_99' title='bbox 458 1417 609 1484; x_wconf 86' lang='lat' dir='ltr'><strong>membris</strong></span> <span class='ocrx_word' id='word_1_100' title='bbox 624 1429 657 1482; x_wconf 90' lang='lat' dir='ltr'><strong>et</strong></span> <span class='ocrx_word' id='word_1_101' title='bbox 673 1419 861 1506; x_wconf 78' lang='lat' dir='ltr'><strong>corporibus</strong></span> <span class='ocrx_word' id='word_1_102' title='bbox 878 1417 1021 1507; x_wconf 81' lang='lat' dir='ltr'><strong>ipsorum</strong></span> <span class='ocrx_word' id='word_1_103' title='bbox 1036 1439 1106 1505; x_wconf 90' lang='lat' dir='ltr'><strong>per-</strong></span> 
     </span>
     <span class='ocr_line' id='line_1_12' title="bbox 66 1525 1108 1623; baseline -0.005 -27"><span class='ocrx_word' id='word_1_104' title='bbox 66 1528 261 1618; x_wconf 86' lang='lat' dir='ltr'><strong>cipientibus</strong></span> <span class='ocrx_word' id='word_1_105' title='bbox 281 1525 494 1600; x_wconf 81' lang='lat' dir='ltr'><strong>curationem,</strong></span> <span class='ocrx_word' id='word_1_106' title='bbox 509 1537 542 1595; x_wconf 86' lang='lat' dir='ltr'><strong>et</strong></span> <span class='ocrx_word' id='word_1_107' title='bbox 556 1549 636 1623; x_wconf 45' lang='lat' dir='ltr'><strong>eam·</strong></span> <span class='ocrx_word' id='word_1_108' title='bbox 649 1527 747 1592; x_wconf 81' lang='lat' dir='ltr'><strong>vitem</strong></span> <span class='ocrx_word' id='word_1_109' title='bbox 766 1549 837 1615; x_wconf 79' lang='lat' dir='ltr'><strong>quae</strong></span> <span class='ocrx_word' id='word_1_110' title='bbox 852 1527 1022 1594; x_wconf 80' lang='lat' dir='ltr'><strong>debeture</strong></span> <span class='ocrx_word' id='word_1_111' title='bbox 1040 1525 1108 1592; x_wconf 86' lang='lat' dir='ltr'><strong>Do-</strong></span> 
     </span>
     <span class='ocr_line' id='line_1_13' title="bbox 68 1633 1110 1725; baseline -0.006 -19"><span class='ocrx_word' id='word_1_112' title='bbox 68 1639 170 1713; x_wconf 89' lang='lat' dir='ltr'><strong>mino,</strong></span> <span class='ocrx_word' id='word_1_113' title='bbox 192 1660 252 1725; x_wconf 89' lang='lat' dir='ltr'><strong>per</strong></span> <span class='ocrx_word' id='word_1_114' title='bbox 271 1633 458 1724; x_wconf 74' lang='lat' dir='ltr'><strong>temporalis</strong></span> <span class='ocrx_word' id='word_1_115' title='bbox 478 1633 700 1723; x_wconf 77' lang='lat' dir='ltr'><strong>prelormente</strong></span> <span class='ocrx_word' id='word_1_116' title='bbox 717 1648 848 1713; x_wconf 70' lang='lat' dir='ltr'><strong>reterns,</strong></span> <span class='ocrx_word' id='word_1_117' title='bbox 870 1649 904 1703; x_wconf 87' lang='lat' dir='ltr'><strong>et</strong></span> <span class='ocrx_word' id='word_1_118' title='bbox 921 1635 1110 1702; x_wconf 76' lang='lat' dir='ltr'><strong>ostendente</strong></span> 
     </span>
     <span class='ocr_line' id='line_1_14' title="bbox 68 1744 1111 1839; baseline -0.006 -24"><span class='ocrx_word' id='word_1_119' title='bbox 68 1750 224 1839; x_wconf 78' lang='lat' dir='ltr'><strong>queniam</strong></span> <span class='ocrx_word' id='word_1_120' title='bbox 240 1745 309 1836; x_wconf 87' lang='lat' dir='ltr'><strong>ipse</strong></span> <span class='ocrx_word' id='word_1_121' title='bbox 326 1745 447 1833; x_wconf 85' lang='lat' dir='ltr'><strong>estqui</strong></span> <span class='ocrx_word' id='word_1_122' title='bbox 467 1757 500 1810; x_wconf 90' lang='lat' dir='ltr'><strong>et</strong></span> <span class='ocrx_word' id='word_1_123' title='bbox 511 1744 709 1812; x_wconf 82' lang='lat' dir='ltr'><strong>curationem</strong></span> <span class='ocrx_word' id='word_1_124' title='bbox 727 1745 872 1835; x_wconf 79' lang='lat' dir='ltr'><strong>plasmati</strong></span> <span class='ocrx_word' id='word_1_125' title='bbox 888 1767 945 1812; x_wconf 90' lang='lat' dir='ltr'><strong>sno</strong></span> <span class='ocrx_word' id='word_1_126' title='bbox 963 1757 996 1811; x_wconf 90' lang='lat' dir='ltr'><strong>et</strong></span> <span class='ocrx_word' id='word_1_127' title='bbox 1014 1745 1111 1812; x_wconf 74' lang='lat' dir='ltr'><strong>sitem</strong></span> 
     </span>
     <span class='ocr_line' id='line_1_15' title="bbox 70 1854 1113 1949; baseline -0.007 -23"><span class='ocrx_word' id='word_1_128' title='bbox 70 1871 221 1949; x_wconf 66' lang='lat' dir='ltr'><strong>prestere</strong></span> <span class='ocrx_word' id='word_1_129' title='bbox 236 1866 353 1946; x_wconf 86' lang='lat' dir='ltr'><strong>potest,</strong></span> <span class='ocrx_word' id='word_1_130' title='bbox 367 1855 414 1920; x_wconf 91' lang='lat' dir='ltr'><strong>uti</strong></span> <span class='ocrx_word' id='word_1_131' title='bbox 431 1855 500 1942; x_wconf 87' lang='lat' dir='ltr'><strong>ejus</strong></span> <span class='ocrx_word' id='word_1_132' title='bbox 516 1854 556 1921; x_wconf 92' lang='lat' dir='ltr'><strong>de</strong></span> <span class='ocrx_word' id='word_1_133' title='bbox 570 1856 803 1924; x_wconf 85' lang='lat' dir='ltr'><strong>resurrectione</strong></span> <span class='ocrx_word' id='word_1_134' title='bbox 818 1879 948 1945; x_wconf 89' lang='lat' dir='ltr'><strong>quoque</strong></span> <span class='ocrx_word' id='word_1_135' title='bbox 962 1855 1113 1922; x_wconf 77' lang='lat' dir='ltr'><strong>credetur</strong></span> 
     </span>
     <span class='ocr_line' id='line_1_16' title="bbox 15 1965 1112 2064; baseline -0.006 -26"><span class='ocrx_word' id='word_1_136' title='bbox 15 2056 16 2064; x_wconf 8' lang='grc' dir='ltr'>ἵ</span> <span class='ocrx_word' id='word_1_137' title='bbox 71 1993 176 2038; x_wconf 84' lang='lat' dir='ltr'><strong>sermo</strong></span> <span class='ocrx_word' id='word_1_138' title='bbox 202 1993 212 2033; x_wconf 81' lang='lat' dir='ltr'><strong>t</strong></span> <span class='ocrx_word' id='word_1_139' title='bbox 235 1969 334 2034; x_wconf 85' lang='lat' dir='ltr'><strong>sicet</strong></span> <span class='ocrx_word' id='word_1_140' title='bbox 354 1966 389 2032; x_wconf 92' lang='lat' dir='ltr'><strong>in</strong></span> <span class='ocrx_word' id='word_1_141' title='bbox 408 1965 472 2032; x_wconf 88' lang='lat' dir='ltr'><strong>line</strong></span> <span class='ocrx_word' id='word_1_142' title='bbox 493 1967 530 2030; x_wconf 78' lang='lat' dir='ltr'><strong>in</strong></span> <span class='ocrx_word' id='word_1_143' title='bbox 547 1967 729 2034; x_wconf 74' lang='lat' dir='ltr'><strong>novissima</strong></span> <span class='ocrx_word' id='word_1_144' title='bbox 748 1965 846 2034; x_wconf 77' lang='lat' dir='ltr'><strong>toba⁵</strong></span> <span class='ocrx_word' id='word_1_145' title='bbox 871 1965 1031 2034; x_wconf 81' lang='lat' dir='ltr'><strong>clemente</strong></span> <span class='ocrx_word' id='word_1_146' title='bbox 1045 1965 1112 2032; x_wconf 84' lang='lat' dir='ltr'><strong>Do-</strong></span> 
     </span>
     <span class='ocr_line' id='line_1_17' title="bbox 71 2073 1110 2163; baseline -0.01 -14"><span class='ocrx_word' id='word_1_147' title='bbox 71 2082 175 2158; x_wconf 91' lang='lat' dir='ltr'><strong>mino,</strong></span> <span class='ocrx_word' id='word_1_148' title='bbox 190 2075 401 2145; x_wconf 78' lang='lat' dir='ltr'><strong>resurrecturi</strong></span> <span class='ocrx_word' id='word_1_149' title='bbox 420 2086 495 2140; x_wconf 92' lang='lat' dir='ltr'><strong>sunt</strong></span> <span class='ocrx_word' id='word_1_150' title='bbox 508 2075 639 2151; x_wconf 89' lang='lat' dir='ltr'><strong>mortui,</strong></span> <span class='ocrx_word' id='word_1_151' title='bbox 656 2074 929 2163; x_wconf 76' lang='lat' dir='ltr'><strong>quemadmodum</strong></span> <span class='ocrx_word' id='word_1_152' title='bbox 949 2075 1016 2163; x_wconf 88' lang='lat' dir='ltr'><strong>ipse</strong></span> <span class='ocrx_word' id='word_1_153' title='bbox 1035 2073 1079 2139; x_wconf 85' lang='lat' dir='ltr'><strong>nit</strong></span> <span class='ocrx_word' id='word_1_154' title='bbox 1101 2096 1110 2139; x_wconf 77' lang='grc' dir='ltr'><em>τ</em></span> 
     </span>
     <span class='ocr_line' id='line_1_18' title="bbox 79 2183 1112 2275; baseline -0.005 -21"><span class='ocrx_word' id='word_1_155' title='bbox 79 2191 229 2258; x_wconf 79' lang='lat' dir='ltr'><strong>«Veniet</strong></span> <span class='ocrx_word' id='word_1_156' title='bbox 251 2188 342 2263; x_wconf 82' lang='lat' dir='ltr'><strong>horn,</strong></span> <span class='ocrx_word' id='word_1_157' title='bbox 361 2186 395 2253; x_wconf 91' lang='lat' dir='ltr'><strong>in</strong></span> <span class='ocrx_word' id='word_1_158' title='bbox 412 2209 474 2275; x_wconf 81' lang='lat' dir='ltr'><strong>que</strong></span> <span class='ocrx_word' id='word_1_159' title='bbox 494 2207 606 2251; x_wconf 89' lang='lat' dir='ltr'><strong>omnes</strong></span> <span class='ocrx_word' id='word_1_160' title='bbox 623 2186 756 2260; x_wconf 85' lang='lat' dir='ltr'><strong>mortui,</strong></span> <span class='ocrx_word' id='word_1_161' title='bbox 772 2185 827 2273; x_wconf 91' lang='lat' dir='ltr'><strong>qni</strong></span> <span class='ocrx_word' id='word_1_162' title='bbox 844 2185 876 2250; x_wconf 94' lang='lat' dir='ltr'><strong>in</strong></span> <span class='ocrx_word' id='word_1_163' title='bbox 895 2183 1112 2251; x_wconf 84' lang='lat' dir='ltr'><strong>monumentis</strong></span> 
     </span>
     <span class='ocr_line' id='line_1_19' title="bbox 74 2291 1115 2381; baseline -0.006 -17"><span class='ocrx_word' id='word_1_164' title='bbox 74 2313 193 2377; x_wconf 67' lang='lat' dir='ltr'><strong>nsunt,</strong></span> <span class='ocrx_word' id='word_1_165' title='bbox 211 2297 341 2364; x_wconf 76' lang='lat' dir='ltr'><strong>audient</strong></span> <span class='ocrx_word' id='word_1_166' title='bbox 353 2317 464 2362; x_wconf 82' lang='lat' dir='ltr'><strong>vocem</strong></span> <span class='ocrx_word' id='word_1_167' title='bbox 479 2292 553 2360; x_wconf 86' lang='lat' dir='ltr'><strong>Filii</strong></span> <span class='ocrx_word' id='word_1_168' title='bbox 567 2293 723 2360; x_wconf 88' lang='lat' dir='ltr'><strong>hominis:</strong></span> <span class='ocrx_word' id='word_1_169' title='bbox 738 2305 771 2360; x_wconf 87' lang='lat' dir='ltr'><strong>et</strong></span> <span class='ocrx_word' id='word_1_170' title='bbox 785 2293 890 2360; x_wconf 85' lang='lat' dir='ltr'><strong>exient</strong></span> <span class='ocrx_word' id='word_1_171' title='bbox 905 2293 958 2381; x_wconf 89' lang='lat' dir='ltr'><strong>qui</strong></span> <span class='ocrx_word' id='word_1_172' title='bbox 975 2294 1060 2360; x_wconf 76' lang='lat' dir='ltr'><strong>bons</strong></span> <span class='ocrx_word' id='word_1_173' title='bbox 1071 2291 1115 2358; x_wconf 84' lang='lat' dir='ltr'><strong>l&#39;e-</strong></span> 
     </span>
     <span class='ocr_line' id='line_1_20' title="bbox 75 2402 1115 2494; baseline -0.009 -18"><span class='ocrx_word' id='word_1_174' title='bbox 75 2445 88 2476; x_wconf 81' lang='grc' dir='ltr'>ι</span> <span class='ocrx_word' id='word_1_175' title='bbox 101 2423 231 2487; x_wconf 86' lang='lat' dir='ltr'><strong>cerunt,</strong></span> <span class='ocrx_word' id='word_1_176' title='bbox 244 2410 278 2477; x_wconf 94' lang='lat' dir='ltr'><strong>in</strong></span> <span class='ocrx_word' id='word_1_177' title='bbox 289 2407 556 2475; x_wconf 84' lang='lat' dir='ltr'><strong>resurrectionem</strong></span> <span class='ocrx_word' id='word_1_178' title='bbox 570 2405 642 2471; x_wconf 77' lang='lat' dir='ltr'><strong>vite</strong></span> <span class='ocrx_word' id='word_1_179' title='bbox 654 2429 664 2480; x_wconf 68' lang='grc' dir='ltr'><strong><em>ς</em></strong></span> <span class='ocrx_word' id='word_1_180' title='bbox 678 2404 778 2494; x_wconf 88' lang='lat' dir='ltr'><strong>etqui</strong></span> <span class='ocrx_word' id='word_1_181' title='bbox 789 2402 870 2470; x_wconf 81' lang='lat' dir='ltr'><strong>melu</strong></span> <span class='ocrx_word' id='word_1_182' title='bbox 890 2403 1011 2491; x_wconf 86' lang='lat' dir='ltr'><strong>opemti</strong></span> <span class='ocrx_word' id='word_1_183' title='bbox 1029 2413 1115 2478; x_wconf 89' lang='lat' dir='ltr'><strong>sunt,</strong></span> 
     </span>
     <span class='ocr_line' id='line_1_21' title="bbox 77 2515 616 2609; baseline -0.017 -20"><span class='ocrx_word' id='word_1_184' title='bbox 77 2556 91 2589; x_wconf 71' lang='grc' dir='ltr'><strong>ι</strong></span> <span class='ocrx_word' id='word_1_185' title='bbox 105 2528 138 2594; x_wconf 92' lang='lat' dir='ltr'><strong>in</strong></span> <span class='ocrx_word' id='word_1_186' title='bbox 152 2519 424 2592; x_wconf 80' lang='lat' dir='ltr'><strong>resurrectionem</strong></span> <span class='ocrx_word' id='word_1_187' title='bbox 438 2517 550 2609; x_wconf 85' lang='lat' dir='ltr'><strong>judieii</strong></span> <span class='ocrx_word' id='word_1_188' title='bbox 561 2515 583 2583; x_wconf 76' lang='lat'><strong>⁴.</strong></span> <span class='ocrx_word' id='word_1_189' title='bbox 602 2546 616 2580; x_wconf 75' lang='grc' dir='ltr'><strong><em>ι</em></strong></span> 
     </span>
    </p>
   </div>
   <div class='ocr_carea' id='block_1_3' title="bbox 126 2696 614 2804">
    <p class='ocr_par' dir='ltr' id='par_1_3' title="bbox 126 2696 614 2804">
     <span class='ocr_line' id='line_1_22' title="bbox 126 2696 614 2804; baseline -0.018 -28"><span class='ocrx_word' id='word_1_190' title='bbox 126 2727 167 2804; x_wconf 82' lang='lat'><strong>9⁰</strong></span> <span class='ocrx_word' id='word_1_191' title='bbox 180 2707 235 2777; x_wconf 83' lang='lat' dir='ltr'><strong>Ex</strong></span> <span class='ocrx_word' id='word_1_192' title='bbox 254 2699 376 2775; x_wconf 84' lang='lat' dir='ltr'><strong>verbis</strong></span> <span class='ocrx_word' id='word_1_193' title='bbox 398 2696 587 2798; x_wconf 78' lang='lat' dir='ltr'><strong>Apostoli⁸</strong></span> <span class='ocrx_word' id='word_1_194' title='bbox 606 2725 614 2767; x_wconf 75' lang='grc' dir='ltr'><strong><em>ε</em></strong></span> 
     </span>
    </p>
   </div>
   <div class='ocr_carea' id='block_1_4' title="bbox 85 2857 1131 3725">
    <p class='ocr_par' dir='ltr' id='par_1_4' title="bbox 85 2857 1131 3725">
     <span class='ocr_line' id='line_1_23' title="bbox 122 2857 1118 2961; baseline -0.02 -20"><span class='ocrx_word' id='word_1_195' title='bbox 122 2873 203 2942; x_wconf 78' lang='lat' dir='ltr'><strong>Vani</strong></span> <span class='ocrx_word' id='word_1_196' title='bbox 219 2872 319 2961; x_wconf 79' lang='lat' dir='ltr'><strong>igitur</strong></span> <span class='ocrx_word' id='word_1_197' title='bbox 336 2881 369 2936; x_wconf 91' lang='lat' dir='ltr'><strong>et</strong></span> <span class='ocrx_word' id='word_1_198' title='bbox 387 2889 461 2935; x_wconf 84' lang='lat' dir='ltr'><strong>vere</strong></span> <span class='ocrx_word' id='word_1_199' title='bbox 482 2866 635 2943; x_wconf 83' lang='lat' dir='ltr'><strong>infelices,</strong></span> <span class='ocrx_word' id='word_1_200' title='bbox 656 2864 709 2953; x_wconf 90' lang='lat' dir='ltr'><strong>qui</strong></span> <span class='ocrx_word' id='word_1_201' title='bbox 729 2865 776 2932; x_wconf 86' lang='lat' dir='ltr'><strong>sic</strong></span> <span class='ocrx_word' id='word_1_202' title='bbox 796 2861 962 2929; x_wconf 72' lang='lat' dir='ltr'><strong>manifeste</strong></span> <span class='ocrx_word' id='word_1_203' title='bbox 979 2871 1013 2925; x_wconf 92' lang='lat' dir='ltr'><strong>et</strong></span> <span class='ocrx_word' id='word_1_204' title='bbox 1033 2857 1118 2930; x_wconf 81' lang='lat' dir='ltr'><strong>clere</strong></span> 
     </span>
     <span class='ocr_line' id='line_1_24' title="bbox 85 2965 1131 3069; baseline -0.021 -16"><span class='ocrx_word' id='word_1_205' title='bbox 85 2983 195 3052; x_wconf 87' lang='lat' dir='ltr'><strong>nolunt</strong></span> <span class='ocrx_word' id='word_1_206' title='bbox 207 2979 410 3069; x_wconf 86' lang='lat' dir='ltr'><strong>conspicere,</strong></span> <span class='ocrx_word' id='word_1_207' title='bbox 427 2976 484 3043; x_wconf 87' lang='lat' dir='ltr'><strong>sed</strong></span> <span class='ocrx_word' id='word_1_208' title='bbox 499 2975 623 3065; x_wconf 74' lang='lat' dir='ltr'><strong>lugiunt</strong></span> <span class='ocrx_word' id='word_1_209' title='bbox 640 2972 751 3041; x_wconf 88' lang='lat' dir='ltr'><strong>lumen</strong></span> <span class='ocrx_word' id='word_1_210' title='bbox 767 2971 919 3047; x_wconf 78' lang='lat' dir='ltr'><strong>veritatis,</strong></span> <span class='ocrx_word' id='word_1_211' title='bbox 940 2965 1131 3042; x_wconf 64' lang='lat' dir='ltr'><strong>seeundum„</strong></span> 
     </span>
     <span class='ocr_line' id='line_1_25' title="bbox 85 3074 1121 3186; baseline -0.023 -22"><span class='ocrx_word' id='word_1_212' title='bbox 85 3097 240 3186; x_wconf 76' lang='lat' dir='ltr'><strong>tragicum</strong></span> <span class='ocrx_word' id='word_1_213' title='bbox 261 3088 468 3180; x_wconf 84' lang='lat' dir='ltr'><strong>OEdipodem</strong></span> <span class='ocrx_word' id='word_1_214' title='bbox 482 3086 666 3175; x_wconf 85' lang='lat' dir='ltr'><strong>semetipsos</strong></span> <span class='ocrx_word' id='word_1_215' title='bbox 681 3095 885 3150; x_wconf 82' lang='lat' dir='ltr'><strong>exeaecnntes.</strong></span> <span class='ocrx_word' id='word_1_216' title='bbox 907 3081 949 3146; x_wconf 82' lang='lat' dir='ltr'><strong>Et</strong></span> <span class='ocrx_word' id='word_1_217' title='bbox 964 3074 1121 3167; x_wconf 78' lang='lat' dir='ltr'><strong>quemad-</strong></span> 
     </span>
     <span class='ocr_line' id='line_1_26' title="bbox 86 3192 1119 3292; baseline -0.023 -17"><span class='ocrx_word' id='word_1_218' title='bbox 86 3207 215 3275; x_wconf 85' lang='lat' dir='ltr'><strong>modum</strong></span> <span class='ocrx_word' id='word_1_219' title='bbox 231 3205 265 3270; x_wconf 94' lang='lat' dir='ltr'><strong>in</strong></span> <span class='ocrx_word' id='word_1_220' title='bbox 279 3201 424 3292; x_wconf 74' lang='lat' dir='ltr'><strong>palestre</strong></span> <span class='ocrx_word' id='word_1_221' title='bbox 439 3197 554 3264; x_wconf 88' lang='lat' dir='ltr'><strong>insueti</strong></span> <span class='ocrx_word' id='word_1_222' title='bbox 566 3205 786 3263; x_wconf 80' lang='lat' dir='ltr'><strong>concertantes</strong></span> <span class='ocrx_word' id='word_1_223' title='bbox 802 3192 884 3267; x_wconf 78' lang='lat' dir='ltr'><strong>eliis,</strong></span> <span class='ocrx_word' id='word_1_224' title='bbox 897 3212 995 3255; x_wconf 80' lang='lat' dir='ltr'><strong>unum</strong></span> <span class='ocrx_word' id='word_1_225' title='bbox 1011 3208 1119 3276; x_wconf 83' lang='lat' dir='ltr'><strong>quem·</strong></span> 
     </span>
     <span class='ocr_line' id='line_1_27' title="bbox 87 3294 1123 3406; baseline -0.024 -21"><span class='ocrx_word' id='word_1_226' title='bbox 87 3319 163 3387; x_wconf 79' lang='lat' dir='ltr'><strong>libet</strong></span> <span class='ocrx_word' id='word_1_227' title='bbox 173 3327 296 3406; x_wconf 87' lang='lat' dir='ltr'><strong>pertem</strong></span> <span class='ocrx_word' id='word_1_228' title='bbox 305 3309 449 3402; x_wconf 89' lang='lat' dir='ltr'><strong>corporis</strong></span> <span class='ocrx_word' id='word_1_229' title='bbox 461 3308 534 3374; x_wconf 87' lang='lat' dir='ltr'><strong>totis</strong></span> <span class='ocrx_word' id='word_1_230' title='bbox 545 3302 793 3396; x_wconf 85' lang='lat' dir='ltr'><strong>complectentes</strong></span> <span class='ocrx_word' id='word_1_231' title='bbox 806 3300 966 3373; x_wconf 85' lang='lat' dir='ltr'><strong>munibus,</strong></span> <span class='ocrx_word' id='word_1_232' title='bbox 975 3321 1033 3388; x_wconf 89' lang='lat' dir='ltr'><strong>per</strong></span> <span class='ocrx_word' id='word_1_233' title='bbox 1042 3294 1123 3363; x_wconf 89' lang='lat' dir='ltr'><strong>illud</strong></span> 
     </span>
     <span class='ocr_line' id='line_1_28' title="bbox 92 3407 1123 3516; baseline -0.021 -24"><span class='ocrx_word' id='word_1_234' title='bbox 92 3425 172 3516; x_wconf 86' lang='lat' dir='ltr'><strong>quod</strong></span> <span class='ocrx_word' id='word_1_235' title='bbox 190 3423 348 3496; x_wconf 85' lang='lat' dir='ltr'><strong>detinent,</strong></span> <span class='ocrx_word' id='word_1_236' title='bbox 369 3415 498 3492; x_wconf 80' lang='lat' dir='ltr'><strong>cedent,</strong></span> <span class='ocrx_word' id='word_1_237' title='bbox 521 3427 554 3480; x_wconf 89' lang='lat' dir='ltr'><strong>et</strong></span> <span class='ocrx_word' id='word_1_238' title='bbox 575 3412 723 3481; x_wconf 82' lang='lat' dir='ltr'><strong>cedentes</strong></span> <span class='ocrx_word' id='word_1_239' title='bbox 745 3421 860 3502; x_wconf 82' lang='lat' dir='ltr'><strong>putent</strong></span> <span class='ocrx_word' id='word_1_240' title='bbox 874 3431 908 3473; x_wconf 88' lang='lat' dir='ltr'><strong>se</strong></span> <span class='ocrx_word' id='word_1_241' title='bbox 928 3407 1067 3482; x_wconf 83' lang='lat' dir='ltr'><strong>vincere,</strong></span> <span class='ocrx_word' id='word_1_242' title='bbox 1083 3429 1123 3471; x_wconf 93' lang='lat' dir='ltr'><strong>eo</strong></span> 
     </span>
     <span class='ocr_line' id='line_1_29' title="bbox 96 3512 1123 3625; baseline -0.024 -22"><span class='ocrx_word' id='word_1_243' title='bbox 96 3535 173 3625; x_wconf 80' lang='lat' dir='ltr'><strong>qnod</strong></span> <span class='ocrx_word' id='word_1_244' title='bbox 189 3528 388 3600; x_wconf 83' lang='lat' dir='ltr'><strong>contentiose</strong></span> <span class='ocrx_word' id='word_1_245' title='bbox 406 3535 535 3591; x_wconf 81' lang='lat' dir='ltr'><strong>teneant</strong></span> <span class='ocrx_word' id='word_1_246' title='bbox 551 3521 630 3588; x_wconf 93' lang='lat' dir='ltr'><strong>illud</strong></span> <span class='ocrx_word' id='word_1_247' title='bbox 649 3521 735 3611; x_wconf 89' lang='lat' dir='ltr'><strong>quod</strong></span> <span class='ocrx_word' id='word_1_248' title='bbox 753 3519 893 3611; x_wconf 87' lang='lat' dir='ltr'><strong>primum</strong></span> <span class='ocrx_word' id='word_1_249' title='bbox 908 3512 1123 3606; x_wconf 85' lang='lat' dir='ltr'><strong>apprehende·</strong></span> 
     </span>
     <span class='ocr_line' id='line_1_30' title="bbox 99 3622 1128 3725; baseline -0.023 -15"><span class='ocrx_word' id='word_1_250' title='bbox 99 3659 163 3712; x_wconf 90' lang='lat' dir='ltr'><strong>runt</strong></span> <span class='ocrx_word' id='word_1_251' title='bbox 180 3643 378 3712; x_wconf 85' lang='lat' dir='ltr'><strong>membrum,</strong></span> <span class='ocrx_word' id='word_1_252' title='bbox 392 3657 488 3725; x_wconf 90' lang='lat' dir='ltr'><strong>super</strong></span> <span class='ocrx_word' id='word_1_253' title='bbox 502 3633 564 3700; x_wconf 90' lang='lat' dir='ltr'><strong>hoc</strong></span> <span class='ocrx_word' id='word_1_254' title='bbox 578 3644 686 3698; x_wconf 84' lang='lat' dir='ltr'><strong>eutem</strong></span> <span class='ocrx_word' id='word_1_255' title='bbox 698 3628 783 3719; x_wconf 93' lang='lat' dir='ltr'><strong>quod</strong></span> <span class='ocrx_word' id='word_1_256' title='bbox 803 3627 999 3702; x_wconf 87' lang='lat' dir='ltr'><strong>ceciderunt,</strong></span> <span class='ocrx_word' id='word_1_257' title='bbox 1019 3622 1128 3689; x_wconf 37' lang='lat' dir='ltr'><strong>etde*</strong></span> 
     </span>
    </p>
   </div>
   <div class='ocr_carea' id='block_1_5' title="bbox 100 3773 1122 4036">
    <p class='ocr_par' dir='ltr' id='par_1_5' title="bbox 100 3773 1122 4036">
     <span class='ocr_line' id='line_1_31' title="bbox 125 3773 1122 3856; baseline -0.02 -10"><span class='ocrx_word' id='word_1_258' title='bbox 125 3800 251 3856; x_wconf 62' lang='lat' dir='ltr'><strong>turrea,</strong></span> <span class='ocrx_word' id='word_1_259' title='bbox 262 3794 305 3852; x_wconf 59' lang='grc' dir='ltr'><strong>ἀι,</strong></span> <span class='ocrx_word' id='word_1_260' title='bbox 315 3791 360 3851; x_wconf 68' lang='grc'><strong>43,</strong></span> <span class='ocrx_word' id='word_1_261' title='bbox 371 3797 399 3838; x_wconf 80' lang='lat' dir='ltr'><strong>et</strong></span> <span class='ocrx_word' id='word_1_262' title='bbox 409 3787 471 3836; x_wconf 79' lang='lat' dir='ltr'><strong>Luc.</strong></span> <span class='ocrx_word' id='word_1_263' title='bbox 486 3801 530 3845; x_wconf 84' lang='lat' dir='ltr'><strong>ru,</strong></span> <span class='ocrx_word' id='word_1_264' title='bbox 545 3785 582 3844; x_wconf 69' lang='lat' dir='ltr'><strong>rt,</strong></span> <span class='ocrx_word' id='word_1_265' title='bbox 598 3784 636 3833; x_wconf 83' lang='lat'><strong>15.</strong></span> <span class='ocrx_word' id='word_1_266' title='bbox 649 3811 680 3822; x_wconf 94' lang='lat'>-</span> <span class='ocrx_word' id='word_1_267' title='bbox 695 3781 837 3846; x_wconf 59' lang='lat' dir='ltr'><strong>norun,</strong></span> <span class='ocrx_word' id='word_1_268' title='bbox 848 3779 889 3841; x_wconf 71' lang='lat' dir='ltr'><strong>li,</strong></span> <span class='ocrx_word' id='word_1_269' title='bbox 905 3777 944 3851; x_wconf 62' lang='lat' dir='ltr'><strong>ll.</strong></span> <span class='ocrx_word' id='word_1_270' title='bbox 963 3803 993 3814; x_wconf 88' lang='lat'><em>-</em></span> <span class='ocrx_word' id='word_1_271' title='bbox 1014 3773 1024 3809; x_wconf 80' lang='lat'>⁸</span> <span class='ocrx_word' id='word_1_272' title='bbox 1039 3775 1122 3842; x_wconf 58' lang='lat' dir='ltr'><strong>reor.</strong></span> 
     </span>
     <span class='ocr_line' id='line_1_32' title="bbox 100 3872 554 3945; baseline -0.035 -11"><span class='ocrx_word' id='word_1_273' title='bbox 100 3889 214 3945; x_wconf 79' lang='lat' dir='ltr'><strong>u,52.-</strong></span> <span class='ocrx_word' id='word_1_274' title='bbox 227 3882 325 3932; x_wconf 74' lang='lat' dir='ltr'><strong>‘loom</strong></span> <span class='ocrx_word' id='word_1_275' title='bbox 338 3892 363 3936; x_wconf 82' lang='lat' dir='ltr'><strong>v,</strong></span> <span class='ocrx_word' id='word_1_276' title='bbox 377 3872 417 3934; x_wconf 74' lang='lat'><strong>28,</strong></span> <span class='ocrx_word' id='word_1_277' title='bbox 429 3889 466 3938; x_wconf 81' lang='lat'><strong>²9·</strong></span> <span class='ocrx_word' id='word_1_278' title='bbox 552 3905 554 3909; x_wconf 67' lang='lat'><strong>,</strong></span> 
     </span>
     <span class='ocr_line' id='line_1_33' title="bbox 123 3955 655 4036; baseline -0.038 -14"><span class='ocrx_word' id='word_1_279' title='bbox 123 3971 200 4036; x_wconf 67' lang='lat' dir='ltr'><strong>’Cap</strong></span> <span class='ocrx_word' id='word_1_280' title='bbox 213 3985 270 4026; x_wconf 75' lang='lat' dir='ltr'><strong>sur,</strong></span> <span class='ocrx_word' id='word_1_281' title='bbox 281 3981 310 4016; x_wconf 88' lang='lat' dir='ltr'><strong>n.</strong></span> <span class='ocrx_word' id='word_1_282' title='bbox 326 3978 350 4022; x_wconf 81' lang='lat'><strong>2,</strong></span> <span class='ocrx_word' id='word_1_283' title='bbox 362 3961 388 4020; x_wconf 79' lang='lat'><strong>5,</strong></span> <span class='ocrx_word' id='word_1_284' title='bbox 397 3958 424 4026; x_wconf 65' lang='lat' dir='ltr'><strong>l,</strong></span> <span class='ocrx_word' id='word_1_285' title='bbox 435 3960 459 4007; x_wconf 80' lang='lat'><strong>5.</strong></span> <span class='ocrx_word' id='word_1_286' title='bbox 471 3973 493 4020; x_wconf 89' lang='lat' dir='ltr'><strong>p.</strong></span> <span class='ocrx_word' id='word_1_287' title='bbox 506 3955 553 4005; x_wconf 78' lang='lat'><strong>508</strong></span> <span class='ocrx_word' id='word_1_288' title='bbox 563 3963 589 4006; x_wconf 85' lang='lat' dir='ltr'><strong>ot</strong></span> <span class='ocrx_word' id='word_1_289' title='bbox 600 3969 655 4018; x_wconf 71' lang='lat' dir='ltr'><strong>seq.</strong></span> 
     </span>
    </p>
   </div>
   <div class='ocr_carea' id='block_1_6' title="bbox 0 0 1417 4628">
    <p class='ocr_par' dir='ltr' id='par_1_6' title="bbox 0 0 1417 4628">
     <span class='ocr_line' id='line_1_34' title="bbox 0 0 1417 4628; baseline 0 0"><span class='ocrx_word' id='word_1_290' title='bbox 0 0 1417 4628; x_wconf 95' lang='lat' dir='ltr'><strong> </strong></span> 
     </span>
    </p>
   </div>
  </div>
 </body>
</html>
