<?xml version="1.0" encoding="UTF-8"?>
<!DOCTYPE html PUBLIC "-//W3C//DTD XHTML 1.0 Transitional//EN"
    "http://www.w3.org/TR/xhtml1/DTD/xhtml1-transitional.dtd">
<html xmlns="http://www.w3.org/1999/xhtml" xml:lang="en" lang="en">
 <head>
  <title>
</title>
<meta http-equiv="Content-Type" content="text/html;charset=utf-8" />
  <meta name='ocr-system' content='tesseract 3.04.00' />
  <meta name='ocr-capabilities' content='ocr_page ocr_carea ocr_par ocr_line ocrx_word'/>
</head>
<body>
  <div class='ocr_page' id='page_1' title='image "./collectioselect00guilgoog_0277.png"; bbox 0 0 2570 4614; ppageno 0'>
   <div class='ocr_carea' id='block_1_1' title="bbox 343 207 1093 298">
    <p class='ocr_par' dir='ltr' id='par_1_1' title="bbox 343 207 1093 298">
     <span class='ocr_line' id='line_1_1' title="bbox 343 207 1093 298; baseline -0.003 -21"><span class='ocrx_word' id='word_1_1' title='bbox 343 230 347 240; x_wconf 91' lang='lat'>·</span> <span class='ocrx_word' id='word_1_2' title='bbox 369 232 566 288; x_wconf 73' lang='lat' dir='ltr'><strong>rnnieoens,</strong></span> <span class='ocrx_word' id='word_1_3' title='bbox 591 235 652 280; x_wconf 81' lang='lat' dir='ltr'><strong>mn.</strong></span> <span class='ocrx_word' id='word_1_4' title='bbox 676 229 700 278; x_wconf 82' lang='lat' dir='ltr'><strong>t.</strong></span> <span class='ocrx_word' id='word_1_5' title='bbox 991 207 1052 298; x_wconf 70' lang='grc' dir='ltr'><strong>ηδ</strong></span> <span class='ocrx_word' id='word_1_6' title='bbox 1090 213 1093 221; x_wconf 84' lang='grc'><strong>’</strong></span> 
     </span>
    </p>
   </div>
   <div class='ocr_carea' id='block_1_2' title="bbox 10 347 1179 3078">
    <p class='ocr_par' dir='ltr' id='par_1_2' title="bbox 10 347 1179 3078">
     <span class='ocr_line' id='line_1_2' title="bbox 11 347 1155 452; baseline 0.002 -38"><span class='ocrx_word' id='word_1_7' title='bbox 11 383 24 414; x_wconf 78' lang='grc' dir='ltr'>ι</span> <span class='ocrx_word' id='word_1_8' title='bbox 41 347 117 420; x_wconf 86' lang='lat' dir='ltr'><strong>nnt¹</strong></span> <span class='ocrx_word' id='word_1_9' title='bbox 129 377 138 418; x_wconf 77' lang='grc' dir='ltr'><strong><em>ε</em></strong></span> <span class='ocrx_word' id='word_1_10' title='bbox 150 381 164 415; x_wconf 87' lang='grc' dir='ltr'>ι</span> <span class='ocrx_word' id='word_1_11' title='bbox 174 367 210 418; x_wconf 86' lang='lat' dir='ltr'><strong>et</strong></span> <span class='ocrx_word' id='word_1_12' title='bbox 228 353 291 420; x_wconf 84' lang='lat' dir='ltr'><strong>hac</strong></span> <span class='ocrx_word' id='word_1_13' title='bbox 305 353 440 420; x_wconf 88' lang='lat' dir='ltr'><strong>ducendi</strong></span> <span class='ocrx_word' id='word_1_14' title='bbox 458 354 580 422; x_wconf 86' lang='lat' dir='ltr'><strong>ratione</strong></span> <span class='ocrx_word' id='word_1_15' title='bbox 595 367 746 419; x_wconf 70' lang='lat' dir='ltr'><strong>sexcenta</strong></span> <span class='ocrx_word' id='word_1_16' title='bbox 759 351 869 419; x_wconf 80' lang='lat' dir='ltr'><strong>millio</strong></span> <span class='ocrx_word' id='word_1_17' title='bbox 882 351 1054 441; x_wconf 77' lang='lat' dir='ltr'><strong>peditam,</strong></span> <span class='ocrx_word' id='word_1_18' title='bbox 1147 433 1155 452; x_wconf 23' lang='lat' dir='ltr'>N</span> 
     </span>
     <span class='ocr_line' id='line_1_3' title="bbox 10 461 1056 552; baseline -0.001 -23"><span class='ocrx_word' id='word_1_19' title='bbox 10 463 63 550; x_wconf 74' lang='lat' dir='ltr'><strong>qui</strong></span> <span class='ocrx_word' id='word_1_20' title='bbox 78 463 190 528; x_wconf 80' lang='lat' dir='ltr'><strong>coacti</strong></span> <span class='ocrx_word' id='word_1_21' title='bbox 211 475 306 528; x_wconf 79' lang='lat' dir='ltr'><strong>erant</strong></span> <span class='ocrx_word' id='word_1_22' title='bbox 325 464 358 530; x_wconf 89' lang='lat' dir='ltr'><strong>in</strong></span> <span class='ocrx_word' id='word_1_23' title='bbox 373 485 410 528; x_wconf 84' lang='lat' dir='ltr'><strong>ea</strong></span> <span class='ocrx_word' id='word_1_24' title='bbox 425 486 522 552; x_wconf 81' lang='lat' dir='ltr'><strong>quem</strong></span> <span class='ocrx_word' id='word_1_25' title='bbox 537 463 699 529; x_wconf 81' lang='lat' dir='ltr'><strong>habebunt</strong></span> <span class='ocrx_word' id='word_1_26' title='bbox 717 463 823 528; x_wconf 89' lang='lat' dir='ltr'><strong>cordis</strong></span> <span class='ocrx_word' id='word_1_27' title='bbox 842 463 977 538; x_wconf 82' lang='lat' dir='ltr'><strong>duritie,</strong></span> <span class='ocrx_word' id='word_1_28' title='bbox 994 461 1056 528; x_wconf 85' lang='lat' dir='ltr'><strong>ila·</strong></span> 
     </span>
     <span class='ocr_line' id='line_1_4' title="bbox 10 571 1057 662; baseline 0.001 -23"><span class='ocrx_word' id='word_1_29' title='bbox 10 571 143 662; x_wconf 75' lang='lat' dir='ltr'><strong>gellam,</strong></span> <span class='ocrx_word' id='word_1_30' title='bbox 152 575 327 650; x_wconf 74' lang='lat' dir='ltr'><strong>miserans,</strong></span> <span class='ocrx_word' id='word_1_31' title='bbox 340 573 524 648; x_wconf 76' lang='lat' dir='ltr'><strong>verberans,</strong></span> <span class='ocrx_word' id='word_1_32' title='bbox 537 574 682 646; x_wconf 86' lang='lat' dir='ltr'><strong>medens.</strong></span> <span class='ocrx_word' id='word_1_33' title='bbox 695 574 729 640; x_wconf 91' lang='lat' dir='ltr'><strong>in</strong></span> <span class='ocrx_word' id='word_1_34' title='bbox 740 574 941 640; x_wconf 77' lang='lat' dir='ltr'><strong>miseratione</strong></span> <span class='ocrx_word' id='word_1_35' title='bbox 953 582 985 639; x_wconf 86' lang='lat' dir='ltr'><strong>et</strong></span> <span class='ocrx_word' id='word_1_36' title='bbox 995 573 1057 640; x_wconf 89' lang='lat' dir='ltr'><strong>dis-</strong></span> 
     </span>
     <span class='ocr_line' id='line_1_5' title="bbox 12 679 1055 771; baseline 0.002 -23"><span class='ocrx_word' id='word_1_37' title='bbox 12 679 126 771; x_wconf 75' lang='lat' dir='ltr'><strong>ciplina</strong></span> <span class='ocrx_word' id='word_1_38' title='bbox 140 681 309 750; x_wconf 72' lang='lat' dir='ltr'><strong>custodiit.</strong></span> <span class='ocrx_word' id='word_1_39' title='bbox 323 681 446 749; x_wconf 76' lang='lat' dir='ltr'><strong>«Prout</strong></span> <span class='ocrx_word' id='word_1_40' title='bbox 457 683 544 750; x_wconf 92' lang='lat' dir='ltr'><strong>enim</strong></span> <span class='ocrx_word' id='word_1_41' title='bbox 558 684 628 771; x_wconf 86' lang='lat' dir='ltr'><strong>ejus</strong></span> <span class='ocrx_word' id='word_1_42' title='bbox 639 695 689 749; x_wconf 88' lang='lat' dir='ltr'><strong>est</strong></span> <span class='ocrx_word' id='word_1_43' title='bbox 704 681 803 750; x_wconf 86' lang='lat' dir='ltr'><strong>multa</strong></span> <span class='ocrx_word' id='word_1_44' title='bbox 822 684 1055 760; x_wconf 77' lang='lat' dir='ltr'><strong>misericordia,</strong></span> 
     </span>
     <span class='ocr_line' id='line_1_6' title="bbox 12 791 1062 883; baseline 0.008 -31"><span class='ocrx_word' id='word_1_45' title='bbox 12 792 80 858; x_wconf 74' lang='lat' dir='ltr'><strong>»ita</strong></span> <span class='ocrx_word' id='word_1_46' title='bbox 104 791 209 857; x_wconf 73' lang='lat' dir='ltr'><strong>etiam</strong></span> <span class='ocrx_word' id='word_1_47' title='bbox 237 795 309 881; x_wconf 88' lang='lat' dir='ltr'><strong>ejus</strong></span> <span class='ocrx_word' id='word_1_48' title='bbox 335 791 571 881; x_wconf 79' lang='lat' dir='ltr'><strong>reprehensio².</strong></span> <span class='ocrx_word' id='word_1_49' title='bbox 589 820 603 855; x_wconf 85' lang='grc' dir='ltr'>ι</span> <span class='ocrx_word' id='word_1_50' title='bbox 620 791 795 860; x_wconf 83' lang='lat' dir='ltr'><strong>Pulchrum</strong></span> <span class='ocrx_word' id='word_1_51' title='bbox 819 794 904 860; x_wconf 86' lang='lat' dir='ltr'><strong>enim</strong></span> <span class='ocrx_word' id='word_1_52' title='bbox 928 793 1062 883; x_wconf 86' lang='lat' dir='ltr'><strong>quidem</strong></span> 
     </span>
     <span class='ocr_line' id='line_1_7' title="bbox 15 902 1061 992; baseline 0.001 -24"><span class='ocrx_word' id='word_1_53' title='bbox 15 914 100 968; x_wconf 83' lang='lat' dir='ltr'><strong>certe</strong></span> <span class='ocrx_word' id='word_1_54' title='bbox 118 913 170 967; x_wconf 88' lang='lat' dir='ltr'><strong>est</strong></span> <span class='ocrx_word' id='word_1_55' title='bbox 185 925 258 967; x_wconf 88' lang='lat' dir='ltr'><strong>nou</strong></span> <span class='ocrx_word' id='word_1_56' title='bbox 267 923 429 991; x_wconf 69' lang='lat' dir='ltr'><strong>peccaret</strong></span> <span class='ocrx_word' id='word_1_57' title='bbox 447 904 570 968; x_wconf 90' lang='lat' dir='ltr'><strong>honum</strong></span> <span class='ocrx_word' id='word_1_58' title='bbox 586 913 635 967; x_wconf 90' lang='lat' dir='ltr'><strong>est</strong></span> <span class='ocrx_word' id='word_1_59' title='bbox 649 902 764 973; x_wconf 88' lang='lat' dir='ltr'><strong>etiam.</strong></span> <span class='ocrx_word' id='word_1_60' title='bbox 780 915 817 967; x_wconf 90' lang='lat' dir='ltr'><strong>ut</strong></span> <span class='ocrx_word' id='word_1_61' title='bbox 830 913 863 967; x_wconf 88' lang='lat' dir='ltr'><strong>et</strong></span> <span class='ocrx_word' id='word_1_62' title='bbox 878 903 932 991; x_wconf 90' lang='lat' dir='ltr'><strong>qui</strong></span> <span class='ocrx_word' id='word_1_63' title='bbox 947 915 1061 992; x_wconf 82' lang='lat' dir='ltr'><strong>peccat</strong></span> 
     </span>
     <span class='ocr_line' id='line_1_8' title="bbox 16 1009 1062 1100; baseline 0 -24"><span class='ocrx_word' id='word_1_64' title='bbox 16 1011 152 1076; x_wconf 87' lang='lat' dir='ltr'><strong>ducatur</strong></span> <span class='ocrx_word' id='word_1_65' title='bbox 167 1011 381 1100; x_wconf 69' lang='lat' dir='ltr'><strong>poenitentia:</strong></span> <span class='ocrx_word' id='word_1_66' title='bbox 401 1009 674 1100; x_wconf 75' lang='lat' dir='ltr'><strong>quemadmodum</strong></span> <span class='ocrx_word' id='word_1_67' title='bbox 690 1012 847 1100; x_wconf 89' lang='lat' dir='ltr'><strong>optimum</strong></span> <span class='ocrx_word' id='word_1_68' title='bbox 864 1010 994 1100; x_wconf 87' lang='lat' dir='ltr'><strong>quidem</strong></span> <span class='ocrx_word' id='word_1_69' title='bbox 1014 1023 1062 1077; x_wconf 87' lang='lat' dir='ltr'><strong>est</strong></span> 
     </span>
     <span class='ocr_line' id='line_1_9' title="bbox 19 1123 1063 1211; baseline 0.001 -23"><span class='ocrx_word' id='word_1_70' title='bbox 19 1145 141 1211; x_wconf 82' lang='lat' dir='ltr'><strong>semper</strong></span> <span class='ocrx_word' id='word_1_71' title='bbox 155 1146 233 1188; x_wconf 84' lang='lat' dir='ltr'><strong>esse</strong></span> <span class='ocrx_word' id='word_1_72' title='bbox 245 1145 360 1188; x_wconf 78' lang='lat' dir='ltr'><strong>sanum</strong></span> <span class='ocrx_word' id='word_1_73' title='bbox 370 1147 379 1195; x_wconf 81' lang='lat'>3</span> <span class='ocrx_word' id='word_1_74' title='bbox 390 1123 512 1189; x_wconf 89' lang='lat' dir='ltr'><strong>honum</strong></span> <span class='ocrx_word' id='word_1_75' title='bbox 527 1135 635 1186; x_wconf 84' lang='lat' dir='ltr'><strong>autem</strong></span> <span class='ocrx_word' id='word_1_76' title='bbox 650 1133 699 1187; x_wconf 88' lang='lat' dir='ltr'><strong>est</strong></span> <span class='ocrx_word' id='word_1_77' title='bbox 714 1123 842 1187; x_wconf 84' lang='lat' dir='ltr'><strong>etiamn</strong></span> <span class='ocrx_word' id='word_1_78' title='bbox 859 1124 972 1187; x_wconf 91' lang='lat' dir='ltr'><strong>morbo</strong></span> <span class='ocrx_word' id='word_1_79' title='bbox 986 1143 1063 1189; x_wconf 87' lang='lat' dir='ltr'><strong>eon-</strong></span> 
     </span>
     <span class='ocr_line' id='line_1_10' title="bbox 21 1229 1061 1322; baseline 0 -24"><span class='ocrx_word' id='word_1_80' title='bbox 21 1229 188 1298; x_wconf 78' lang='lat' dir='ltr'><strong>mlercere.</strong></span> <span class='ocrx_word' id='word_1_81' title='bbox 199 1233 275 1297; x_wconf 81' lang='lat' dir='ltr'><strong>Hac</strong></span> <span class='ocrx_word' id='word_1_82' title='bbox 285 1232 383 1298; x_wconf 83' lang='lat' dir='ltr'><strong>etiam</strong></span> <span class='ocrx_word' id='word_1_83' title='bbox 395 1232 517 1297; x_wconf 87' lang='lat' dir='ltr'><strong>ratione</strong></span> <span class='ocrx_word' id='word_1_84' title='bbox 523 1253 586 1319; x_wconf 86' lang='lat' dir='ltr'><strong>per</strong></span> <span class='ocrx_word' id='word_1_85' title='bbox 597 1229 802 1298; x_wconf 73' lang='lat' dir='ltr'><strong>Salomonem</strong></span> <span class='ocrx_word' id='word_1_86' title='bbox 814 1231 974 1322; x_wconf 85' lang='lat' dir='ltr'><strong>praecipit:</strong></span> <span class='ocrx_word' id='word_1_87' title='bbox 989 1231 1061 1298; x_wconf 80' lang='lat' dir='ltr'><strong>«Tu</strong></span> 
     </span>
     <span class='ocr_line' id='line_1_11' title="bbox 23 1337 1060 1429; baseline 0.003 -25"><span class='ocrx_word' id='word_1_88' title='bbox 23 1341 178 1428; x_wconf 61' lang='lat' dir='ltr'><strong>aprilem</strong></span> <span class='ocrx_word' id='word_1_89' title='bbox 194 1341 288 1429; x_wconf 78' lang='lat' dir='ltr'><strong>virga</strong></span> <span class='ocrx_word' id='word_1_90' title='bbox 304 1351 436 1429; x_wconf 83' lang='lat' dir='ltr'><strong>percute</strong></span> <span class='ocrx_word' id='word_1_91' title='bbox 450 1337 553 1404; x_wconf 88' lang='lat' dir='ltr'><strong>filium</strong></span> <span class='ocrx_word' id='word_1_92' title='bbox 577 1353 681 1418; x_wconf 91' lang='lat' dir='ltr'><strong>tuum,</strong></span> <span class='ocrx_word' id='word_1_93' title='bbox 704 1341 842 1407; x_wconf 82' lang='lat' dir='ltr'><strong>animem</strong></span> <span class='ocrx_word' id='word_1_94' title='bbox 868 1354 974 1408; x_wconf 88' lang='lat' dir='ltr'><strong>nutem</strong></span> <span class='ocrx_word' id='word_1_95' title='bbox 991 1343 1060 1429; x_wconf 86' lang='lat' dir='ltr'><strong>ejus</strong></span> 
     </span>
     <span class='ocr_line' id='line_1_12' title="bbox 26 1448 1060 1540; baseline 0.001 -25"><span class='ocrx_word' id='word_1_96' title='bbox 26 1463 186 1516; x_wconf 76' lang='lat' dir='ltr'><strong>ramorte</strong></span> <span class='ocrx_word' id='word_1_97' title='bbox 208 1448 346 1518; x_wconf 82' lang='lat' dir='ltr'><strong>lihera⁸.</strong></span> <span class='ocrx_word' id='word_1_98' title='bbox 367 1477 380 1514; x_wconf 87' lang='grc' dir='ltr'>ι</span> <span class='ocrx_word' id='word_1_99' title='bbox 400 1449 440 1514; x_wconf 82' lang='lat' dir='ltr'><strong>Et</strong></span> <span class='ocrx_word' id='word_1_100' title='bbox 458 1473 594 1515; x_wconf 79' lang='lat' dir='ltr'><strong>rursus:</strong></span> <span class='ocrx_word' id='word_1_101' title='bbox 616 1450 688 1516; x_wconf 78' lang='lat' dir='ltr'><strong>«Ne</strong></span> <span class='ocrx_word' id='word_1_102' title='bbox 702 1451 883 1540; x_wconf 73' lang='lat' dir='ltr'><strong>peperceris</strong></span> <span class='ocrx_word' id='word_1_103' title='bbox 906 1453 1060 1540; x_wconf 82' lang='lat' dir='ltr'><strong>castigare</strong></span> 
     </span>
     <span class='ocr_line' id='line_1_13' title="bbox 27 1561 1063 1651; baseline 0.004 -28"><span class='ocrx_word' id='word_1_104' title='bbox 27 1585 206 1650; x_wconf 71' lang='lat' dir='ltr'><strong>spuerum3</strong></span> <span class='ocrx_word' id='word_1_105' title='bbox 234 1561 324 1651; x_wconf 80' lang='lat' dir='ltr'><strong>virga</strong></span> <span class='ocrx_word' id='word_1_106' title='bbox 346 1574 453 1628; x_wconf 80' lang='lat' dir='ltr'><strong>autem</strong></span> <span class='ocrx_word' id='word_1_107' title='bbox 470 1562 576 1650; x_wconf 86' lang='lat' dir='ltr'><strong>ipsum</strong></span> <span class='ocrx_word' id='word_1_108' title='bbox 593 1563 734 1651; x_wconf 80' lang='lat' dir='ltr'><strong>corrige:</strong></span> <span class='ocrx_word' id='word_1_109' title='bbox 759 1563 926 1628; x_wconf 89' lang='lat' dir='ltr'><strong>nonenim</strong></span> <span class='ocrx_word' id='word_1_110' title='bbox 945 1564 1063 1628; x_wconf 88' lang='lat' dir='ltr'><strong>morie-</strong></span> 
     </span>
     <span class='ocr_line' id='line_1_14' title="bbox 30 1669 1065 1760; baseline -0.003 -22"><span class='ocrx_word' id='word_1_111' title='bbox 30 1671 159 1738; x_wconf 76' lang='lat' dir='ltr'><strong>rtur‘.=</strong></span> <span class='ocrx_word' id='word_1_112' title='bbox 176 1671 400 1760; x_wconf 81' lang='lat' dir='ltr'><strong>Reprehensio</strong></span> <span class='ocrx_word' id='word_1_113' title='bbox 419 1671 505 1738; x_wconf 81' lang='lat' dir='ltr'><strong>enim</strong></span> <span class='ocrx_word' id='word_1_114' title='bbox 527 1683 560 1736; x_wconf 88' lang='lat' dir='ltr'><strong>et</strong></span> <span class='ocrx_word' id='word_1_115' title='bbox 577 1669 765 1759; x_wconf 79' lang='lat' dir='ltr'><strong>increpatio,</strong></span> <span class='ocrx_word' id='word_1_116' title='bbox 786 1672 868 1736; x_wconf 89' lang='lat' dir='ltr'><strong>sicut</strong></span> <span class='ocrx_word' id='word_1_117' title='bbox 890 1669 939 1735; x_wconf 82' lang='lat' dir='ltr'><strong>vel</strong></span> <span class='ocrx_word' id='word_1_118' title='bbox 961 1672 1065 1759; x_wconf 90' lang='lat' dir='ltr'><strong>ipsum</strong></span> 
     </span>
     <span class='ocr_line' id='line_1_15' title="bbox 33 1779 1068 1873; baseline 0 -27"><span class='ocrx_word' id='word_1_119' title='bbox 33 1781 177 1848; x_wconf 72' lang='lat' dir='ltr'><strong>Graecum</strong></span> <span class='ocrx_word' id='word_1_120' title='bbox 192 1803 316 1848; x_wconf 84' lang='lat' dir='ltr'><strong>nemen</strong></span> <span class='ocrx_word' id='word_1_121' title='bbox 330 1779 498 1871; x_wconf 72' lang='lat' dir='ltr'><strong>significat,</strong></span> <span class='ocrx_word' id='word_1_122' title='bbox 517 1793 591 1846; x_wconf 91' lang='lat' dir='ltr'><strong>sunt</strong></span> <span class='ocrx_word' id='word_1_123' title='bbox 606 1780 663 1870; x_wconf 88' lang='lat' dir='ltr'><strong>ipsi</strong></span> <span class='ocrx_word' id='word_1_124' title='bbox 679 1781 761 1846; x_wconf 83' lang='lat' dir='ltr'><strong>ictus</strong></span> <span class='ocrx_word' id='word_1_125' title='bbox 780 1781 905 1855; x_wconf 80' lang='lat' dir='ltr'><strong>animae,</strong></span> <span class='ocrx_word' id='word_1_126' title='bbox 924 1781 979 1869; x_wconf 84' lang='lat' dir='ltr'><strong>qui</strong></span> <span class='ocrx_word' id='word_1_127' title='bbox 995 1803 1068 1873; x_wconf 85' lang='lat' dir='ltr'><strong>pec·</strong></span> 
     </span>
     <span class='ocr_line' id='line_1_16' title="bbox 35 1890 1068 1981; baseline -0.002 -23"><span class='ocrx_word' id='word_1_128' title='bbox 35 1903 103 1958; x_wconf 77' lang='lat' dir='ltr'><strong>outa</strong></span> <span class='ocrx_word' id='word_1_129' title='bbox 121 1893 298 1981; x_wconf 71' lang='lat' dir='ltr'><strong>mstigant,</strong></span> <span class='ocrx_word' id='word_1_130' title='bbox 316 1903 349 1956; x_wconf 87' lang='lat' dir='ltr'><strong>et</strong></span> <span class='ocrx_word' id='word_1_131' title='bbox 376 1902 513 1956; x_wconf 89' lang='lat' dir='ltr'><strong>mortem</strong></span> <span class='ocrx_word' id='word_1_132' title='bbox 535 1890 705 1980; x_wconf 85' lang='lat' dir='ltr'><strong>prohibent</strong></span> <span class='ocrx_word' id='word_1_133' title='bbox 725 1891 792 1956; x_wconf 83' lang='lat' dir='ltr'><strong>:ad</strong></span> <span class='ocrx_word' id='word_1_134' title='bbox 814 1891 1068 1956; x_wconf 83' lang='lat' dir='ltr'><strong>moderationem</strong></span> 
     </span>
     <span class='ocr_line' id='line_1_17' title="bbox 40 2002 1069 2092; baseline 0.003 -27"><span class='ocrx_word' id='word_1_135' title='bbox 40 2014 143 2067; x_wconf 82' lang='lat' dir='ltr'><strong>antem</strong></span> <span class='ocrx_word' id='word_1_136' title='bbox 156 2015 190 2067; x_wconf 85' lang='lat' dir='ltr'><strong>ot</strong></span> <span class='ocrx_word' id='word_1_137' title='bbox 201 2004 448 2092; x_wconf 80' lang='lat' dir='ltr'><strong>temperantiam</strong></span> <span class='ocrx_word' id='word_1_138' title='bbox 464 2002 629 2068; x_wconf 90' lang='lat' dir='ltr'><strong>deducunt</strong></span> <span class='ocrx_word' id='word_1_139' title='bbox 646 2025 701 2068; x_wconf 89' lang='lat' dir='ltr'><strong>eos</strong></span> <span class='ocrx_word' id='word_1_140' title='bbox 718 2004 771 2090; x_wconf 87' lang='lat' dir='ltr'><strong>qui</strong></span> <span class='ocrx_word' id='word_1_141' title='bbox 789 2003 934 2068; x_wconf 78' lang='lat' dir='ltr'><strong>seruntur</strong></span> <span class='ocrx_word' id='word_1_142' title='bbox 954 2003 994 2068; x_wconf 82' lang='lat' dir='ltr'><strong>ad</strong></span> <span class='ocrx_word' id='word_1_143' title='bbox 1016 2003 1069 2068; x_wconf 90' lang='lat' dir='ltr'><strong>in-</strong></span> 
     </span>
     <span class='ocr_line' id='line_1_18' title="bbox 43 2109 1070 2201; baseline 0.001 -25"><span class='ocrx_word' id='word_1_144' title='bbox 43 2115 290 2201; x_wconf 77' lang='lat' dir='ltr'><strong>temperantiam.</strong></span> <span class='ocrx_word' id='word_1_145' title='bbox 306 2113 374 2179; x_wconf 84' lang='lat' dir='ltr'><strong>line</strong></span> <span class='ocrx_word' id='word_1_146' title='bbox 386 2112 515 2201; x_wconf 87' lang='lat' dir='ltr'><strong>quidem</strong></span> <span class='ocrx_word' id='word_1_147' title='bbox 532 2123 620 2180; x_wconf 84' lang='lat' dir='ltr'><strong>certe</strong></span> <span class='ocrx_word' id='word_1_148' title='bbox 635 2113 758 2176; x_wconf 83' lang='lat' dir='ltr'><strong>ratione</strong></span> <span class='ocrx_word' id='word_1_149' title='bbox 768 2109 869 2187; x_wconf 85' lang='lat' dir='ltr'><strong>Plato,</strong></span> <span class='ocrx_word' id='word_1_150' title='bbox 887 2135 962 2177; x_wconf 90' lang='lat' dir='ltr'><strong>cum</strong></span> <span class='ocrx_word' id='word_1_151' title='bbox 974 2113 1070 2179; x_wconf 89' lang='lat' dir='ltr'><strong>sciret</strong></span> 
     </span>
     <span class='ocr_line' id='line_1_19' title="bbox 43 2211 1072 2314; baseline 0.002 -31"><span class='ocrx_word' id='word_1_152' title='bbox 43 2217 76 2284; x_wconf 91' lang='lat' dir='ltr'><strong>in</strong></span> <span class='ocrx_word' id='word_1_153' title='bbox 92 2220 333 2308; x_wconf 74' lang='lat' dir='ltr'><strong>reprehensione</strong></span> <span class='ocrx_word' id='word_1_154' title='bbox 350 2219 504 2288; x_wconf 78' lang='lat' dir='ltr'><strong>maximas</strong></span> <span class='ocrx_word' id='word_1_155' title='bbox 521 2211 591 2285; x_wconf 82' lang='lat' dir='ltr'><strong>osse</strong></span> <span class='ocrx_word' id='word_1_156' title='bbox 610 2219 691 2314; x_wconf 73' lang='lat' dir='ltr'><strong>vires</strong></span> <span class='ocrx_word' id='word_1_157' title='bbox 711 2219 929 2296; x_wconf 82' lang='lat' dir='ltr'><strong>correctionis,</strong></span> <span class='ocrx_word' id='word_1_158' title='bbox 945 2232 977 2285; x_wconf 85' lang='lat' dir='ltr'><strong>et</strong></span> <span class='ocrx_word' id='word_1_159' title='bbox 994 2243 1072 2309; x_wconf 78' lang='lat' dir='ltr'><strong>prae-</strong></span> 
     </span>
     <span class='ocr_line' id='line_1_20' title="bbox 44 2327 1071 2419; baseline 0.001 -26"><span class='ocrx_word' id='word_1_160' title='bbox 44 2330 167 2417; x_wconf 81' lang='lat' dir='ltr'><strong>eipmm</strong></span> <span class='ocrx_word' id='word_1_161' title='bbox 185 2331 427 2419; x_wconf 67' lang='lat' dir='ltr'><strong>purgationem,</strong></span> <span class='ocrx_word' id='word_1_162' title='bbox 451 2331 678 2396; x_wconf 75' lang='lat' dir='ltr'><strong>convenienter</strong></span> <span class='ocrx_word' id='word_1_163' title='bbox 700 2329 728 2393; x_wconf 93' lang='lat' dir='ltr'><strong>ei</strong></span> <span class='ocrx_word' id='word_1_164' title='bbox 752 2327 839 2416; x_wconf 88' lang='lat' dir='ltr'><strong>quod</strong></span> <span class='ocrx_word' id='word_1_165' title='bbox 864 2329 986 2396; x_wconf 84' lang='lat' dir='ltr'><strong>dictum</strong></span> <span class='ocrx_word' id='word_1_166' title='bbox 1010 2342 1071 2408; x_wconf 85' lang='lat' dir='ltr'><strong>est,</strong></span> 
     </span>
     <span class='ocr_line' id='line_1_21' title="bbox 50 2437 1072 2532; baseline 0 -26"><span class='ocrx_word' id='word_1_167' title='bbox 50 2461 146 2506; x_wconf 70' lang='lat' dir='ltr'><strong>tcum</strong></span> <span class='ocrx_word' id='word_1_168' title='bbox 159 2441 217 2528; x_wconf 79' lang='lat' dir='ltr'><strong>qni</strong></span> <span class='ocrx_word' id='word_1_169' title='bbox 233 2451 283 2504; x_wconf 78' lang='lat' dir='ltr'><strong>est</strong></span> <span class='ocrx_word' id='word_1_170' title='bbox 296 2441 433 2506; x_wconf 81' lang='lat' dir='ltr'><strong>maxime</strong></span> <span class='ocrx_word' id='word_1_171' title='bbox 444 2439 588 2529; x_wconf 84' lang='lat' dir='ltr'><strong>impurus</strong></span> <span class='ocrx_word' id='word_1_172' title='bbox 604 2437 672 2505; x_wconf 86' lang='lat' dir='ltr'><strong>vult</strong></span> <span class='ocrx_word' id='word_1_173' title='bbox 687 2439 883 2505; x_wconf 87' lang='lat' dir='ltr'><strong>ineruditum</strong></span> <span class='ocrx_word' id='word_1_174' title='bbox 898 2451 930 2504; x_wconf 89' lang='lat' dir='ltr'><strong>et</strong></span> <span class='ocrx_word' id='word_1_175' title='bbox 945 2451 1072 2532; x_wconf 89' lang='lat' dir='ltr'><strong>turpem</strong></span> 
     </span>
     <span class='ocr_line' id='line_1_22' title="bbox 42 2551 1075 2640; baseline 0.006 -30"><span class='ocrx_word' id='word_1_176' title='bbox 42 2551 214 2625; x_wconf 64' lang='lat' dir='ltr'><strong>seruisse,</strong></span> <span class='ocrx_word' id='word_1_177' title='bbox 230 2562 397 2640; x_wconf 85' lang='lat' dir='ltr'><strong>propterea</strong></span> <span class='ocrx_word' id='word_1_178' title='bbox 410 2551 497 2638; x_wconf 85' lang='lat' dir='ltr'><strong>quod</strong></span> <span class='ocrx_word' id='word_1_179' title='bbox 508 2551 698 2640; x_wconf 87' lang='lat' dir='ltr'><strong>reprehendi</strong></span> <span class='ocrx_word' id='word_1_180' title='bbox 711 2573 776 2616; x_wconf 94' lang='lat' dir='ltr'><strong>non</strong></span> <span class='ocrx_word' id='word_1_181' title='bbox 787 2561 912 2640; x_wconf 84' lang='lat' dir='ltr'><strong>posset:</strong></span> <span class='ocrx_word' id='word_1_182' title='bbox 924 2551 1075 2639; x_wconf 86' lang='lat' dir='ltr'><strong>quemad·</strong></span> 
     </span>
     <span class='ocr_line' id='line_1_23' title="bbox 42 2647 1077 2748; baseline -0.001 -20"><span class='ocrx_word' id='word_1_183' title='bbox 42 2660 201 2728; x_wconf 76' lang='lat' dir='ltr'><strong>amodum</strong></span> <span class='ocrx_word' id='word_1_184' title='bbox 224 2659 431 2748; x_wconf 82' lang='lat' dir='ltr'><strong>purissimum</strong></span> <span class='ocrx_word' id='word_1_185' title='bbox 448 2672 482 2723; x_wconf 90' lang='lat' dir='ltr'><strong>et</strong></span> <span class='ocrx_word' id='word_1_186' title='bbox 502 2647 756 2748; x_wconf 84' lang='lat' dir='ltr'><strong>pulcherrimum</strong></span> <span class='ocrx_word' id='word_1_187' title='bbox 779 2681 853 2724; x_wconf 88' lang='lat' dir='ltr'><strong>eum</strong></span> <span class='ocrx_word' id='word_1_188' title='bbox 875 2683 942 2726; x_wconf 88' lang='lat' dir='ltr'><strong>esse</strong></span> <span class='ocrx_word' id='word_1_189' title='bbox 964 2685 1077 2727; x_wconf 86' lang='lat' dir='ltr'><strong>conve-</strong></span> 
     </span>
     <span class='ocr_line' id='line_1_24' title="bbox 44 2768 1179 2863; baseline 0.006 -31"><span class='ocrx_word' id='word_1_190' title='bbox 44 2771 174 2838; x_wconf 79' lang='lat' dir='ltr'><strong>rniehat</strong></span> <span class='ocrx_word' id='word_1_191' title='bbox 199 2770 259 2858; x_wconf 80' lang='lat' dir='ltr'><strong>qni</strong></span> <span class='ocrx_word' id='word_1_192' title='bbox 278 2768 403 2835; x_wconf 83' lang='lat' dir='ltr'><strong>futurus</strong></span> <span class='ocrx_word' id='word_1_193' title='bbox 421 2779 504 2834; x_wconf 81' lang='lat' dir='ltr'><strong>osset</strong></span> <span class='ocrx_word' id='word_1_194' title='bbox 521 2770 645 2835; x_wconf 85' lang='lat' dir='ltr'><strong>heatus.</strong></span> <span class='ocrx_word' id='word_1_195' title='bbox 666 2798 679 2832; x_wconf 86' lang='grc' dir='ltr'>ι</span> <span class='ocrx_word' id='word_1_196' title='bbox 702 2769 837 2835; x_wconf 82' lang='lat' dir='ltr'><strong>sienim</strong></span> <span class='ocrx_word' id='word_1_197' title='bbox 859 2771 1077 2863; x_wconf 77' lang='lat' dir='ltr'><strong>magistratus</strong></span> <span class='ocrx_word' id='word_1_198' title='bbox 1175 2825 1179 2830; x_wconf 85' lang='lat'><em>.</em></span> 
     </span>
     <span class='ocr_line' id='line_1_25' title="bbox 48 2879 1076 2968; baseline -0.001 -22"><span class='ocrx_word' id='word_1_199' title='bbox 48 2903 109 2946; x_wconf 82' lang='lat' dir='ltr'><strong>non</strong></span> <span class='ocrx_word' id='word_1_200' title='bbox 124 2895 207 2946; x_wconf 76' lang='lat' dir='ltr'><strong>aaut</strong></span> <span class='ocrx_word' id='word_1_201' title='bbox 225 2879 341 2944; x_wconf 67' lang='lat' dir='ltr'><strong>amori</strong></span> <span class='ocrx_word' id='word_1_202' title='bbox 359 2879 443 2944; x_wconf 68' lang='lat' dir='ltr'><strong>tono</strong></span> <span class='ocrx_word' id='word_1_203' title='bbox 463 2879 554 2967; x_wconf 77' lang='lat' dir='ltr'><strong>operi</strong></span> <span class='ocrx_word' id='word_1_204' title='bbox 563 2879 587 2954; x_wconf 77' lang='lat'><strong>⁶,</strong></span> <span class='ocrx_word' id='word_1_205' title='bbox 601 2879 763 2968; x_wconf 92' lang='lat' dir='ltr'><strong>quomodo</strong></span> <span class='ocrx_word' id='word_1_206' title='bbox 778 2879 832 2967; x_wconf 90' lang='lat' dir='ltr'><strong>qui</strong></span> <span class='ocrx_word' id='word_1_207' title='bbox 843 2893 955 2946; x_wconf 87' lang='lat' dir='ltr'><strong>natura</strong></span> <span class='ocrx_word' id='word_1_208' title='bbox 971 2884 1076 2948; x_wconf 88' lang='lat' dir='ltr'><strong>honus</strong></span> 
     </span>
     <span class='ocr_line' id='line_1_26' title="bbox 50 2987 1078 3078; baseline 0.003 -24"><span class='ocrx_word' id='word_1_209' title='bbox 50 3001 97 3054; x_wconf 80' lang='lat' dir='ltr'><strong>est</strong></span> <span class='ocrx_word' id='word_1_210' title='bbox 115 2989 201 3056; x_wconf 81' lang='lat' dir='ltr'><strong>Dens</strong></span> <span class='ocrx_word' id='word_1_211' title='bbox 221 2988 252 3054; x_wconf 87' lang='lat' dir='ltr'><strong>ei</strong></span> <span class='ocrx_word' id='word_1_212' title='bbox 267 3013 320 3078; x_wconf 83' lang='lat' dir='ltr'><strong>qur</strong></span> <span class='ocrx_word' id='word_1_213' title='bbox 337 3011 402 3054; x_wconf 92' lang='lat' dir='ltr'><strong>non</strong></span> <span class='ocrx_word' id='word_1_214' title='bbox 418 2999 530 3078; x_wconf 83' lang='lat' dir='ltr'><strong>peccat</strong></span> <span class='ocrx_word' id='word_1_215' title='bbox 546 2987 607 3053; x_wconf 86' lang='lat' dir='ltr'><strong>erit</strong></span> <span class='ocrx_word' id='word_1_216' title='bbox 619 2988 749 3065; x_wconf 74' lang='lat' dir='ltr'><strong>timor-ii</strong></span> <span class='ocrx_word' id='word_1_217' title='bbox 765 2989 819 3056; x_wconf 81' lang='lat' dir='ltr'><strong>«Si</strong></span> <span class='ocrx_word' id='word_1_218' title='bbox 835 3005 941 3057; x_wconf 90' lang='lat' dir='ltr'><strong>autem</strong></span> <span class='ocrx_word' id='word_1_219' title='bbox 957 2989 1078 3057; x_wconf 88' lang='lat' dir='ltr'><strong>malum</strong></span> 
     </span>
    </p>
   </div>
   <div class='ocr_carea' id='block_1_3' title="bbox 49 3097 1198 3189">
    <p class='ocr_par' dir='ltr' id='par_1_3' title="bbox 49 3097 1198 3189">
     <span class='ocr_line' id='line_1_27' title="bbox 49 3097 1198 3189; baseline 0.003 -25"><span class='ocrx_word' id='word_1_220' title='bbox 49 3099 176 3180; x_wconf 72' lang='lat' dir='ltr'><strong>rhein,</strong></span> <span class='ocrx_word' id='word_1_221' title='bbox 196 3099 279 3165; x_wconf 82' lang='lat' dir='ltr'><strong>time</strong></span> <span class='ocrx_word' id='word_1_222' title='bbox 293 3129 328 3176; x_wconf 81' lang='grc' dir='ltr'><strong>,ι</strong></span> <span class='ocrx_word' id='word_1_223' title='bbox 349 3111 384 3164; x_wconf 93' lang='lat' dir='ltr'><strong>ut</strong></span> <span class='ocrx_word' id='word_1_224' title='bbox 406 3099 483 3165; x_wconf 85' lang='lat' dir='ltr'><strong>dicit</strong></span> <span class='ocrx_word' id='word_1_225' title='bbox 509 3097 688 3188; x_wconf 76' lang='lat' dir='ltr'><strong>Apostolus.</strong></span> <span class='ocrx_word' id='word_1_226' title='bbox 710 3102 750 3165; x_wconf 85' lang='lat' dir='ltr'><strong>Et</strong></span> <span class='ocrx_word' id='word_1_227' title='bbox 767 3101 839 3166; x_wconf 91' lang='lat' dir='ltr'><strong>ideo</strong></span> <span class='ocrx_word' id='word_1_228' title='bbox 862 3103 929 3189; x_wconf 86' lang='lat' dir='ltr'><strong>ipse</strong></span> <span class='ocrx_word' id='word_1_229' title='bbox 951 3121 1079 3189; x_wconf 88' lang='lat' dir='ltr'><strong>quoque</strong></span> <span class='ocrx_word' id='word_1_230' title='bbox 1193 3149 1198 3158; x_wconf 83' lang='lat'>.</span> 
     </span>
    </p>
   </div>
   <div class='ocr_carea' id='block_1_4' title="bbox 48 3205 1084 3626">
    <p class='ocr_par' dir='ltr' id='par_1_4' title="bbox 48 3205 1084 3626">
     <span class='ocr_line' id='line_1_28' title="bbox 48 3205 1081 3299; baseline -0.002 -23"><span class='ocrx_word' id='word_1_231' title='bbox 48 3209 219 3298; x_wconf 69' lang='lat' dir='ltr'><strong>Apostolus</strong></span> <span class='ocrx_word' id='word_1_232' title='bbox 242 3209 284 3274; x_wconf 82' lang='lat' dir='ltr'><strong>ud</strong></span> <span class='ocrx_word' id='word_1_233' title='bbox 312 3207 550 3274; x_wconf 82' lang='lat' dir='ltr'><strong>similitudinem</strong></span> <span class='ocrx_word' id='word_1_234' title='bbox 576 3207 704 3274; x_wconf 88' lang='lat' dir='ltr'><strong>Domini</strong></span> <span class='ocrx_word' id='word_1_235' title='bbox 735 3207 892 3299; x_wconf 83' lang='lat' dir='ltr'><strong>sigillatim</strong></span> <span class='ocrx_word' id='word_1_236' title='bbox 924 3205 1081 3274; x_wconf 86' lang='lat' dir='ltr'><strong>Ecclesias</strong></span> 
     </span>
     <span class='ocr_line' id='line_1_29' title="bbox 50 3313 1083 3406; baseline -0.004 -22"><span class='ocrx_word' id='word_1_237' title='bbox 50 3319 223 3406; x_wconf 74' lang='lat' dir='ltr'><strong>peneriter</strong></span> <span class='ocrx_word' id='word_1_238' title='bbox 236 3319 386 3384; x_wconf 80' lang='lat' dir='ltr'><strong>incessit:</strong></span> <span class='ocrx_word' id='word_1_239' title='bbox 400 3318 668 3383; x_wconf 80' lang='lat' dir='ltr'><strong>etsuaeconscius</strong></span> <span class='ocrx_word' id='word_1_240' title='bbox 682 3316 850 3392; x_wconf 82' lang='lat' dir='ltr'><strong>libertatis,</strong></span> <span class='ocrx_word' id='word_1_241' title='bbox 869 3313 1083 3383; x_wconf 87' lang='lat' dir='ltr'><strong>etimhecilli-</strong></span> 
     </span>
     <span class='ocr_line' id='line_1_30' title="bbox 51 3425 1082 3517; baseline -0.001 -23"><span class='ocrx_word' id='word_1_242' title='bbox 51 3429 121 3494; x_wconf 75' lang='lat' dir='ltr'><strong>tatis</strong></span> <span class='ocrx_word' id='word_1_243' title='bbox 134 3451 251 3496; x_wconf 84' lang='lat' dir='ltr'><strong>eorum</strong></span> <span class='ocrx_word' id='word_1_244' title='bbox 265 3451 319 3517; x_wconf 82' lang='lat' dir='ltr'><strong>qur</strong></span> <span class='ocrx_word' id='word_1_245' title='bbox 310 3427 524 3503; x_wconf 61' lang='lat' dir='ltr'><strong>&#39;audiebant</strong></span> <span class='ocrx_word' id='word_1_246' title='bbox 535 3425 656 3493; x_wconf 86' lang='lat' dir='ltr'><strong>Galatis</strong></span> <span class='ocrx_word' id='word_1_247' title='bbox 672 3427 768 3494; x_wconf 89' lang='lat' dir='ltr'><strong>dicit·</strong></span> <span class='ocrx_word' id='word_1_248' title='bbox 786 3426 963 3492; x_wconf 76' lang='lat' dir='ltr'><strong>«immicus</strong></span> <span class='ocrx_word' id='word_1_249' title='bbox 980 3425 1082 3493; x_wconf 82' lang='lat' dir='ltr'><strong>factus</strong></span> 
     </span>
     <span class='ocr_line' id='line_1_31' title="bbox 53 3537 1084 3626; baseline 0.001 -22"><span class='ocrx_word' id='word_1_250' title='bbox 53 3563 163 3615; x_wconf 79' lang='grc' dir='ltr'>ιιιιιιι,</span> <span class='ocrx_word' id='word_1_251' title='bbox 175 3561 249 3605; x_wconf 78' lang='lat' dir='ltr'><strong>vera</strong></span> <span class='ocrx_word' id='word_1_252' title='bbox 263 3539 351 3606; x_wconf 79' lang='lat' dir='ltr'><strong>vohis</strong></span> <span class='ocrx_word' id='word_1_253' title='bbox 363 3537 488 3604; x_wconf 80' lang='lat' dir='ltr'><strong>dicens</strong></span> <span class='ocrx_word' id='word_1_254' title='bbox 492 3537 816 3618; x_wconf 75' lang='lat' dir='ltr'><strong>t»Quemadm0dum</strong></span> <span class='ocrx_word' id='word_1_255' title='bbox 835 3549 940 3602; x_wconf 85' lang='lat' dir='ltr'><strong>eutem</strong></span> <span class='ocrx_word' id='word_1_256' title='bbox 952 3563 1005 3626; x_wconf 84' lang='lat' dir='ltr'><strong>qur</strong></span> <span class='ocrx_word' id='word_1_257' title='bbox 1017 3561 1084 3605; x_wconf 71' lang='lat' dir='ltr'><strong>sant</strong></span> 
     </span>
    </p>
   </div>
   <div class='ocr_carea' id='block_1_5' title="bbox 57 3701 1082 3839">
    <p class='ocr_par' dir='ltr' id='par_1_5' title="bbox 87 3701 1082 3839">
     <span class='ocr_line' id='line_1_32' title="bbox 94 3701 1082 3767; baseline 0.002 -14"><span class='ocrx_word' id='word_1_258' title='bbox 94 3703 196 3754; x_wconf 70' lang='lat' dir='ltr'><strong>¹Eccli.</strong></span> <span class='ocrx_word' id='word_1_259' title='bbox 207 3720 281 3763; x_wconf 80' lang='lat' dir='ltr'><strong>mu,</strong></span> <span class='ocrx_word' id='word_1_260' title='bbox 295 3703 333 3764; x_wconf 71' lang='lat' dir='ltr'><strong>rh,</strong></span> <span class='ocrx_word' id='word_1_261' title='bbox 349 3702 386 3762; x_wconf 72' lang='lat' dir='ltr'><strong>rt.</strong></span> <span class='ocrx_word' id='word_1_262' title='bbox 398 3701 500 3752; x_wconf 91' lang='lat' dir='ltr'><strong>-.²ld</strong></span> <span class='ocrx_word' id='word_1_263' title='bbox 512 3719 563 3767; x_wconf 82' lang='grc' dir='ltr'>ιιι,</span> <span class='ocrx_word' id='word_1_264' title='bbox 578 3703 756 3754; x_wconf 78' lang='lat' dir='ltr'><strong>12.-⁸Pror.</strong></span> <span class='ocrx_word' id='word_1_265' title='bbox 767 3714 839 3764; x_wconf 76' lang='lat' dir='ltr'><strong>rtur,</strong></span> <span class='ocrx_word' id='word_1_266' title='bbox 856 3701 1031 3762; x_wconf 67' lang='lat' dir='ltr'><strong>rd-llhid</strong></span> <span class='ocrx_word' id='word_1_267' title='bbox 1047 3708 1082 3755; x_wconf 69' lang='grc' dir='ltr'><strong>ιδ.</strong></span> 
     </span>
     <span class='ocr_line' id='line_1_33' title="bbox 57 3775 540 3839; baseline 0 -11"><span class='ocrx_word' id='word_1_268' title='bbox 57 3775 185 3828; x_wconf 69' lang='lat' dir='ltr'><strong>‘Rom</strong></span> <span class='ocrx_word' id='word_1_269' title='bbox 196 3796 251 3839; x_wconf 77' lang='grc' dir='ltr'>ιιιι,</span> <span class='ocrx_word' id='word_1_270' title='bbox 264 3777 442 3839; x_wconf 69' lang='lat' dir='ltr'><strong>l,l.-¹G=l·</strong></span> <span class='ocrx_word' id='word_1_271' title='bbox 455 3793 491 3838; x_wconf 83' lang='lat' dir='ltr'><strong>rr,</strong></span> <span class='ocrx_word' id='word_1_272' title='bbox 505 3777 540 3828; x_wconf 78' lang='grc'><strong>16.</strong></span> 
     </span>
    </p>
   </div>
   <div class='ocr_carea' id='block_1_6' title="bbox 147 3867 911 3930">
    <p class='ocr_par' dir='ltr' id='par_1_6' title="bbox 147 3867 911 3930">
     <span class='ocr_line' id='line_1_34' title="bbox 147 3867 911 3930; baseline 0.003 -3"><span class='ocrx_word' id='word_1_273' title='bbox 147 3885 194 3928; x_wconf 89' lang='grc' dir='ltr'>ιιι.</span> <span class='ocrx_word' id='word_1_274' title='bbox 662 3905 665 3918; x_wconf 85' lang='lat'>·</span> <span class='ocrx_word' id='word_1_275' title='bbox 741 3879 775 3889; x_wconf 89' lang='grc'><strong>’“</strong></span> <span class='ocrx_word' id='word_1_276' title='bbox 844 3867 911 3930; x_wconf 86' lang='grc' dir='ltr'><strong>’“ι8</strong></span> 
     </span>
    </p>
   </div>
   <div class='ocr_carea' id='block_1_7' title="bbox 0 0 1302 4614">
    <p class='ocr_par' dir='ltr' id='par_1_7' title="bbox 0 0 1302 4614">
     <span class='ocr_line' id='line_1_35' title="bbox 0 0 1302 4614; baseline 0 0"><span class='ocrx_word' id='word_1_277' title='bbox 0 0 1302 4614; x_wconf 95' lang='lat' dir='ltr'><strong> </strong></span> 
     </span>
    </p>
   </div>
  </div>
 </body>
</html>
