2522 4608
221 223 284 288 tos
528 231 702 280 cerrensis
726 229 938 278 incursorum

176 349 180 364 '
216 351 303 445 qnod
315 367 388 419 unte
404 351 524 420 dictum
539 363 599 426 cst,
616 351 704 441 quod
718 372 782 418 uon
797 364 872 420 sunt
887 349 1103 442 olerrsgcpe‚
1115 374 1169 419 scu
1179 353 1250 422 cin·

214 463 381 539 ritos‚-scd
404 461 566 528 sumendo
584 473 660 528 sunt
678 483 755 528 cum
774 462 930 530 cheritete
956 483 1072 537 coeuae,
1088 462 1122 528 iu
1139 463 1250 550 qufflus

212 581 296 646 hone
308 575 438 665 quidem
454 585 502 640 est
516 574 621 642 medic
637 574 835 650 constitutio,
851 589 885 640 ct
899 575 934 640 iu
947 573 1097 641 omuibus
1111 573 1248 664 quidem,

213 687 269 754 sed
289 685 336 752 vel
358 685 494 752 maxime
514 686 547 752 iu
566 698 719 774 apparatu
737 685 885 752 convivii.
911 683 994 752 Nem
1013 696 1090 752 suut
1115 698 1248 753 extreme

212 795 343 888 quidem
358 793 555 885 periculose,
572 793 676 862 mltdis
697 808 806 862 sutem
820 797 904 862 bour
923 808 999 862 suut
1015 819 1024 861 t
1041 795 1189 862 medium
1208 807 1249 863 est

211 906 497 995 cutemquidquid
509 929 574 973 nou
586 918 659 996 eget
669 908 765 972 rebus
777 905 971 976 necessariis.
987 905 1068 986 Quse
1080 917 1159 972 suut
1170 908 1247 974 euim

212 1018 390 1085 secundum
412 1028 559 1084 usturam
584 1015 1245 1106 appetitioueecircumscribuntuesuffi·

212 1129 337 1196 cientis.
357 1127 456 1194 Porro
477 1139 586 1192 eutem
608 1127 727 1193 Judaeis
747 1147 805 1215 per
826 1125 945 1215 Iegem
968 1149 1097 1194 summo
1120 1125 1244 1194 consilio

210 1238 395 1329 precipitur
410 1235 581 1326 frugalitas.
604 1234 888 1302 Innumerabilium
904 1236 1020 1326 quippe
1035 1259 1148 1303 rerum
1161 1259 1244 1303 usim

211 1367 269 1438 per
280 1347 400 1413 Mosem
416 1343 546 1412 abstulit
560 1341 769 1434 Pedegogus.
783 1367 894 1411 causus
909 1342 977 1411 illes
992 1345 1187 1435 adjungens,
1198 1368 1244 1412 oc-

210 1456 312 1525 cultus
328 1455 470 1545 quidem,
489 1477 561 1543 quse
576 1466 668 1520 eruut
688 1450 891 1541 spiritualem
902 1464 1025 1542 spectes
1044 1465 1168 1530 sutem,
1182 1477 1243 1543 que

210 1565 365 1642 ceruales,
382 1565 497 1654 quibus
512 1563 608 1630 etium
625 1563 853 1630 crediderumt
869 1563 922 1629 his
937 1561 1082 1652 quidem,
1097 1565 1178 1652 quod
1192 1588 1242 1632 un

210 1676 318 1767 gulam
330 1699 392 1743 nou
407 1673 548 1740 habeant
562 1672 695 1740 bifidum
711 1671 794 1740 uillis
808 1697 897 1750 vero,
908 1673 995 1762 quod
1004 1673 1119 1741 cibum
1125 1697 1242 1742 uouru·

177 1866 183 1884 .
210 1789 358 1856 minent:
380 1784 447 1853 eliis
461 1807 550 1861 vero,
564 1784 651 1872 quod
669 1805 709 1850 ex
723 1783 916 1874 aquatilibus
934 1782 1002 1851 sole
1019 1807 1171 1872 squamus
1186 1808 1241 1852 uon

211 1897 350 1964 habeant
364 1895 391 1972 ’ς
406 1895 488 1962 odeo
504 1907 538 1961 ut
552 1895 598 1960 eis
613 1894 744 1962 omuino
759 1917 861 1985 peuce
877 1907 1034 1962 rcstureut
1048 1907 1124 1985 epte
1137 1898 1183 1962 sd
1193 1894 1240 1962 eli-

211 2017 367 2072 mentum.
387 2001 468 2084 Quae
483 2015 591 2069 eutem
605 2003 750 2092 permisit
765 2005 892 2082 esitare,
908 2028 949 2071 ex
962 2005 999 2070 iis
1012 2028 1126 2073 rursm
1140 2007 1239 2096 proli-

211 2117 282 2184 huit
302 2115 483 2189 morticina,
502 2125 536 2180 et
550 2137 620 2202 quae
636 2111 814 2182 simulacris
827 2114 1003 2192 immolate,
1016 2128 1051 2182 et
1065 2139 1140 2205 quae
1154 2116 1240 2184 mlo

210 2237 282 2293 cute
299 2225 445 2292 fuerumt
461 2246 536 2291 uem
551 2224 620 2292 haec
634 2245 675 2291 ue
690 2224 821 2312 quidem
835 2221 910 2291 licet
921 2236 1066 2292 tractare.
1087 2227 1239 2306 Quonim

209 2337 295 2428 enim
310 2336 379 2402 lieri
395 2358 461 2402 nou
478 2347 583 2424 potest
598 2345 634 2400 ut
653 2335 708 2423 qui
724 2331 871 2402 dulcibus
886 2336 997 2413 utitur.
1015 2337 1056 2402 eb
1077 2336 1125 2402 eis
1147 2337 1236 2426 pcrti-

208 2445 332 2536 pieudis
359 2445 528 2521 abstineat,
546 2444 575 2510 ei
598 2445 790 2512 contrarium
812 2446 884 2514 vice
903 2447 1059 2514 rationem
1080 2448 1238 2536 opposuit,

209 2535 313 2622 donec
326 2576 401 2622 eum
412 2553 467 2644 qui
478 2577 518 2620 ex
531 2555 761 2622 cousuetudine
774 2558 914 2624 nuscitur
924 2556 966 2622 ed
979 2554 1180 2646 voluptutem
1189 2558 1238 2624 iu·

208 2675 319 2754 petum
336 2662 530 2730 dissolveret.
549 2661 743 2750 Hominibus
753 2679 864 2733 eutem
881 2685 1102 2755 sepenumero
1121 2668 1239 2756 quiden

208 2774 361 2838 damnum
381 2781 415 2836 et
435 2767 614 2837 molestiam
628 2774 808 2860 procreavit
821 2771 965 2862 voluptas
989 2797 998 2838 ε
1024 2776 1238 2865 :egritudinem

206 2893 371 2957 tutemet
385 2878 873 2970 oblivionemetiusipieutium,
886 2883 920 2948 iu
936 2883 1040 2949 enimc
1056 2886 1144 2972 parit
1154 2885 1240 2950 nimir

206 2989 347 3057 alimenti
364 2990 467 3080 copie.
484 2990 559 3055 «lum
576 3011 652 3055 vero
673 2991 785 3058 dicunt
802 2992 899 3058 etium
916 3014 1094 3081 puerorum
1113 3015 1239 3082 corpote

205 3114 292 3169 recte
310 3121 468 3175 crescere.
486 3099 519 3166 in
534 3097 767 3189 longitudinem
782 3100 904 3170 scilicet
918 3105 1113 3191 promoveri,
1128 3105 1153 3170 si
1168 3103 1242 3169 desit

203 3213 437 3278 nutrimentum
453 3231 462 3274 r
480 3231 585 3298 neque
599 3211 686 3276 euim
700 3212 890 3301 prohibetur
903 3215 958 3303 qui
977 3235 1011 3279 se
1030 3213 1073 3279 sd
1093 3235 1241 3302 augmen-

203 3333 273 3388 tum
288 3319 413 3387 confert
429 3318 571 3408 spiritus,
588 3319 645 3385 vioe
657 3319 841 3388 facilitatem
857 3323 955 3389 nimio
972 3324 1171 3390 nutrimento
1186 3325 1224 3388 ol

202 3432 354 3520 sepiente.
381 3428 472 3496 Unde
494 3425 690 3494 luxuriosum
713 3429 898 3519 deliciisque
923 3431 1109 3498 effluentem
1129 3430 1193 3498 vite
1225 3512 1228 3521 Ι

199 3527 464 3628 philosophoium
484 3531 538 3602 ille
556 3536 610 3624 qui
631 3537 799 3604 veritatem
820 3550 960 3606 sectatus
980 3553 1043 3617 est,
1059 3539 1208 3616 Pluto,ll

200 3646 613 3716 breicaeveritutisexciteus
625 3645 794 3714 scintillam
806 3672 815 3714 :
827 3649 925 3716 «Mihi
937 3661 1046 3718 eutem
1057 3673 1107 3726 eo,
1117 3652 1216 3736 inqu'

202 3779 304 3826 »cum
319 3757 486 3832 venissem,
501 3780 572 3845 quae
588 3754 653 3824 illic
664 3758 757 3825 beetu
773 3759 835 3826 vite
853 3759 982 3839 dicitur,
998 3759 1113 3828 ltsficis
1127 3773 1161 3824 ct
1181 3759 1224 3848 sy

232 3889 242 3924 ¹
254 3891 314 3938 Les.
325 3903 357 3936 xi.
374 3887 450 3936 Dent.
465 3903 515 3935 xrs.
