2570 4614
125 325 131 353 ι
235 278 295 322 m
542 275 714 322 ctmttsss
739 275 947 325 ntnxntsnntm

233 397 301 463 sinu
317 393 416 462 Putris
438 380 626 471 demittitur,
642 392 785 460 Verbum
804 393 896 470 fidei,
915 395 994 464 lides
1008 420 1048 464 ex
1062 403 1262 490 superabun-

234 506 352 581 dantis,
368 505 434 593 ipse
449 503 615 579 Dominus,
629 504 684 592 qui
700 514 808 594 operte
819 504 989 573 oonlitetur
1002 521 1036 574 ot
1050 509 1128 578 dicit
1143 533 1152 576 ε
1165 539 1178 572 s
1193 512 1261 601 lpse

234 645 247 679 s
262 616 348 682 enim
362 614 455 679 Pater
471 637 525 680 sos
540 611 654 704 diligit,
669 615 742 702 quis
757 637 813 681 vos
827 637 879 680 me
894 614 1044 684 dilexistis
1054 618 1091 683 ¹?
1111 649 1125 682 s
1142 622 1183 686 Et
1197 621 1261 710 ipse

233 746 362 792 rursus:
380 724 445 789 «Et
456 723 589 792 dilexisti
601 725 696 814 ipsos,
710 724 979 813 quemadmodum
993 751 1046 794 mo
1061 727 1199 796 dilexisti
1206 730 1229 796 ².
1242 761 1254 794 ι

234 835 395 918 Quidnam
410 855 486 924 ergo
501 833 569 902 vult
581 834 788 925 Paedsgogus‚
804 846 837 916 et
851 835 928 924 quid
941 836 1123 926 profitetur,
1139 853 1172 905 et
1182 863 1262 929 quo·

233 947 331 1014 modo
345 945 434 1013 luetis
449 957 482 1011 et
496 945 588 1013 dietis
603 944 736 1012 effeetus
753 945 802 1019 sit,
821 956 857 1011 et
868 945 901 1012 in
916 946 953 1012 iis
967 969 1039 1035 qua
1052 960 1128 1016 sunt
1142 951 1260 1040 agenda

149 1063 153 1070 ’
233 1054 464 1148 precipiendis,
479 1065 512 1122 et
533 1052 738 1145 prohibendis
757 1055 794 1122 iis
816 1077 887 1144 que
909 1069 985 1124 sunt
1005 1059 1178 1135 contraris,
1198 1061 1261 1148 jum

233 1172 343 1260 utiquo
354 1167 476 1236 chrum
490 1177 547 1233 est.
561 1165 761 1233 Manifestum
776 1177 824 1234 est
834 1178 953 1242 sutem.
971 1191 1040 1234 esse
1054 1166 1194 1234 alterum
1207 1193 1260 1260 gs-

233 1305 295 1348 nus
315 1277 483 1353 sermonis,
506 1277 598 1365 cujus
620 1286 667 1342 est
688 1275 867 1344 institutum
888 1277 1016 1356 dooere,
1033 1279 1121 1367 quod
1134 1277 1260 1368 quidem

232 1402 282 1458 ost
295 1387 410 1458 subtile
424 1398 458 1454 et
471 1384 622 1478 spiritale,
634 1395 667 1452 et
679 1397 860 1454 assumtum
873 1389 1030 1482 teuctandi
1046 1389 1205 1467 ustionem
1217 1412 1259 1456 st·

234 1503 354 1594 quitur,
373 1512 406 1566 et
424 1499 457 1564 in
477 1497 599 1564 somnis
620 1496 870 1587 contemplandis
885 1499 1043 1588 mysteriis
1053 1513 1208 1567 versutus.
1224 1500 1255 1566 ld

233 1625 341 1680 sutem
355 1611 387 1678 in
402 1609 566 1700 psaesentin
581 1607 754 1676 differatur.
772 1608 833 1674 Pus·
844 1621 892 1676 est
901 1623 1007 1676 autem
1017 1631 1092 1676 eum
1103 1633 1165 1676 nos
1175 1611 1255 1678 reds-

233 1746 322 1790 msso
336 1721 390 1810 qui
404 1743 463 1811 pro
478 1743 535 1785 suo
550 1719 583 1785 in
598 1740 656 1785 nos
670 1740 778 1785 umore
793 1718 858 1784 dux
878 1731 929 1792 est
945 1719 1037 1788 nobis
1050 1721 1125 1787 vitus
1144 1721 1254 1812 optimo

234 1832 385 1923 degendo
401 1853 409 1896 t
428 1853 467 1896 ex
488 1830 558 1917 ejus
578 1840 685 1894 sutem
707 1826 876 1895 voluntatis
896 1829 988 1918 jussis
1008 1831 1127 1905 vivere.
1147 1855 1211 1897 non
1223 1854 1253 1896 es

233 1941 336 2010 solum
356 1964 427 2031 quae
448 1940 601 2028 jubentur
613 1937 811 2027 exequendo,
827 1937 876 2004 sel
890 1961 960 2028 pne
977 1939 1192 2030 prohibentur
1209 1963 1253 2007 os-

233 2049 352 2126 sendo;
364 2049 522 2117 sedetiam
532 2049 590 2115 lms
600 2048 729 2136 quidem
738 2048 887 2138 imagines
897 2050 1083 2126 sumendo,
1092 2049 1165 2116 illss
1175 2073 1253 2126 seso,

232 2161 339 2250 quood
356 2159 425 2227 lieni
442 2159 570 2249 potesit,
586 2158 750 2234 imitando,
762 2155 926 2249 Paedsgogi
942 2158 1099 2230 laetorum
1113 2160 1255 2228 similitu·

233 2272 341 2339 dinem
351 2269 512 2360 operando
527 2267 644 2336 selerne
657 2291 665 2334 ε
680 2278 716 2334 ut
726 2268 812 2358 quod
825 2293 839 2330 s
853 2268 1028 2336 seeundum
1043 2270 1216 2360 imaginem
1228 2283 1255 2335 st

232 2412 246 2445 s
260 2380 497 2449 similitudinem
510 2391 559 2446 est
575 2407 588 2442 s
605 2377 743 2468 impleut.
759 2377 796 2448 ln
807 2380 870 2446 vitu
884 2379 970 2446 enim
981 2391 1136 2469 tunquam
1148 2382 1182 2448 in
1193 2403 1254 2472 pso

233 2491 337 2558 lundis
351 2501 493 2557 errantes
503 2490 656 2565 tenebris,
668 2490 788 2580 optimo
798 2491 894 2580 etqui
906 2511 1070 2581 nunqusm
1080 2493 1210 2558 abesset
1222 2513 1254 2560 st

231 2601 372 2669 ollondst
383 2601 465 2666 duee
480 2599 635 2666 hebemus
650 2623 740 2689 opus.
756 2597 903 2690 Optimus
916 2609 1024 2668 sutem
1040 2599 1105 2668 dux
1115 2612 1180 2676 est,
1198 2625 1254 2668 nos

232 2733 346 2786 meus,
358 2722 394 2775 ut
405 2710 481 2776 dicit
491 2707 668 2800 Scriptus-u,
681 2715 822 2776 ooeooss'ss
829 2712 940 2800 foueas
951 2709 1104 2787 duoesss',
1121 2711 1179 2778 ssd
1188 2709 1255 2778 Ver·

231 2821 323 2896 bum,
339 2821 431 2909 eujus
444 2829 492 2886 est
509 2821 592 2886 visus
602 2819 901 2910 perspicacissimus.
912 2830 945 2886 et
960 2821 1016 2910 qui
1027 2821 1135 2887 oosdis
1152 2820 1255 2888 intims

231 2930 383 3023 pervidet.
406 2929 686 3028 Quemadmodum
698 2953 775 3021 engo
792 2952 857 2997 non
871 2944 918 2998 est
932 2926 999 3008 lux,
1017 2951 1089 3019 quae
1104 2953 1173 2997 non
1187 2929 1255 2998 illu·

231 3041 347 3114 minsts
362 3061 465 3128 neque
479 3063 622 3117 movens,
634 3041 719 3130 quod
729 3063 795 3108 non
805 3051 929 3115 movets
943 3061 1003 3106 nee
1015 3038 1163 3130 diligens,
1175 3041 1255 3130 quod

231 3176 296 3219 non
309 3150 427 3240 diligit:
439 3151 482 3216 its
501 3152 708 3228 neutonam,
725 3151 812 3239 quod
827 3174 890 3218 non
905 3151 1047 3240 prodest,
1061 3163 1096 3216 et
1112 3153 1157 3218 sd
1175 3151 1256 3218 sulu-

231 3275 296 3330 tem
314 3261 454 3330 deducit.
473 3261 640 3330 Faciamus
663 3285 738 3352 ergo
759 3274 914 3352 precepta
932 3283 990 3350 pes·
1008 3283 1105 3350 opem
1126 3275 1161 3328 et
1178 3263 1255 3330 lsets

231 3373 367 3443 Domini.
381 3375 528 3442 Verbum
537 3373 623 3440 enim
633 3372 737 3462 ipsum
747 3383 855 3462 sponte
867 3369 1103 3460 cerussam,
1112 3373 1255 3440 mmdem

185 3563 191 3569 .
231 3484 324 3550 simul
346 3487 495 3552 virtutem
513 3483 648 3551 activam
670 3495 705 3549 et
725 3481 1002 3572 contemplativum
1019 3505 1089 3550 esse
1107 3481 1252 3550 ostenffit.

232 3593 339 3674 Quane
362 3595 463 3686 legem
485 3595 698 3663 existimantes
715 3591 871 3680 Verbum,
893 3604 1052 3684 precepta
1071 3593 1144 3683 ejus
1164 3607 1256 3682 atquo

231 3704 363 3782 monitu,
379 3706 490 3773 besses
510 3718 544 3772 et
563 3703 698 3772 dineetss
717 3702 758 3769 sd
778 3703 987 3772 eternitatem
1004 3704 1083 3780 viss,
1105 3725 1256 3794 agnosse

231 3835 313 3880 mus.
331 3814 534 3883 Persmsiono
552 3817 638 3882 enim
656 3826 731 3882 sunt
750 3809 841 3902 plens
859 3825 1029 3904 pmoepts,
1046 3837 1112 3881 nen
1131 3815 1250 3880 timore.

263 3939 356 3990 ίΙοιιι.
369 3956 421 4002 sss,
435 3941 531 4007 sy.-²
542 3943 579 3995 ld.
592 3959 655 4006 ιω,
666 3941 705 3990 ³5.
714 3939 760 3980 -l
775 3939 866 3991 tisun.
879 3955 920 4000 ns,
935 3937 1028 3999 sd.-⁵
1040 3939 1115 3989 loun.
1129 3957 1149 3998 s,
1163 3938 1198 3996 st.
