2452 4602
296 285 649 340 renasceremur.
922 271 987 349 425

21 405 168 478 nccndeado
186 415 298 480 motus,
318 402 613 495 affectioneque*
592 419 762 481 anemae,
779 418 814 472 ut
834 408 878 509 ait
901 407 989 477 Ana-

21 527 165 594 rson,suat
176 515 259 582 raldo
273 517 461 584 meretricia.
474 516 778 594 «nominabatur,
797 518 907 607 inquit
922 521 987 588 Go-

22 629 133 703 Μία,
153 627 322 694 meretricia
345 627 472 716 vestigia
494 626 671 717 relinquere
694 628 836 715 sormam
851 642 884 695 et
908 629 990 696 deli-

26 743 83 808 aias
95 767 107 802 ι
119 739 322 806 Fornicatoria
338 751 445 806 autem
466 765 479 800 ι
499 740 627 830 vestigia
648 739 778 807 minime
794 741 935 831 figuntur
955 742 987 808 in

21 851 137 926 scribta,
157 851 217 916 vias
236 850 322 916 enirn
345 851 414 917 vitae
431 873 497 919 uon
519 851 741 942 ingrediuntur
761 877 770 919 :
790 867 864 920 sunt
880 864 989 922 autem
1072 936 1076 948 1

22 959 125 1028 lubrice
141 985 176 1028 ac
188 960 376 1050 periculosae
385 963 455 1052 ejus
471 964 595 1040 orbitae,
613 975 645 1030 et
660 987 731 1052 quae
746 987 810 1031 non
827 977 902 1032 sunt
917 989 990 1056 cog-

21 1071 78 1136 ¹nitu
95 1069 186 1140 laciles
194 1070 215 1137 ¹.
237 1071 365 1139 »Porro
386 1072 493 1140 autem
516 1072 616 1140 oculis
640 1075 775 1141 maxime
794 1075 989 1164 percendum

21 1189 51 1254 st,
57 1180 180 1268 quoniam
190 1179 302 1248 melius
316 1194 366 1247 est
376 1179 440 1247 labi
451 1182 696 1272 pedibusquam
707 1182 819 1250 oculis.
834 1185 990 1252 Dominus

21 1299 84 1376 taque
95 1291 388 1378 compendiosissime
404 1291 551 1357 medetur
565 1290 641 1359 huic
657 1294 733 1360 vitio
753 1317 761 1360 :
774 1321 787 1356 ι
802 1293 836 1361 Si
853 1307 885 1361 te
901 1308 988 1374 tuus,

27 1402 154 1487 inpotens,
175 1399 365 1468 scandalizat
385 1401 516 1480 oculus,
538 1405 670 1471 excinde
692 1405 802 1492 eum²,
827 1435 840 1470 ι
863 1427 902 1472 ιιι
925 1408 994 1474 imo

21 1510 108 1577 celena
123 1513 319 1600 cupiditatem
338 1512 466 1580 :lascivi
482 1523 589 1580 autem
604 1527 763 1604 aspectus,
783 1528 816 1582 et
831 1515 989 1584 versatili-

21 1635 217 1711 naactanquam
236 1625 481 1691 conniventibus
492 1624 615 1692 oculis
607 1628 735 1704 intueri,
749 1627 827 1694 nihil
839 1642 888 1694 est
904 1627 990 1696 aliud

21 1755 79 1818 pan
89 1733 171 1800 oculis
186 1723 353 1810 moecliari,
376 1757 451 1801 cum
465 1757 524 1826 per
536 1759 598 1802 eos
607 1739 786 1826 cupiditas
777 1751 863 1804 ineat
878 1741 989 1828 prima

21 1841 245 1931 ugnapraeludia.
265 1843 351 1911 Ante
373 1855 489 1910 totum
499 1846 584 1912 enim
606 1869 722 1935 corpus
741 1863 991 1938 corrumpuntur

21 1945 83 2014 auti.
98 1953 236 2020 «Honesta
264 1966 374 2019 autem
395 1952 615 2043 contemplans
638 1955 770 2033 oculus,
799 1981 856 2024 ιιι
883 1956 989 2024 laetitia

21 2058 139 2126 ·adicit⁸:
153 2091 165 2126 ι
179 2063 237 2131 boc
252 2075 316 2141 est,
335 2063 389 2151 qui
406 2075 494 2130 recte
513 2063 719 2154 contemplari
742 2065 866 2143 didicit,
882 2065 988 2134 laetitia

21 2165 89 2234 licit
99 2172 253 2240 «Αιιιιιι
268 2185 379 2241 autem
393 2171 488 2240 oculo
500 2197 576 2241 cum
588 2173 674 2248 dolo,
686 2175 760 2240 viris
774 2174 896 2241 dolores
910 2198 989 2244 con·

21 2279 138 2367 pegatt
159 2281 314 2350 »Talem
325 2284 435 2371 utique
461 2283 693 2348 elloeminatum
719 2282 987 2371 Sardanapalum,

21 2403 88 2472 egen
97 2391 313 2478 Assyriorum
304 2416 338 2458 ιι
353 2391 437 2458 lecto
448 2392 584 2508 pedibus
595 2415 721 2457 sursum
731 2389 864 2457 sublatis
875 2393 989 2458 seden

21 2515 222 2587 tnpnrpuram
234 2511 434 2591 carpentem,
447 2511 480 2566 et
490 2469 672 2590 albuginem
685 2499 852 2570 oculorum
865 2523 989 2566 versan·
1008 2503 1015 2529 ¹

21 2617 56 2667 tn
58 2604 264 2677 ,ἱιιιιιιιιιιῑ1
276 2610 360 2690 Quae
373 2609 444 2676 haec
458 2621 619 2685 exercent,
635 2608 782 2676 mulieres
799 2633 857 2676 suo
872 2611 989 2676 intuitu

21 2709 163 2800 ttlipsarum
177 2719 253 2787 lena
268 2732 370 2788 sunt:
393 2717 564 2786 «Lucerna
582 2719 669 2789 enim
689 2721 829 2811 corporis
845 2733 894 2788 est
909 2745 989 2789 ocu-

21 2815 94 2900 du',
113 2855 125 2889 ι
146 2829 241 2920 inquit
263 2832 430 2922 Scriptura
454 2853 463 2896 ε
489 2855 548 2922 per
574 2853 669 2920 quem
691 2831 809 2900 scilicet
834 2845 988 2923 apparent

21 2939 96 2998 aterna
112 2934 175 3005 luce
193 2964 260 3030 quae
286 2941 429 3007 cernitur
447 2939 610 3007 illustrata.
638 2968 651 3003 ι
671 2941 853 3009 Fornicatio
878 2955 988 3010 autem

21 3039 133 3113 ¹tualiaris
162 3051 193 3116 in
223 3051 401 3120 elevatione
433 3051 600 3120 oculorum
630 3051 653 3118 ⁸1.
686 3053 874 3121 Mortificate
912 3077 988 3144 ergo

21 3157 136 3225 matra
152 3175 264 3241 restra,
284 3187 355 3253 quae
373 3175 447 3228 sunt
458 3159 563 3252 ¹super
580 3175 711 3240 terram,
732 3163 987 3240 fornicationem,

21 3257 237 3348 vlmmunditiam,
256 3273 547 3362 perturbationem,
571 3272 778 3363 cupiditatem
799 3270 934 3348 malam,
957 3284 989 3338 et

21 3373 167 3455 iavaritiam,
187 3403 258 3470 quae
279 3394 327 3447 est
346 3379 504 3446 idolorum
523 3379 640 3457 cultus,
659 3392 789 3471 propter
813 3405 884 3469 quae
905 3381 990 3448 venit

21 3475 64 3542 'ira
79 3481 123 3550 liei
141 3511 231 3579 super
249 3488 330 3556 filios
353 3490 575 3558 inobedientiae
590 3489 640 3567 ’,ι
657 3489 773 3557 clamat
795 3490 985 3580 Apostolus:

21 3603 54 3652 Μ
64 3605 149 3664 tutem
162 3601 412 3690 perturbationes
426 3601 522 3668 animi
538 3601 726 3677 excitamus,
739 3613 771 3668 et
782 3622 846 3668 non
857 3605 988 3669 erubes-

21 3691 99 3804 inus?
111 3705 168 3774 alia
181 3711 308 3800 quidem
329 3733 369 3777 ex
387 3711 425 3782 iis
445 3710 620 3778 mastichen
641 3711 838 3790 devorantes,
852 3713 990 3781 circum-

36 3863 127 3920 trram
129 3879 245 3938 ‚,.-⁵o
215 3881 504 3950 -.‚.-²Mattbv29
515 3882 616 3933 ιΡιιι
629 3900 686 3940 ιι
698 3900 768 3931 ι.-
784 3883 990 3946 tln.‚110.-

21 3919 737 4024 tarilnn.-⁶1tccti.xm,..9-tcotosa1,115,.6
