2596 4602
228 255 288 322 toti
537 275 709 320 cucurrit
735 275 946 320 runxtunmrr

222 423 281 489 per
295 399 364 487 ejus
379 397 549 465 adventum
566 394 733 485 complete
747 396 874 462 fuerint.
895 397 977 464 llam
988 408 1074 464 recta
1084 399 1239 466 viteinsti·

225 508 326 583 tutio,
342 507 378 572 iis
389 506 504 581 etium,
522 505 577 594 qui
593 506 676 593 juste
688 505 832 569 vixerunt
842 517 918 570 unte
931 507 1066 594 Legem,
1081 529 1135 596 per
1143 507 1240 597 logon

224 613 463 705 predicabatur.
483 611 604 702 Vulgus
618 635 693 702 ergo
709 613 895 689 hominum,
913 615 999 702 quod
1010 637 1075 680 non
1087 615 1243 682 noritcon—

224 724 408 798 tinentinm,
422 743 557 812 corpore
581 722 677 788 vitam
697 722 801 810 degit,
818 720 873 787 sed
889 744 955 787 non
967 722 1080 810 spiritu
1096 747 1103 786 :
1122 723 1183 787 sine
1193 725 1245 811 spi-

224 832 285 896 ritu
306 843 413 900 autem
430 853 546 918 corpur
567 827 612 895 nil
635 828 718 894 aliud
735 841 784 894 est
805 853 902 917 quum
925 843 1011 896 terra
1025 842 1058 894 et
1074 831 1161 896 cinis.
1182 831 1245 897 lun

224 937 415 1006 adulterium
438 937 561 1028 judicat
575 937 730 1003 Dominus
755 937 1013 1028 excogitatione.
1040 938 1129 1019 Quid
1149 939 1246 1004 enim?

226 1071 330 1115 aunon
359 1046 435 1112 licet
463 1047 560 1112 etiam
585 1045 788 1112 continenter
808 1047 853 1111 uti
883 1047 1111 1122 matrimonio,
1143 1057 1175 1110 et
1191 1069 1247 1114 non

225 1158 334 1224 conari
355 1153 542 1231 dissolvere,
558 1153 646 1242 quod
660 1153 730 1241 conj
733 1154 822 1219 unxit
840 1154 925 1219 Deos
939 1153 950 1187 ¹
965 1151 1081 1218 iTolie
1101 1153 1184 1218 enim
1197 1155 1248 1219 do-

224 1277 301 1331 cent
323 1264 462 1353 conjugii
489 1263 659 1337 divisores,
683 1262 922 1351 propterquod
943 1283 1062 1327 nomen
1085 1263 1203 1350 proluis
1214 1285 1247 1329 rc

225 1371 402 1439 maledictis
425 1372 584 1460 appetitur
607 1370 690 1436 inter
710 1372 840 1437 Gentes.
866 1368 1067 1438 Sceleratum
1090 1383 1193 1436 autem
1205 1371 1248 1437 di-

226 1492 335 1546 centes
356 1480 408 1544 isti
424 1471 491 1544 ess'e
513 1479 655 1555 coitum,
671 1479 725 1566 qui
747 1479 807 1566 ipsi
831 1502 959 1568 quoque
985 1503 1078 1544 suam
1093 1480 1247 1544 essentiam

225 1611 265 1653 er
280 1589 366 1654 coitu
383 1609 553 1675 accepere,
570 1586 732 1674 quomodo
750 1609 815 1652 non
831 1586 948 1652 fireiint
962 1585 1248 1653 sceleratiiEorunr

226 1709 353 1772 cutem,
371 1697 425 1785 qui
452 1707 526 1761 sunt
546 1693 751 1769 sanctificati,
769 1707 916 1761 sanctum
938 1717 1087 1784 quoque,
1111 1707 1146 1760 ut
1164 1708 1247 1784 puto,

226 1827 334 1870 semen
350 1816 408 1869 est.
426 1803 474 1870 Ac
485 1802 578 1871 nobis
595 1801 723 1890 quidem
746 1803 841 1868 debet
859 1824 928 1868 esse
946 1802 1180 1880 sanctificatus,
1194 1829 1248 1870 non

226 1910 328 1978 colum
343 1912 470 2001 spiritus
482 1961 491 1988 ,
504 1910 559 1977 sed
571 1922 604 1976 ct
618 1933 742 1987 mores,
759 1923 792 1975 et
808 1911 888 1987 vitu,
905 1923 937 1976 et
952 1932 1080 2000 corpus.
1101 1913 1250 2001 Namque

225 2045 299 2087 nem
314 2021 435 2086 ratione
457 2019 535 2086 dicit
556 2017 672 2084 Paulus
686 2017 856 2107 Apostolus
874 2041 942 2084 esee
965 2020 1183 2108 candificata
1196 2045 1249 2086 ote

225 2129 326 2194 lieren
341 2153 361 2193 a
377 2128 441 2194 uiro
449 2175 461 2204 ,
478 2140 533 2194 aut
548 2127 806 2192 virumamuliere
822 2126 833 2160 ²
849 2125 963 2207 iQuid
971 2139 1020 2194 est
1031 2141 1159 2204 autem,
1175 2129 1250 2217 quod

224 2238 378 2304 Dominus
394 2259 522 2326 quoque
543 2235 620 2301 dixit
640 2235 695 2312 iis,
718 2237 771 2324 qui
791 2236 1028 2325 interrogabunt
1050 2237 1092 2302 de
1109 2237 1249 2313 divortio,

231 2347 309 2414 «Au
321 2345 416 2412 liceat
430 2367 562 2410 uxorem
580 2344 760 2420 dimittere,
776 2365 852 2409 cum
877 2343 979 2410 Moses
1007 2345 1042 2410 id
1061 2346 1252 2432 permiserit?

226 2454 297 2521 »Ad
309 2455 457 2520 duritiam
471 2452 575 2518 cordis
589 2453 702 2528 vestri,
722 2451 834 2538 iuquit,
849 2450 952 2517 Moses
964 2451 1034 2518 haeo
1044 2453 1180 2542 scripsit.
1196 2452 1251 2519 Vos

226 2575 353 2630 »autem
364 2584 429 2628 non
444 2560 579 2651 legistis,
596 2559 675 2648 quod
687 2561 882 2647 Protopluoto
892 2561 976 2626 Deus
990 2561 1085 2636 dicit,
1094 2563 1187 2628 Eritis
1197 2563 1251 2627 dno

226 2673 389 2737 »incarne
416 2671 503 2737 unal
525 2671 633 2751 Quare
648 2669 702 2758 qui
725 2668 855 2734 dimittit
874 2693 1026 2747 uxorem,
1050 2682 1251 2758 praeterquam

226 2779 461 2846 »fornicationis
477 2800 589 2853 causa,
609 2776 770 2844 faciteam
784 2777 936 2843 moechari
946 2777 968 2842 ⁸.
989 2777 1054 2844 Sed
1069 2791 1142 2867 post
1157 2801 1252 2844 resur-

225 2888 440 2962 »rectionem,
458 2885 575 2974 inquit,
594 2909 655 2952 nec
670 2907 802 2951 uxorem
818 2886 957 2961 ducunt,
985 2909 1045 2952 nec
1062 2889 1188 2954 nubunt
1202 2888 1246 2952 ’.ι

225 2996 352 3064 Etenim
361 2996 401 3060 de
411 3005 521 3061 ventre
528 3005 561 3059 et
570 2994 649 3059 cibis
661 2992 860 3064 dictumest:
872 2993 1143 3071 «Esoaeventri,et
1153 3009 1251 3063 vente

227 3105 328 3171 »escis
344 3104 450 3170 :Deus
466 3114 573 3169 autem
589 3114 623 3166 et
637 3099 727 3167 illum
742 3112 774 3166 et
792 3100 849 3166 hue
866 3096 1037 3176 destruet⁵3
1056 3104 1145 3169 »hos
1160 3105 1251 3194 impe

230 3227 317 3287 tene,
334 3211 388 3300 qui
404 3212 503 3277 instar
519 3231 688 3299 caprorum
702 3220 735 3274 et
748 3207 913 3274 hircdrum
929 3210 989 3276 sibi
1004 3212 1176 3278 vivendum
1193 3235 1251 3278 esse

188 3353 199 3372 ¹
231 3331 378 3395 censent,
401 3343 443 3385 ue
458 3341 568 3384 secure
585 3341 623 3384 nc
645 3317 713 3382 sine
734 3328 856 3382 terrore
879 3331 1058 3384 comessent
1080 3332 1114 3385 et
1128 3322 1248 3386 coirent

231 3429 265 3496 Si
292 3428 556 3493 resurrectionem
586 3427 693 3512 itaque
715 3425 911 3514 receperint,
937 3439 973 3490 ut
993 3427 1053 3515 ipsi
1078 3428 1252 3504 dicunt,et

231 3536 304 3602 ideo
319 3535 558 3602 matrimonium
581 3533 743 3598 infirmant
758 3544 789 3598 et
817 3533 984 3622 ehroffnm
1002 3559 1063 3600 nec
1078 3537 1252 3608 comedant,

232 3667 292 3711 nec
305 3645 436 3710 bibant:
452 3641 566 3710 destrui
584 3642 671 3708 enim
684 3653 815 3706 centnm
833 3653 862 3706 et
885 3640 981 3718 cibor,
1006 3643 1085 3709 dicit
1100 3643 1253 3733 Apostolus

272 3787 1253 3855 ¹Muttlr.xrx,6;Mrrc.x,9.-¹rCor.v11,rd.-¹ldattlunx,3;ll¹te

234 3901 265 3945 x,
278 3899 301 3932 2.
313 3911 340 3921 -·
354 3883 362 3904 ¹
374 3879 463 3933 Marto.
475 3898 546 3945 1¹11,
558 3883 601 3942 3o;
620 3879 698 3931 Marc.
709 3897 762 3942 111,
773 3877 804 3931 23
814 3899 822 3938 ς
834 3883 950 3944 Lucu,
967 3877 1010 3933 35.
1020 3881 1066 3917 -'
1077 3897 1089 3932 1
1102 3880 1212 3944 Cor-n,
1223 3876 1253 3930 ti.
