2738 4628
242 219 277 264 Γ)
558 225 671 268 SANCTl
696 225 809 268 metm!
833 226 893 270 Lib·
921 227 940 268 Υ

210 375 211 380 1
236 334 373 402 bominis
387 338 421 403 iu
440 339 485 403 eis
501 339 688 428 perficiens:
705 340 782 428 quid
797 339 927 416 mirum,
944 341 969 406 si
989 340 1022 406 in
1037 337 1086 406 bis
1100 338 1156 428 qui
1171 347 1296 402 traus-

236 443 290 510 lati
308 459 383 512 sunt
400 447 505 516 effecit
525 448 644 538 aliquid
667 451 885 542 inopinatum,
910 449 1090 518 deserviens
1115 443 1292 513 voluntati

236 553 357 622 Patris?
367 561 428 626 llic
439 570 486 626 est
501 573 609 628 autem
623 559 722 628 Filius
733 561 805 638 Dei,
817 558 1088 651 quemadmodum
1103 555 1290 646 Scriptura

237 666 281 731 ait
299 667 413 735 dixisse
434 669 728 738 Nabuchodonosor
741 688 848 762 regem
861 694 869 734 ε
883 670 1020 738 «Nonne
1035 679 1098 735 tres
1112 667 1199 732 viros
1210 665 1289 732 mi-

238 805 251 836 »
267 776 365 844 simus
380 780 413 846 in
428 781 614 860 caminum?
628 771 660 847 tt
676 803 766 858 ecee,
781 804 840 871 ego
855 779 948 847 rideo
963 789 1101 868 quatuor
1118 777 1291 844 deambu-

238 913 250 944 s
266 883 367 952 lantes
382 887 414 953 in
431 889 537 955 medio
554 889 646 979 ignis,
662 903 694 956 et
709 901 839 978 quartus
854 888 964 956 similis
979 901 1027 955 est
1040 887 1122 955 Filio
1136 887 1209 953 Dei.
1227 885 1239 921 ¹
1254 913 1274 947 ι

238 995 348 1085 Neque
363 996 458 1086 igitur
473 1009 586 1065 natura
604 998 739 1090 alicujus
752 1021 865 1066 eorum
880 1021 951 1089 quae
964 995 1048 1064 lacta
1062 1007 1150 1073 sunt,
1165 1017 1284 1084 neque

237 1106 404 1176 infirmitas
424 1109 529 1178 cernis
550 1108 663 1176 sortior
683 1109 744 1176 erit
772 1133 868 1200 super
888 1107 1086 1177 voluntatem
1103 1105 1173 1173 Dei.
1200 1104 1281 1173 Nou

238 1220 324 1285 enim
338 1219 423 1286 Deus
439 1220 489 1287 bis
504 1243 575 1309 quae
587 1218 667 1288 lacta
685 1230 773 1297 sunt,
785 1219 842 1286 sed
853 1241 892 1284 ea
907 1215 1074 1306 quaefacta
1089 1225 1177 1291 sunt,
1191 1215 1279 1280 sub-

238 1331 322 1418 jecta
336 1343 410 1398 sunt
422 1330 491 1398 Deo
503 1353 512 1395 r
526 1343 559 1398 et
573 1332 680 1398 omnia
692 1331 832 1398 serviunt
843 1326 996 1397 voluntati
1007 1326 1089 1417 ejus.
1104 1325 1272 1416 Quaprop·

239 1451 289 1504 ter
302 1451 334 1504 et
349 1439 503 1507 Dominus
519 1441 583 1506 ait:
597 1441 697 1520 «Quae
708 1438 912 1530 impossibilia
928 1450 1002 1504 sunt
1014 1435 1101 1526 apud
1111 1435 1274 1509 homines,

240 1548 424 1636 »possibilia
441 1562 515 1616 sunt
532 1548 619 1639 apud
634 1550 737 1617 Deum
749 1548 773 1616 ².
788 1577 802 1614 s
817 1546 1098 1630 Quemadmodum
1112 1545 1209 1636 igitur
1224 1543 1277 1611 bis

240 1659 295 1747 qui
311 1681 399 1726 nunc
414 1672 489 1725 sunt
503 1659 697 1737 bominibus,
715 1653 1278 1752 ignorantibusdispositionem'Dei

241 1767 426 1836 incredibile
437 1781 470 1837 et
484 1770 677 1861 impossibile
691 1771 828 1848 videtur,
842 1781 946 1836 tantos
957 1790 1057 1835 annos
1067 1765 1205 1856 aliquem
1217 1765 1281 1833 bo-

241 1879 361 1945 minem
372 1890 468 1968 posse
486 1880 608 1956 vivere,
625 1891 657 1947 et
671 1881 816 1948 vixerunt
837 1879 870 1947 bi
892 1880 946 1968 qui
964 1891 1037 1945 ante
1051 1901 1109 1944 nos
1128 1867 1277 1951 luerunt,

241 2000 273 2054 et
287 1989 397 2055 vivunt
411 1989 465 2077 qui
484 1987 626 2056 translati
647 2000 735 2066 snut,
753 1988 794 2056 ad
807 1985 989 2080 exemplum
1003 1986 1117 2052 luturae
1132 1983 1280 2074 longitu-

242 2099 324 2165 dinis
339 2099 482 2174 dierum
504 2111 537 2165 et
550 2101 591 2166 de
610 2113 721 2168 ventre
738 2101 814 2177 ceti,
829 2112 862 2167 et
878 2101 918 2166 de
937 2100 1062 2166 camino
1076 2096 1157 2188 ignis
1171 2093 1285 2162 salvos

241 2209 354 2286 exisse,
369 2221 402 2288 et
416 2212 691 2289 tamenexierunt,
702 2212 810 2281 educti
826 2210 911 2278 velut
926 2233 1023 2277 manu
1034 2209 1107 2286 Dei,
1119 2206 1161 2274 ad
1171 2217 1283 2273 osten·

241 2315 362 2385 sionem
371 2318 495 2385 virtutis
502 2321 590 2410 ejusJ:
599 2321 645 2388 sic
656 2335 796 2397 etnunc‚
805 2318 1084 2410 quamvisquidam
1094 2317 1280 2409 ignorantes

242 2427 391 2495 virtutem
402 2439 435 2496 et
449 2430 691 2518 promissionem
704 2429 777 2504 Dei.
794 2430 1014 2498 contradicant
1024 2452 1088 2496 suae
1098 2427 1205 2504 saluti,
1217 2427 1280 2494 im·

243 2537 390 2626 possibile
407 2539 621 2606 existimantes
637 2563 728 2628 posse
746 2539 849 2607 Deum
870 2539 1076 2607 suscitantem
1091 2559 1226 2627 corpora
1243 2537 1279 2600 in

243 2647 472 2735 sempiternum
492 2649 779 2736 perseverationem
797 2647 843 2713 eis
864 2647 1001 2724 donaro;
1019 2669 1084 2714 non
1105 2658 1213 2712 tomen
1230 2644 1279 2712 in-

244 2753 414 2823 credulitas
428 2754 540 2822 telium
556 2755 725 2824 evacuabit
742 2756 839 2826 iidem
856 2753 925 2824 Dei.

296 2972 331 3044 5⁰
348 2975 400 3044 Ex
418 2995 614 3070 corporum
633 2973 828 3071 dignitate⁸
851 2999 858 3041 :

291 3180 528 3249 Glorilicsbitur
546 3194 655 3250 autem
676 3182 761 3251 Deus
783 3183 817 3250 in
843 3203 901 3249 suo
926 3180 1090 3272 plasmate,
1112 3181 1279 3248 conforme

248 3289 326 3358 illud
345 3303 378 3357 et
398 3315 595 3380 consequens
611 3315 669 3358 suo
686 3315 788 3382 puero
802 3292 965 3383 adaptans.
984 3293 1045 3359 Per
1058 3313 1171 3358 manus
1191 3292 1280 3357 enim

247 3401 359 3476 Patris,
382 3401 490 3478 idest,
509 3426 565 3490 per
581 3400 698 3469 Filium
712 3413 745 3469 et
760 3401 914 3493 Spiritum
930 3401 967 3467 fit
982 3401 1079 3466 homo
1100 3399 1280 3466 secundum

247 3508 483 3576 similitudinem
497 3510 569 3586 Dei,
581 3511 637 3576 sed
652 3533 717 3577 non
731 3533 804 3599 pars
821 3509 969 3604 hominis.
992 3509 1106 3576 Anima
1122 3521 1232 3576 autem
1246 3523 1280 3574 ct

244 3619 385 3711 'Spiritus
402 3641 475 3709 pars
496 3617 633 3686 bominis
656 3641 723 3688 esse
745 3631 889 3709 possunt,
912 3619 1009 3686 bomo
1027 3631 1132 3716 antem
1156 3641 1261 3705 nequa

285 3785 293 3820 ¹
307 3790 372 3838 Dan.
386 3807 424 3849 ru,
435 3805 477 3854 91,
487 3807 526 3854 9²·
536 3790 658 3842 -ἳΙιιιε,
672 3806 743 3852 trin,
760 3809 798 3860 ¹7·

283 3872 368 3939 ³Cap.
379 3891 413 3936 rr,
423 3891 449 3940 p.
462 3894 508 3942 ²99
521 3887 545 3927 et
557 3893 631 3942 seqq.
