2614 4628
80 241 85 248 ’
159 285 162 298 ·
189 245 250 310 ros
538 263 570 307 u.
597 263 722 309 urnurn
746 262 866 306 ratius

187 405 259 448 mus
273 381 372 459 enim,
386 361 512 447 utluxu
527 379 672 455 solvitur,
688 379 732 446 ita
747 376 925 468 frugalitate
940 375 1094 444 firmatur.
1115 375 1158 441 Et
1173 387 1222 441 ta·
1302 359 1306 370 ³

186 513 261 556 men
277 489 347 577 quis
362 501 466 577 potest
481 513 602 579 pauper
614 512 697 566 csse,
712 489 767 576 qui
788 512 853 554 non
868 487 962 577 eget?
973 487 1028 575 qui
1040 510 1105 552 non
1118 487 1223 552 inhiat
1300 473 1306 483 ¹

185 599 312 666 alieno?
327 600 381 689 qui
398 600 465 668 Deo
484 601 571 666 dives
592 599 665 665 est?
679 598 776 688 Magis
789 620 911 687 pauper
925 595 978 662 ille
992 609 1041 662 est
1056 597 1126 684 qui,
1144 617 1221 660 cum

185 708 287 786 multa
301 709 431 789 haheat,
447 709 536 799 plura
553 711 728 778 desiderat
738 710 851 776 Dicam
866 705 996 775 tandem
1011 707 1222 798 quemadmo-
1239 741 1244 756 ·
1301 697 1306 704 ¹

186 818 265 884 dum
286 819 388 884 sentio
410 843 419 884 ε
440 843 536 886 nemo
554 831 620 888 tam
642 841 763 909 pauper
782 831 886 909 potest
905 843 986 894 esse,
1007 842 1105 907 quam
1125 830 1221 884 uatus
1296 811 1306 815 ‘¹

185 941 244 996 est.
260 930 341 998 Aves
353 930 422 996 sine
438 932 629 1019 patrimonio
639 931 762 1009 vivunt,
776 942 808 996 et
820 931 852 996 in
868 929 951 996 diem
967 951 1072 1020 pecua
1084 951 1222 1018 pascun-

185 1052 238 1105 tur
249 1062 257 1106 t
270 1053 304 1106 ot
314 1040 383 1108 haec
393 1043 486 1108 uobis
496 1054 603 1110 tamen
613 1055 687 1110 nata
703 1054 796 1108 sunt:
811 1063 882 1130 quae
895 1041 1014 1115 omnia.
1028 1041 1053 1106 si
1065 1065 1133 1106 non
1144 1063 1221 1105 con·
1304 1118 1306 1126 y

184 1151 393 1239 cupiscimus‚
408 1154 614 1242 possidemus.
634 1154 746 1242 Igitur,
764 1166 800 1218 ut
819 1152 874 1240 qui
897 1153 980 1218 dam
994 1151 1082 1246 terit,
1100 1176 1140 1219 eo
1155 1150 1222 1218 leli-

123 1315 125 1320 ,
186 1260 255 1326 cior
269 1282 334 1348 quo
356 1259 455 1328 levior
468 1262 609 1330 incedit:
625 1263 668 1329 ita
683 1264 806 1330 heatior
820 1263 853 1328 in
871 1261 934 1328 hoc
946 1263 1059 1328 itinere
1079 1263 1220 1338 vivendi,

186 1370 240 1458 qui
266 1383 513 1459 paupertatem
541 1370 696 1450 sublevat,
723 1397 790 1441 non
822 1377 883 1441 sub
913 1375 1096 1442 divitiarum
1122 1396 1220 1443 unere

186 1483 331 1573 suspirat.
355 1483 395 1548 Et
414 1495 521 1550 tamen
544 1481 724 1561 facultates,
743 1485 769 1550 si
789 1485 880 1552 utiles
900 1498 1098 1576 putaremus,
1118 1509 1136 1550 a
1153 1485 1221 1549 Deo
1305 1565 1306 1576 ἢ

185 1616 391 1682 posceremus
403 1615 411 1658 ε
425 1593 536 1681 utique
548 1593 714 1683 indulgere
725 1607 832 1684 posset
842 1593 1054 1683 aliquantum,
1066 1594 1161 1682 cujus
1173 1604 1222 1658 est

184 1715 301 1770 totum.
327 1702 392 1770 Sed
414 1721 472 1769 nos
495 1715 701 1770 contemnere
724 1702 885 1771 malumus
908 1727 986 1794 opes
1008 1725 1104 1790 quam
1119 1701 1221 1766 eonti-
1304 1737 1306 1794 3

185 1835 263 1878 nere
276 1834 285 1876 a
300 1811 516 1882 innocentiam
529 1813 628 1902 magis
643 1812 803 1902 cupimus,
815 1815 915 1904 magis
929 1814 1113 1904 patientiam
1128 1811 1219 1900 ssogi-
1304 1811 1306 1836 ¹

183 1935 303 1997 tamus.
317 1921 477 1991 malumus
491 1947 549 1989 nos
565 1926 666 1990 bonos
681 1947 763 2002 esse,
781 1949 876 2015 quam
892 1925 1043 2015 prodigus
1058 1947 1067 1990 t
1080 1935 1112 1989 ct
1133 1925 1222 2013 quod
1304 1905 1306 1964 l

186 2033 329 2121 corporis
344 2033 483 2100 humana
499 2034 574 2100 vitia
589 2033 742 2100 sentimus
757 2046 789 2100 et
800 2035 953 2124 patimur,
966 2057 1032 2100 non
1047 2045 1096 2099 est
1112 2053 1221 2122 poena,

185 2141 296 2208 militia
322 2154 380 2209 est.
408 2143 577 2210 Fortitudo
602 2144 688 2210 euim
714 2141 952 2211 infirmitatibus
978 2145 1163 2219 roboratur,
1191 2155 1224 2208 ct

186 2251 350 2320 calamitas
369 2255 481 2343 saepius
501 2252 667 2344 disciplina
685 2255 810 2320 virtutis
829 2266 877 2320 est
898 2279 906 2320 ι
927 2253 1009 2320 vires
1028 2253 1168 2343 denique
1190 2266 1225 2320 et
1304 2237 1306 2256 ⁴

187 2365 302 2430 mentis
327 2376 359 2430 et
382 2365 523 2454 corporis
541 2364 609 2432 sine
631 2363 750 2430 laboris
774 2365 1000 2431 exercitatione
1021 2377 1220 2454 torpescunt.
1305 2383 1306 2422 ἕ

188 2475 307 2542 Omnes
324 2474 403 2542 adeo
419 2476 514 2542 vestri
528 2476 590 2541 viri
602 2474 712 2552 sortes,
729 2499 810 2564 quos
826 2476 858 2540 in
875 2474 1057 2565 exemplum
1072 2475 1224 2564 praedico·
1305 2493 1306 2496 ’

185 2584 239 2656 tis.
255 2583 405 2651 aerumnis
420 2583 484 2650 suis
505 2581 616 2672 inclyti
635 2583 824 2652 floruerunt.
843 2587 955 2675 ltaque
969 2599 1002 2651 et
1022 2585 1115 2651 nobis
1134 2586 1222 2652 Deus

186 2714 322 2760 necnon
334 2705 438 2780 potest
452 2695 633 2770 subvenire,
646 2718 707 2763 uec
721 2697 869 2786 despicit;
889 2720 964 2764 cum
977 2697 1016 2762 sit
1027 2709 1059 2762 et
1075 2697 1222 2763 omnium

188 2815 308 2878 rector,
326 2813 358 2868 et
374 2815 498 2870 amator
514 2829 645 2871 suorum
662 2828 670 2870 ε
687 2806 788 2871 sedin
804 2805 941 2872 adversis
958 2829 1222 2894 unumquemque

191 2912 334 3004 explorat
347 2928 381 2984 et
395 2913 570 2991 eremium
588 2917 752 3006 ingenium
767 2914 965 3006 singulorum
980 2915 1130 3004 periculis
1146 2941 1223 3006 pen-

178 3027 280 3100 'sitatt
308 3049 408 3115 usque
434 3027 475 3095 ad
498 3040 672 3096 extremam
696 3041 833 3095 mortem
860 3025 1057 3094 voluntatem
1075 3027 1222 3094 'hominis

192 3139 383 3213 sciscitatur.
396 3137 475 3206 nihil
485 3139 544 3205 sibi
555 3163 647 3228 posse
662 3139 766 3228 perire
779 3163 920 3204 securus.
937 3139 1048 3228 ltaque
1059 3151 1096 3203 ut
1109 3161 1221 3204 aurum

190 3250 329 3338 ignibus,
347 3251 392 3317 sic
407 3273 465 3316 nos
480 3246 714 3316 discriminibus
731 3251 905 3340 arguimur.

225 3357 400 3428 XXXVII.
417 3360 523 3441 Quam
533 3358 704 3448 pulchrum
717 3358 934 3449 spectaculum
945 3356 1026 3436 Deo,
1036 3382 1111 3427 cum
1124 3359 1223 3425 chris·

186 3467 291 3537 tianus
313 3490 388 3534 cum
407 3467 516 3534 dolore
534 3469 750 3557 congreditur,
768 3491 843 3534 cum
863 3468 1031 3534 adversum
1052 3468 1169 3543 minas,
1189 3478 1224 3532 et

187 3575 354 3667 supplicia,
369 3587 402 3644 et
416 3589 574 3646 tormenta
593 3579 819 3668 componitur?
835 3601 910 3646 cum
926 3580 1093 3668 strepitum
1110 3577 1221 3642 mortis

188 3699 220 3751 ct
235 3685 402 3785 horrorem
422 3687 580 3756 carnificis
596 3688 758 3780 irripiens*
775 3688 938 3758 inculcat?
953 3711 1026 3755 cum
1038 3688 1221 3754 libertatem

186 3798 436 3864 ruamadversus
448 3821 538 3888 reges
549 3813 582 3868 et
592 3801 751 3892 principes
763 3799 879 3890 erigit?
895 3798 1041 3875 soliDeo,
1056 3799 1147 3887 cujus
1159 3810 1219 3872 est,

220 3927 229 3962 ¹
242 3929 334 3979 Forsan
350 3917 480 4006 :irridere
