2412 4596
319 260 510 308 arnouareu
531 265 592 309 mn.
620 265 656 310 11.
968 242 1010 334 89

0 427 3 436 ‹
40 413 79 442 a,
104 383 353 462 nm,'«lutlnicam
365 385 564 474 opinionem
583 399 616 452 et
627 385 809 475 pestilentiae
819 387 1010 465 cathedram,

1 526 20 553 *a
33 524 44 535 κ·
56 524 79 552 .·
123 495 398 582 interpretantem.
430 493 520 561 Alius
542 507 649 564 autem
668 496 796 563 dicebat
814 496 914 585 magis
937 519 1014 588 pro-

10 605 55 681 'e,
76 603 317 693 intelligendam
337 604 467 692 quidem
479 629 550 676 csse
565 607 701 695 primam
724 607 956 673 beatitudinem
973 607 1013 674 de

14 713 96 800 ,qui
118 736 186 780 non
210 724 284 780 sunt
304 711 470 780 sceleratas
492 713 593 780 secuti
611 717 798 791 sententias,
825 738 895 804 quae
912 740 929 780 a
944 716 1016 782 Deo

1 833 156 888 *ecerunt
179 846 187 887 ε
207 822 380 888 secundam
396 833 521 900 autem,
539 824 579 889 de
594 824 653 900 iis,
677 824 731 912 qui
752 824 786 889 in
805 822 869 890 lata
884 824 933 890 via
949 847 1015 890 non

10 942 120 1008 nent,
141 931 208 996 sive
227 931 337 996 nutriti
358 931 391 996 in
417 932 518 1020 Lege,
543 933 607 998 sive
629 955 670 998 ex
690 933 846 1000 Gentibus
870 932 1016 999 conversi

13 1039 97 1102 rint.
128 1037 287 1103 Catledrn
307 1050 414 1104 autem
435 1039 612 1128 pestilentiae
626 1052 659 1106 'et
680 1041 804 1108 theatra
825 1040 958 1116 suerint,
983 1052 1016 1107 et

12 1145 166 1225 barralis,
193 1147 248 1212 ubi
274 1147 429 1240 imprimis
452 1148 554 1215 solent
577 1147 722 1216 homines
744 1151 832 1238 sequi
853 1149 1017 1238 improbas

1 1282 3 1286 ’
22 1253 166 1322 exitiales
189 1255 382 1334 Potestates,
404 1268 437 1322 et
458 1280 591 1347 operum
606 1280 717 1324 earum
739 1257 910 1348 participes
932 1258 1013 1324 fieri.

18 1397 22 1420 ι
49 1363 81 1430 in
98 1367 169 1453 lege
184 1363 314 1430 Domini
332 1369 469 1431 voluntas
486 1366 551 1454 eJ'ns
566 1366 576 1400 ¹
590 1391 598 1432 τ
612 1368 724 1435 Petrus
740 1367 773 1433 in
788 1367 1019 1434 Praedicatione

2 1497 83 1564 spem
100 1484 137 1538 et
152 1473 263 1561 Logon
276 1473 443 1564 appellavit
454 1475 636 1544 Dominum.
653 1473 754 1547 Aliter
769 1486 877 1542 autem
893 1475 1019 1542 videtur

4 1605 96 1670 roque
110 1579 275 1671 legislator
287 1582 403 1649 docere
414 1595 478 1649 tres
489 1584 622 1662 modos¹
640 1584 756 1674 quibus
773 1583 929 1674 accipitur
943 1606 1021 1672 pec·

5 1703 77 1758 itum
95 1716 104 1758 ε
126 1714 241 1757 eorum
256 1690 405 1779 quidem,
422 1715 492 1782 quae
507 1693 540 1758 in
558 1715 704 1759 sermone
721 1691 820 1769 fiunt,
843 1715 902 1781 per
917 1693 1019 1782 pisces

5 1814 77 1866 tutos
87 1825 96 1866 τ
108 1800 253 1866 estenim
264 1823 370 1866 revera
382 1801 435 1866 ubi
444 1800 596 1866 silentium
607 1813 651 1868 est
657 1824 791 1866 senone
800 1800 1018 1887 prestantius:

7 1921 31 1974 st
42 1911 135 1976 etiam
151 1909 270 1974 silentii
285 1912 380 1976 bonor
391 1934 495 1997 eapers
505 1910 634 1998 periculi
649 1935 659 1977 .·
674 1933 788 1978 eorum
805 1922 934 1988 autem,
951 1934 1021 1999 quaa

7 2030 56 2083 unt
68 2018 97 2083 in
112 2013 218 2096 lacto,
229 2041 287 2107 per
303 2043 373 2084 aves
386 2043 516 2109 rapaces
534 2031 567 2085 et
577 2021 758 2089 carnivorae
773 2043 912 2108 :porcus
927 2042 1022 2086 coeno

6 2137 15 2190 t
31 2135 171 2193 stercore
188 2125 364 2200 delectatur
384 2152 392 2194 τ
414 2140 446 2194 et
462 2140 588 2218 oportet
603 2152 644 2194 ne
665 2128 876 2198 conscientiam
891 2127 1021 2218 quidem

6 2236 90 2300 abere
104 2235 292 2322 pollutam².
311 2235 424 2302 Merito
447 2261 524 2328 ergo
544 2237 621 2304 dicit
639 2237 795 2328 propheta
813 2261 822 2302 ε
845 2264 857 2298 α
874 2239 945 2306 Non
957 2238 1023 2316 sic,

6 2343 114 2433 inquit,
134 2343 245 2433 impii,
262 2345 318 2412 sed
328 2358 481 2434 tanquam
495 2345 616 2436 pulvis,
630 2370 726 2436 quem
738 2345 867 2436 projicit
880 2357 990 2411 ventus
1006 2371 1025 2414 e

6 2451 75 2520 lacie
90 2465 202 2520 terrae.
228 2453 399 2543 Propterea
420 2479 484 2522 non
505 2467 671 2546 resurgent
689 2455 778 2546 impii
797 2454 829 2520 in
851 2454 973 2543 judicio
991 2451 1023 2532 ⁸,

5 2562 129 2653 puijcm
144 2574 217 2628 sunt
228 2563 420 2629 concinnanti
434 2588 444 2630 .·
459 2563 599 2652 quoniam
610 2564 664 2652 qui
678 2587 743 2630 non
760 2563 878 2640 credit,
895 2563 961 2652 jam
972 2562 1026 2653 ju-

5 2669 123 2740 dicatus
141 2669 215 2738 est⁶
231 2695 239 2738 :
254 2671 363 2760 Neque
379 2684 561 2762 peccatores
579 2673 613 2740 in
632 2671 764 2740 consilio
786 2673 945 2762 justorum
956 2671 1019 2751 ’,ι

6 2782 108 2870 uijam
126 2791 202 2846 sunt
219 2780 358 2848 damnati
371 2779 507 2858 adhoc,
524 2793 642 2848 utnon
663 2783 813 2850 uniantur
828 2783 882 2860 iis,
903 2781 958 2870 qui
974 2782 1039 2850 in-.

4 2883 135 2957 recenter
149 2889 320 2956 vixerunt:
337 2889 522 2972 «Quoniam
544 2891 631 2957 novit
646 2890 801 2960 Dominus
817 2891 901 2957 viam
921 2891 1026 2979 justo-

12 3021 94 3076 rum,
108 3011 145 3065 et
156 2999 207 3064 via
218 3011 427 3088 pcccatorum
438 3000 563 3088 peribit.
579 3027 592 3064 a
611 3001 730 3068 Rursus
742 3001 898 3066 Dominus
911 3011 1022 3089 aperte

2 3109 122 3176 stendit
140 3108 173 3173 in
194 3119 302 3174 nostra
326 3131 394 3173 esse
414 3119 569 3199 potestate
592 3107 706 3176 delicta
727 3123 760 3174 et
778 3122 929 3198 peccata,
950 3131 1027 3176 cum

2 3217 94 3284 nodos
114 3217 293 3282 curationis
313 3217 409 3282 animi
428 3219 549 3283 morbis
570 3218 793 3286 convenientes
814 3217 974 3294 ostendit,
995 3228 1029 3287 et

0 3348 39 3391 os
59 3351 78 3391 a
100 3325 283 3418 pastoribus
306 3326 421 3415 corrigi
442 3324 558 3391 debere
578 3311 636 3416 per
661 3324 861 3394 Ezechielem
887 3338 1025 3392 monet:

4 3455 158 3509 ecnsans,
176 3433 309 3523 opinor,
325 3457 437 3499 eorum
454 3432 590 3524 aliquos,
607 3434 694 3524 quod
704 3443 862 3525 prae'cepta
877 3457 942 3504 non
958 3459 1026 3502 ser-

1 3543 130 3612 'averint
146 3567 153 3608 :
170 3541 264 3626 Quod
279 3540 460 3610 imbecillum
471 3545 551 3638 fnit,
566 3569 627 3636 non
643 3544 842 3634 confirmastis
857 3545 889 3620 ⁶,
909 3557 941 3610 et
958 3569 1028 3637 quas

0 3651 140 3742 einceps
155 3664 409 3741 consequuntur,
427 3677 527 3744 usque
544 3654 584 3720 ad
599 3652 700 3720 illud:
722 3655 862 3721 «utnon
874 3666 963 3733 erat,
974 3655 1029 3744 qui

25 3807 170 3876 Ῥώμη,
189 3793 1030 3882 a.-—'1Cor.vn1,7'.—¹Psalan.1,4,5.—⁴Josn.u1,8.-

5 3902 92 3952 natm.
102 3919 129 3966 ι,
144 3899 175 3968 5,
185 3901 267 3954 6.-·
278 3902 365 3952 &ech-
377 3919 466 3968 xxxxv,
482 3907 505 3965 4.
