2574 4628
247 253 317 335 upl,
558 265 738 310 cucumare
765 245 973 308 ,remaneatur

254 391 356 480 gimus
368 377 574 476 supplicium?
582 407 641 452 cur
655 406 720 489 non
734 386 907 474 recipimus
917 385 1055 450 donuml
1065 407 1121 451 cur
1132 399 1237 452 autem
1246 405 1270 454 α

252 523 322 588 quae
338 496 554 586 praestantiora
573 508 659 570 sunt,
671 495 776 562 Deum
792 493 913 562 scilicet
930 519 996 584 prae
1013 493 1109 571 malo,
1121 519 1189 562 non
1204 494 1270 586 eliffl'¹

252 633 337 686 mus,
349 619 382 675 et
399 604 642 672 simulacrorum
652 604 752 671 cultui
765 605 952 694 sapientiam
967 605 1177 696 praeferimus,
1188 595 1270 712 etprl

251 732 354 785 morte
370 718 464 782 titum
480 715 855 805 comparamuslcllcce,
869 716 992 803 inquit,
1008 729 1080 782 ante
1094 717 1209 782 lactem
1218 715 1271 784 rau

252 843 360 892 »tram
371 825 461 916 posui
479 835 615 890 mortem
627 838 660 892 et
671 824 797 890 vitam&
813 823 950 892 »Tentat
961 837 993 891 te
1004 825 1174 902 Dominus,
1187 787 1271 906 utsii

251 956 322 1006 tam
332 937 444 1028 eligas.
458 935 622 1010 Hortatur,
633 946 785 1022 tanquam
794 946 898 1023 pater,
911 947 943 1000 et
951 934 1075 1010 suadet
1085 948 1119 999 ut
1129 935 1229 1001 Deoo

249 1049 327 1114 (lias.
341 1075 353 1107 ι
365 1045 398 1112 Si
410 1045 496 1112 enim
506 1067 572 1120 mc,
580 1045 703 1130 inquit,
715 1043 876 1110 audieritis
884 1057 916 1110 et
924 1044 1097 1121 volueritis,
1105 1047 1228 1112 bonate

252 1154 495 1225 »comedetis²:
520 1155 634 1220 »hanc
653 1155 817 1221 constituit
836 1155 1062 1222 obedientiae«r
1042 1156 1187 1245 gratiam
1199 936 1271 1258 «Ξ

251 1280 384 1335 »autem
400 1263 479 1330 mihi
495 1287 559 1330 non
577 1263 772 1340 obedieritis,
785 1287 890 1354 neque
904 1265 1079 1340 volueritis,
1098 1263 1272 1390 5¹³di¹¹³fll

250 1407 263 1440 a
279 1390 311 1441 et
322 1375 403 1464 ignis
415 1371 619 1440 devorabit⁸z
632 1373 716 1439 »hoc
729 1373 878 1439 adversus
889 1375 1124 1442 contumaciam
1134 1375 1272 1462 judiciam

249 1485 442 1576 pronuntiat.
460 1484 543 1550 Haec
553 1485 644 1548 oraim
656 1484 1062 1560 locutumcatosllcmini,
1075 1485 1265 1559 veritatislex,

249 1596 376 1664 Domini
383 1595 538 1662 Verbum.
550 1591 712 1669 Placetne,
726 1607 773 1671 ut,
787 1594 873 1684 quod
883 1595 1019 1660 maxime
1031 1596 1121 1661 vobis
1129 1595 1263 1684 exped'at

250 1705 418 1773 consilium
429 1703 610 1794 errpouamil
626 1702 690 1770 Vos
705 1703 802 1793 igitur
811 1704 965 1770 attendite
978 1727 986 1768 ε
1000 1729 1058 1795 ego
1070 1719 1179 1772 autem
1188 1704 1263 1778 clare.

248 1841 308 1908 pro
320 1817 399 1882 meis
411 1815 545 1889 viribus,
557 1813 728 1880 exhibebo.
747 1814 925 1903 Oportebat
934 1816 1064 1904 quidem
1076 1839 1148 1892 vos,
1158 1814 1263 1881 obomi·

249 1951 318 2003 nes,
332 1949 407 1992 cum
423 1924 462 1990 de
478 1927 563 1990 bono
578 1923 771 2012 cogitaretis,
786 1936 900 1990 testem
912 1925 1098 1992 adhibuisse
1111 1925 1263 1992 insitrmac

248 2036 414 2110 idoneum,
427 2033 537 2110 fidem,
550 2055 620 2122 quae
632 2057 670 2099 ex
680 2057 714 2098 se
726 2035 832 2100 statim
844 2058 883 2102 ac
899 2059 954 2100 sua
970 2049 1085 2102 natura
1102 2035 1187 2126 eligit
1198 2033 1262 2124 quod

249 2159 298 2212 est
313 2145 624 2235 praestantissimum
647 2167 707 2226 nec
725 2169 765 2210 an
781 2168 817 2210 ea
835 2145 875 2211 sit
892 2147 1133 2236 persequenda,
1150 2145 1261 2213 tamdiu

224 2279 391 2345 ·quaerere
411 2267 465 2322 aut
485 2253 640 2322 laborare.
660 2255 762 2322 Nemo
778 2255 865 2322 enim
881 2270 1022 2323 vestrum
1044 2258 1182 2334 dubitat,
1196 2257 1261 2323 terli

249 2391 358 2447 causa,
383 2391 423 2432 an
439 2378 584 2456 oporteat
599 2367 770 2440 inebriari3
793 2389 916 2444 verum,
932 2369 1120 2457 priusquam
1141 2367 1261 2436 conside

249 2477 337 2550 retis,
356 2475 567 2542 inebriamini.
589 2476 657 2541 Nec
674 2474 766 2542 valde
783 2475 907 2544 solliciti
929 2481 1004 2544 estis
1027 2505 1067 2546 an
1092 2479 1186 2548 liceat
1198 2480 1261 2568 injo-

249 2585 329 2648 riam
345 2582 450 2648 secere
464 2608 473 2656 3
488 2582 545 2648 sed
561 2606 644 2660 eam,
658 2607 755 2672 quam
771 2587 903 2674 potestis
921 2587 1103 2664 celerrime,
1117 2591 1219 2656 facitis
1236 2587 1260 2652 la

248 2691 311 2758 hoc
322 2690 426 2756 solum
440 2691 580 2768 haeretis,
594 2717 636 2758 an
648 2693 733 2758 Deus
748 2695 788 2760 sit
801 2694 953 2762 colendus
962 2698 977 2762 l
987 2712 1020 2762 ct
1031 2722 1071 2764 an
1084 2697 1139 2766 hic
1150 2701 1260 2789 sapiens,

248 2803 334 2867 Deus
350 2825 465 2891 nempe
481 2815 513 2868 et
533 2802 692 2880 Christus,
716 2806 755 2870 sit
771 2808 974 2894 sequendus?
993 2811 1069 2876 ltaec
1091 2810 1185 2898 digna
1204 2833 1262 2876 oon

248 2911 418 2980 sultatione
429 2933 468 2978 ac
479 2910 707 2978 deliberatione
725 2927 827 2980 vestra
845 2917 1048 2993 existimatis3
1065 2920 1144 3009 quid
1163 2922 1200 2984 sit
1213 2921 1262 2985 tte

248 3037 359 3113 aptum
371 3047 408 3090 ac
420 3023 550 3099 decens,
564 3025 694 3089 minime
706 3026 890 3112 cogitantes.
908 3027 1036 3095 Credite
1052 3029 1165 3096 saltem
1180 3029 1262 3100 nobis.

247 3133 517 3224 quemadmodum
532 3132 639 3199 soletis
650 3137 809 3210 ebrietati,
827 3150 864 3200 ut
879 3139 976 3203 sobrii
988 3141 1138 3206 evadetis.
1156 3142 1263 3206 Credite

246 3244 379 3320 saltem,
396 3215 697 3332 quemadmodum
688 3246 829 3332 injuriae,
854 3260 890 3310 ut
913 3249 1011 3313 vitam
1033 3251 1262 3340 consequamini.

248 3353 394 3432 Quodsi,
414 3355 518 3443 agnita
536 3354 689 3418 virtutum
706 3355 871 3422 manifeste
894 3357 970 3434 lide,
993 3362 1211 3451 obtemperare
1225 3383 1265 3424 ac·

246 3461 380 3539 lueritis,
402 3487 440 3528 ex
462 3464 635 3530 abundanti
658 3464 747 3528 vobis
772 3465 902 3530 afferam
925 3489 996 3555 quae
1027 3473 1067 3537 ad
1093 3471 1265 3538 eliciendum

246 3583 386 3641 vestrum
410 3597 600 3640 consensum
620 3597 637 3638 a
654 3573 760 3640 Verbo
777 3576 974 3664 suppeditata
993 3593 1076 3647 sunt.
1097 3581 1160 3646 Vos
1175 3593 1265 3646 eutem

250 3679 362 3769 (patrii
378 3683 463 3748 enim
478 3699 582 3749 mores
599 3683 644 3749 sic
659 3707 713 3750 vos
728 3705 1045 3774 praeoccupaverunt,
1066 3705 1128 3756 uta
1142 3691 1265 3759 veritatis

246 3791 350 3856 studio
365 3791 430 3857 huc
452 3816 551 3882 usque
573 3794 699 3884 penitus
721 3797 913 3888 averterint)
933 3801 1011 3888 jam,
1035 3803 1163 3869 tandem
1185 3804 1222 3870 ad
1239 3825 1265 3865 ea

279 3921 405 3972 ¹Dcuter.
420 3939 476 3982 aaa,
491 3926 528 3984 15,
544 3924 748 3990 19.-·2ttai.1‚
766 3927 1174 3993 19.—⁸1tiu..,20;1xrm,‘u.
1254 3972 1258 3988 .
