2570 4614
395 323 594 379 rmaiuosus,
617 325 676 368 ιιι.
705 323 726 366 ι.
806 335 809 340 ·
1017 323 1079 390 279

39 461 96 528 par
111 436 228 514 David,
245 436 357 503 diceus
371 460 379 502 ι
393 439 535 504 «Beatus
551 440 598 504 vir
611 441 666 528 qui
682 461 746 504 uon
763 435 937 504 ambulavit
956 436 988 501 in
1008 459 1081 502 aon-

38 546 132 614 ·siiio
148 547 337 636 impiorum,
357 561 391 614 et
406 549 437 613 iu
454 549 501 614 via
517 560 723 638 peecatorum
740 571 805 612 nou
821 545 920 622 stetit,
938 558 970 610 et
986 568 1080 634 supra

36 659 252 724 »cathedram
266 657 523 748 pestilentiarum
542 679 612 725 non*
626 658 707 726 sedit
722 682 730 724 ι
746 657 802 724 sed
819 659 852 723 in
867 654 935 746 lege
951 656 1080 723 Domini

35 766 211 834 »voluntas
227 769 299 857 ejus
308 767 330 834 ¹.
348 797 363 832 ι
380 768 518 835 Consilia
533 783 642 835 autem
664 769 760 835 dandi
783 780 847 833 tres
866 779 941 832 sunt
960 777 1076 856 partes.

39 879 109 946 Una
123 879 273 970 quidem,
291 903 363 969 quae
384 881 481 946 sumit
502 879 646 969 exempla
670 903 710 945 ex
731 887 875 973 {empore
894 877 1076 968 praeterito:

36 999 86 1065 at,
101 987 193 1054 verbi
215 989 328 1078 gratia,
345 989 422 1079 quid
438 989 579 1056 Hebraeis
599 989 741 1055 evenerit
760 989 815 1077 qui
837 1009 949 1054 aurum
966 987 1079 1052 adora·
1152 1005 1155 1008 ·

35 1111 115 1166 ruat
138 1097 173 1164 in
193 1096 307 1175 vitulo,
326 1110 360 1163 et
374 1098 451 1187 quid
467 1099 550 1186 passi
564 1109 639 1164 sunt
655 1121 730 1166 cum
745 1097 892 1163 fornicati
909 1107 1026 1172 essent,
1047 1107 1080 1161 et

35 1229 107 1295 quae
119 1217 197 1271 suut
209 1203 333 1270 similia.
348 1204 454 1271 Altera
466 1228 553 1278 vero,
567 1228 637 1294 quae
647 1227 688 1270 ex
703 1205 851 1295 prasenti
867 1215 1012 1291 tempore
1024 1202 1075 1267 ia-

30 1313 206 1404 leiligitur,
226 1323 263 1379 ut
279 1335 349 1402 quae
366 1337 459 1379 sensu
475 1313 783 1403 comprehenderam
799 1313 882 1379 sieut
896 1311 977 1376 iilud
992 1311 1079 1400 quod

38 1423 162 1490 dictum
182 1422 222 1488 iis
237 1422 293 1510 qui
313 1420 485 1488 Dominum
500 1433 665 1510 rogarunt,
681 1447 696 1482 ι
712 1421 761 1487 An
783 1421 850 1510 ipse
870 1431 953 1485 esset
969 1418 1079 1485 Chris·
1097 1416 1100 1424 ’

38 1563 51 1598 ι
65 1548 130 1611 tus,
143 1557 186 1602 aa
202 1554 280 1600 vera
297 1531 394 1598 alium
409 1531 637 1622 expectamus?
654 1532 761 1608 dieite,
778 1547 811 1596 et
829 1531 926 1597 dieite
942 1530 1076 1598 Joaunia

36 1667 55 1708 ι
66 1645 154 1712 Caeci
171 1645 301 1720 rident,
320 1643 407 1710 surdi
424 1643 577 1721 audiunt,
595 1641 710 1733 leprosi
729 1640 942 1718 mundantur,
961 1642 1079 1709 mortui

37 1767 259 1846 »murgum
290 1766 325 1820 et
351 1756 464 1820 beatus
494 1755 548 1844 qui
576 1776 640 1821 nau
663 1753 759 1820 suerit
787 1751 1018 1820 scandalizatus
1045 1753 1078 1820 in

37 1865 151 1934 »me².
176 1896 190 1930 ι
205 1868 277 1934 Hoc
290 1888 368 1955 ergo
389 1865 448 1930 fisis
463 1867 550 1954 quod
564 1866 709 1957 predixit
723 1865 826 1932 David
841 1863 976 1931 asinus
992 1864 1078 1930 audi·

41 2008 56 2038 ι
66 1979 186 2053 vimus,
203 1978 294 2043 itaet
310 1975 479 2043 vidimus¹.
495 2005 508 2040 ι
522 1976 569 2042 Ex
587 1977 702 2043 mauris
719 1989 826 2042 autem
843 1985 969 2042 constat
984 1975 1077 2048 tertia

40 2111 117 2180 pars
132 2087 229 2153 dandi
241 2083 378 2162 oonsilii,
393 2111 456 2176 qua
471 2109 541 2175 quae
556 2099 632 2153 sunt
653 2095 807 2154 eventura
828 2085 919 2174 jubet
942 2087 1046 2152 careri
1067 2109 1076 2150 ι

40 2196 313 2288 quemadmodum
328 2195 409 2263 illud
429 2218 555 2286 quoque
570 2197 759 2264 dictumest
778 2220 786 2262 ι
805 2195 896 2276 «Qui
917 2207 1024 2261 autem
1046 2197 1079 2262 in

40 2319 203 2398 »peccata
213 2306 397 2383 inciderint,
414 2306 583 2394 ejicientur
594 2307 627 2373 in
643 2307 791 2372 tenebras
807 2304 1001 2372 exteriores:
1016 2302 1079 2370 illio

37 2449 54 2484 ι
66 2420 124 2486 erit
134 2417 232 2484 fletus
244 2429 278 2483 et
288 2416 408 2482 stridor
417 2415 561 2482 dentium
571 2414 599 2489 ’ς
614 2423 669 2481 ret
681 2437 751 2503 que
763 2425 837 2480 sunt
848 2411 960 2480 similia
975 2435 983 2476 ι
998 2413 1079 2480 adeo

35 2543 70 2595 ut
82 2553 122 2596 ex
135 2527 190 2594 his
206 2527 356 2593 omnibus
370 2523 494 2592 ciarum
509 2526 562 2603 sit,
581 2525 769 2602 Dominum,
790 2548 849 2613 per
866 2545 993 2591 omnem
1009 2545 1078 2588 me·

32 2641 128 2706 dendi
149 2639 315 2704 rationem
333 2636 575 2727 procedentem,
592 2635 766 2702 humanam
782 2649 930 2704 naamam
946 2657 1078 2701 evocare

32 2751 73 2816 ad
90 2748 247 2818 salutem.
262 2747 489 2814 Admonitiono
508 2759 615 2814 autem
633 2743 914 2838 peccatamitigat,
932 2746 1079 2812 minuens

33 2863 165 2952 quidem
187 2858 419 2948 cupiditatem,
439 2856 659 2924 simulantem
678 2879 768 2946 spem
786 2857 931 2946 praehens
952 2855 1074 2922 salutis.

33 2972 119 3039 Dicit
132 2971 225 3037 euim
240 2992 301 3060 per
318 2965 540 3046 Ezechielem:
559 2994 572 3029 ι
593 2967 629 3034 si
649 2967 793 3034 conversi
811 2966 933 3031 fueritis
952 2989 992 3032 ex
1009 2973 1077 3032 toto

33 3111 47 3143 ι
61 3081 162 3148 corde
173 3089 299 3154 vestro,
313 3089 345 3144 et
357 3075 510 3153 dixeritis,
523 3075 629 3154 Pater,
642 3077 769 3143 audiam
787 3058 842 3143 vos
854 3089 1007 3163 tanquam
1019 3097 1079 3162 po-

30 3222 44 3256 ι
56 3191 175 3283 pulum
192 3201 341 3256 sanctum
352 3185 442 3253 ⁶.»Et
455 3209 565 3254 rursus
576 3187 653 3254 dicit
665 3210 674 3252 ι
687 3186 825 3255 «Venite
839 3185 881 3252 ad
892 3208 956 3261 me,
969 3207 1079 3262 omues

28 3302 111 3394 »qui
124 3299 282 3368 laboratis
298 3309 332 3400 et
343 3294 465 3366 onerati
481 3296 568 3375 estis,
581 3309 614 3362 et
630 3320 691 3387 ego
710 3296 852 3362 reficiam
863 3292 936 3361 vos⁸
950 3315 958 3358 ι
970 3303 1025 3358 »et
1042 3316 1079 3359 ea

28 3437 101 3503 quae
113 3420 310 3502 sequuntur,
322 3431 362 3475 ex
372 3431 428 3475 sua
443 3431 578 3500 persona
595 3409 673 3475 dicit
689 3408 855 3475 Dominus.
874 3405 1079 3493 Apertissime

28 3537 142 3589 autem
160 3519 203 3586 ad
218 3518 397 3586 bonitatem
411 3530 505 3585 vocat
519 3541 577 3608 per
591 3516 812 3590 Salomonem,
830 3507 958 3580 dieens:
973 3513 1077 3579 «Bea-

29 3645 111 3700 »lus
126 3629 230 3696 homo
243 3627 298 3716 qui
316 3626 436 3693 invenit
448 3626 649 3718 sapientiam,
676 3639 709 3692 et
721 3621 863 3691 mortalis
880 3625 934 3712 qui
962 3623 1081 3690 invenit

75 3833 85 3867 ¹
96 3830 166 3883 rul.
178 3849 198 3892 ι,
213 3847 238 3890 ι,
250 3847 275 3877 ι.
293 3854 325 3866 -
340 3826 455 3880 ιΜιῑΙΙι.
466 3845 501 3890 ιι,
513 3827 575 3888 Μ,
585 3829 609 3888 5,
621 3828 646 3877 6.
658 3827 719 3877 Luc.
731 3843 776 3888 ιιι,
790 3843 827 3892 ι9,
840 3843 880 3887 ιι,
890 3825 932 3877 aa.
950 3823 1077 3874 -31'sai

31 3925 121 3966 ιιιιιι,
131 3905 206 3958 8.-⁶
217 3904 313 3955 Marah.
322 3907 385 3964 nir,
399 3904 436 3965 ιδ,
448 3919 505 3962 ιιι,
517 3904 559 3954 50.
568 3905 610 3942 -5
622 3903 713 3953 Erech.
726 3899 1079 3962 1vm,etxum.-⁶Mauh.

34 3999 70 4042 ιι,
82 3983 121 4032 ιθ.
