2574 4628
369 313 571 359 couoururro
594 314 635 358 to
656 315 787 360 curres.
1037 301 1098 386 189

44 460 56 493 ι
70 433 159 498 cebo
173 453 236 498 vos
247 431 268 496 ¹.
284 431 431 499 »Deinde
443 432 531 520 quusi
542 432 608 520 jam
622 431 686 500 lide
697 431 828 499 imbutis
841 431 981 501 breviter
996 438 1100 525 suhji-
1212 434 1216 444 '

44 543 87 608 rit
107 565 149 606 :s
166 541 256 622 Quis
278 554 328 608 est
348 541 447 608 homo
465 542 519 629 qui
547 539 615 607 vult
636 542 750 618 udum,
771 543 826 629 qui
859 541 962 632 diligit
993 546 1102 612 videre

44 653 136 718 »dies
151 650 305 720 bonos²i
320 681 334 714 ι
351 651 427 730 llos,
448 651 641 739 inquiemus,
660 650 738 718 tales
759 671 882 729 sumus,
901 653 956 742 qui
977 655 1099 740 bopum

43 761 203 839 colimus,
225 765 397 850 bonosque
417 771 586 828 sectemur.
611 761 728 828 Audite
746 763 854 852 igitur,
880 764 935 850 qui
954 767 1073 853 procul
1084 793 1096 842 r

42 873 164 950 cudite,
178 873 245 962 qui
253 896 358 962 prope
366 872 466 940 estis'.
477 871 622 942 Verbum
635 896 654 939 e
667 873 794 940 nemine
806 886 946 961 unqunm
956 874 1096 942 celatum

41 983 112 1059 luit,
129 984 206 1059 sed,
225 982 319 1072 quast
334 983 462 1073 publice
477 981 543 1059 lux,
559 981 669 1050 illucet
684 984 837 1050 monibus
858 983 1049 1054 nominibus
1061 987 1091 1064 ⁴,

43 1103 74 1159 et
84 1093 176 1182 quod
188 1093 361 1184 adipsum
375 1116 470 1160 nemo
482 1105 530 1159 est
545 1092 747 1160 Cimmerius.
762 1093 972 1183 Properemus
984 1118 1096 1164 conse·
1138 1099 1141 1103 ’

43 1204 96 1290 qui
108 1202 259 1272 salutem
273 1202 481 1270 renascendo.
499 1203 724 1293 Properemue,
740 1204 782 1271 ed
797 1204 979 1294 exemplum
993 1207 1095 1273 unitu-

44 1315 83 1380 tis
95 1314 207 1382 unicte
222 1327 359 1404 neturss,
378 1337 444 1380 uuo
459 1311 551 1379 multi
563 1336 672 1380 emoto
684 1314 881 1404 conjungiet
892 1313 1090 1387 coalesceret

45 1425 205 1513 bonaque
222 1423 373 1490 monadis
387 1423 529 1490 videndus
546 1423 651 1490 studio
664 1425 798 1501 incensi,
811 1425 866 1512 qui
885 1426 956 1512 ejus
971 1425 1094 1492 bonito·
1134 1404 1140 1417 ’

49 1535 87 1600 tis
96 1535 277 1623 participes
290 1556 413 1609 sumus,
428 1533 582 1600 unitatem
594 1533 712 1623 pariter
722 1557 903 1622 sequamur.
918 1532 1092 1604 Multorum

51 1646 134 1710 enim
145 1645 297 1712 inunum
308 1665 496 1720 concursus,
509 1644 542 1710 iu
554 1643 693 1710 divium
703 1646 875 1734 quemdem
886 1645 1093 1713 concordium

49 1754 176 1821 remiis
196 1777 238 1821 ec
254 1753 456 1822 discordibus
470 1754 602 1820 vocibus
620 1755 762 1832 redacte,
780 1777 881 1823 unum
898 1767 1092 1823 concentum

51 1859 162 1937 ellioit,
174 1861 393 1949 etundemque
408 1860 498 1929 chori
514 1862 631 1933 ducem
640 1875 674 1929 et
684 1864 871 1952 magistrum
886 1863 1042 1952 sequitur,
1060 1877 1093 1932 et

54 1972 90 2036 'm
103 1972 217 2038 eedem
234 1973 437 2062 requiescens
458 1973 602 2050 veritate,
615 1975 716 2050 dicit,
739 1973 839 2040 Atta
852 1973 980 2062 pater‘.
999 1975 1090 2044 llunc

59 2078 146 2146 Dens
161 2105 342 2170 germanum
356 2080 496 2148 liliorum
510 2105 643 2148 suorum
657 2105 783 2160 vocem,
795 2105 893 2170 quem
907 2084 1043 2172 primum
1058 2085 1089 2154 ei

59 2188 177 2256 offerre
190 2189 299 2268 solent,
312 2190 526 2281 amplectitur.

101 2299 144 2367 Χ.
168 2301 212 2369 At
232 2325 315 2380 vero,
335 2303 464 2393 inquitis
475 2301 500 2381 ⁸,
516 2315 659 2369 evertere
679 2297 925 2370 eonsuetudines
947 2307 1085 2395 nmejo·

55 2413 141 2479 ribus
164 2414 257 2482 uoltis
283 2414 426 2492 traditos,
454 2415 567 2482 rationi
599 2413 731 2480 minime
751 2425 1002 2482 consentaneum
1024 2427 1082 2482 ost.

50 2519 187 2588 Proinde
209 2545 269 2590 cur
287 2545 352 2588 non
374 2521 457 2590 lecte
476 2524 571 2589 etiem
595 2523 728 2598 utimur,
743 2513 895 2610 tunquam
909 2523 1012 2612 primo
1028 2523 1088 2592 eli-

48 2645 157 2700 mento
168 2634 224 2699 oui
236 2633 377 2700 nutrices
387 2646 512 2717 nostrae,
524 2634 630 2700 stetim
642 2657 680 2701 ec
691 2634 807 2700 fuimus
824 2635 856 2700 in
876 2632 981 2701 lucem
996 2636 1086 2714 editi,

46 2742 722 2834 uosnssueleoeruntiournugemuspotrum
730 2742 907 2822 facultates,
918 2743 1087 2812 velmiuui·

45 2877 134 2930 mus:
153 2877 222 2922 nec
236 2856 386 2922 eumdem
399 2879 475 2922 eum
486 2857 620 2922 modum
639 2879 734 2944 quem
745 2853 789 2922 illi
804 2857 898 2922 nobis
914 2857 1084 2946 reliquere,
1132 2871 1141 2884 ‘

44 2965 201 3058 deinceps
215 2979 372 3057 perpetuo
381 2967 565 3034 servemus?
576 2989 635 3034 cur
647 2989 707 3033 neo
719 2968 752 3032 iu
764 2968 850 3034 sinus
861 2969 1085 3056 petrumcibos

44 3089 171 3143 nostros
192 3078 381 3168 regerimus,
403 3101 464 3146 nec
485 3079 582 3145 etium
601 3077 661 3144 ulie
684 3077 791 3145 adhuc
812 3077 945 3146 lecimus
969 3080 1085 3166 quibus

42 3183 134 3262 olim,
150 3207 229 3252 cum
243 3185 367 3275 parvuli
381 3209 522 3254 essemus
537 3199 570 3252 et
585 3212 603 3252 a
620 3187 775 3254 matribus
792 3185 964 3261 aleremur,
985 3187 1084 3254 risum

42 3293 299 3370 commovimus3
320 3293 376 3362 sed
402 3297 626 3386 nosmetipsos,
648 3297 745 3373 etiem
767 3293 855 3362 nullo
879 3296 1083 3385 praeoipieute

42 3405 210 3494 magistro,
225 3405 416 3494 corrigimus
427 3417 460 3471 et
470 3403 699 3473 emendemus?
714 3403 810 3483 Quod
825 3403 850 3468 si
866 3402 899 3469 iu
914 3402 1082 3472 effectibus

43 3533 204 3589 meamus,
220 3514 280 3580 etsi
296 3514 361 3580 sint
374 3508 549 3608 admodum
562 3512 732 3602 periculosi
755 3524 788 3578 et
808 3511 959 3590 exitiales,
976 3495 1082 3582 tumen
1108 3505 1112 3514 ’

44 3619 147 3711 eliqua
158 3645 219 3690 uos
229 3621 394 3712 voluptate
405 3620 567 3690 afficiunt:
582 3643 640 3688 our
654 3643 719 3688 uon
731 3619 827 3688 etiem
837 3621 870 3686 in
881 3621 955 3698 vitu,
968 3645 1007 3688 ex
1019 3621 1081 3692 hoc

76 3765 161 3854 'Pul
175 3822 261 3870 xxxiv,
279 3821 320 3854 rr.
334 3832 366 3841 -
378 3803 390 3837 ²
402 3803 463 3854 ibid.
478 3803 581 3853 12.-³
597 3805 696 3854 Esther.
715 3821 751 3863 rx,
767 3821 805 3854 uo·
821 3805 886 3856 Dan.
902 3823 936 3868 rx,
952 3824 975 3871 7.
988 3807 1086 3871 Epheso

46 3894 74 3938 u,
89 3879 381 3946 17.-⁸Joan.1,9.-
393 3879 403 3912 ⁵
416 3879 492 3929 Marc.
506 3895 559 3940 xiv,
570 3879 611 3932 56.
622 3881 697 3966 Rom.
711 3895 766 3938 vrri,
782 3883 818 3930 15.

77 3952 88 3985 ⁶
101 3953 161 4006 t'ide
173 3957 204 4006 l).
217 3957 338 4019 Guillcn,
347 3971 375 4022 p.
389 3955 435 4008 ³85
447 3965 472 4010 ot
486 3973 539 4022 seq·
