2448 4610
1 385 115 412 mmm
118 384 192 409 W·
196 384 215 405 Ἀ
219 381 371 406 mamm
376 383 414 406 ΛΜ
418 382 448 404 m
452 382 481 404 Μ
485 381 581 404 »smum
585 379 638 402 ἉηΛ
644 381 782 406 menmium
785 380 882 406 me
886 379 1018 408 mum

58 549 370 688 SANCTI
434 547 945 694 CLEMENTIS

210 867 213 872 ,
307 765 700 876 turrenorum

279 1045 736 1153 scaenarun
836 993 839 998 ’

344 1251 464 1322 LIBRI
485 1251 669 1321 SEPTEM.

256 1489 761 1528 ψ

296 1701 466 1788 LIBER
493 1700 721 1786 PRIMUS.

58 1949 154 2016 Primi
172 1947 393 2016 stromatum
421 1943 503 2015 libri
534 1943 758 2016 desideratur
784 1945 947 2030 initium,
974 1937 1036 2012 sed

19 2057 179 2134 directum
190 2059 336 2132 videtur
347 2061 391 2133 ad
409 2060 617 2133 familiarem
634 2060 828 2160 quemdam
845 2059 900 2132 vel
912 2063 1038 2157 magis·

16 2189 118 2268 trum,
134 2183 199 2277 qui
214 2177 415 2278 perlectum
428 2179 528 2249 illum
545 2179 590 2250 ad
609 2179 698 2252 alios
714 2181 957 2250 transmittere
975 2201 1037 2247 cu·

15 2313 110 2369 reret.
128 2301 241 2368 Totus
255 2310 337 2396 post
355 2294 543 2368 exordium
561 2303 597 2368 in
611 2322 655 2368 eo
668 2313 831 2368 versatur
846 2309 985 2386 auctor,
998 2307 1041 2365 ut

17 2409 205 2486 doctrinam
224 2413 453 2485 christianam
474 2413 776 2514 philosophorum
799 2413 964 2486 doctrina
983 2436 1042 2482 ve·

16 2535 195 2604 tustiorem
212 2529 445 2604 demonstret.
776 2541 794 2588 t

314 2686 545 2756 ARTICULUS
566 2686 726 2758 PRIMUS.

441 2839 605 2882 uxoantuu.

67 2945 106 3015 1⁸.
117 2949 318 3042 Antequam
331 2959 582 3044 argumentum
596 2943 835 3044 aggrediatur,
850 2943 896 3016 de
911 2942 1045 3016 docen-

30 3057 108 3132 tibus
125 3061 233 3132 simui
252 3077 288 3133 et
309 3061 532 3136 discentibus
553 3063 741 3162 paululum
762 3068 845 3160 agit.
865 3067 1046 3133 Ducentos

27 3178 160 3274 quidem
174 3177 218 3251 ad
231 3179 529 3252 disseminandam
541 3185 725 3252 scientiam
736 3183 787 3252 sic
799 3177 1031 3251 adhortatur:

63 3353 252 3422 Pnncnmnr¹
276 3377 344 3421 esse
368 3367 402 3421 et
429 3354 598 3422 honestum
619 3356 782 3432 existimo,
811 3355 848 3420 iis
872 3353 966 3421 etiam
993 3353 1047 3442 qni

27 3465 240 3548 potestaten
263 3477 357 3541 sunt,
384 3467 484 3532 bonos
508 3463 589 3530 filios
612 3461 800 3553 relinquere.
832 3464 879 3529 hc
903 3462 958 3529 sriii
982 3463 1048 3552 qni-

29 3567 93 3636 dem
104 3595 291 3663 corporum,
313 3573 424 3640 animae
439 3585 547 3640 autem
563 3572 652 3638 liberi
668 3585 741 3638 sunt
757 3573 890 3661 scripta;
908 3573 973 3661 jam
991 3596 1049 3662 pa-

31 3688 85 3744 tres
95 3705 146 3747 eos
158 3682 305 3759 dicimus,
319 3682 372 3771 qui
385 3707 442 3749 nos
453 3681 611 3749 catechesi
624 3683 837 3748 instituerunt.
848 3679 1049 3772 Philosophia

34 3797 127 3856 autem
141 3789 280 3858 humana
301 3803 368 3870 est,
388 3805 467 3860 etse
485 3791 632 3860 hrhcnter
647 3791 871 3862 communicat.
889 3791 974 3862 Dicit
989 3791 1052 3858 ita-

63 3909 71 3944 ¹
89 3919 141 3990 Peg.
152 3921 202 3972 316
213 3931 238 3976 et
247 3937 298 3992 req·

154 4023 195 4078 iit
950 4023 963 4082 Ι
1012 4077 1019 4090 ,
1070 4083 1074 4096 1
