2614 4628
219 263 275 305 122
530 257 702 306 ctbttbo'rls
730 261 939 308 acutianum!

212 375 418 464 sequatur,[is
432 374 529 443 bomo
550 378 612 444 Dei
626 377 635 411 ¹
659 377 807 444 allicitur.
826 375 912 444 Alios
928 377 1004 442 item
1019 387 1111 442 vocat
1126 401 1139 436 ι
1154 373 1255 464 lupos

212 513 225 546 s
242 483 377 572 pellibus
392 487 499 554 orium
515 487 642 554 indutos
652 485 677 563 ²,
694 507 846 576 »rapaces
861 487 1005 552 homines
1020 486 1167 552 innuens.
1184 486 1253 552 llas
1302 574 1304 576 Ι

213 590 440 681 igitur¹omnes
466 595 709 662 immanissimas
730 594 824 670 feras,
848 606 880 660 et
906 593 1090 682 hujusmodi
1111 593 1252 682 lapides,

211 702 348 772 coelestis
369 705 421 772 ille
444 717 557 772 cantus
579 707 612 772 in
628 719 811 782 mansuetos
833 706 977 774 homines
998 705 1250 772 transformavit.

220 815 381 881 ‹Eramus
395 816 494 892 enim,
515 839 649 884 eremos
662 815 833 904 aliquando
848 828 881 882 et
901 837 958 881 nos
978 815 1177 903 insipientes,
1199 815 1254 880 in-

211 922 378 999 screduli,
401 936 556 1000 errantes,
585 925 756 992 servientes
786 923 1000 1014 voluptatibus
1025 936 1058 990 et
1083 923 1254 990 desideriis
1305 983 1306 986 ,

211 1063 223 1095 s
242 1033 345 1110 variis,
362 1034 394 1098 in
409 1032 528 1100 malitia
543 1046 577 1100 et
591 1033 706 1102 insidia
722 1046 864 1124 agentes,
884 1032 1029 1108 odibiles,
1048 1047 1081 1098 et
1103 1033 1253 1100 odientes

212 1142 415 1217 »invicem⁸;
441 1171 455 1206 ι
477 1155 511 1210 ut
533 1143 577 1210 ait
602 1142 767 1232 Scriptura
784 1140 957 1232 apostolica
977 1167 986 1207 ε
1003 1166 1016 1204 ι
1038 1143 1121 1208 Cum
1139 1155 1253 1210 autem

211 1254 417 1342 »benignitas
439 1266 473 1318 et
495 1253 676 1322 hnmanitas
697 1255 843 1344 apparuit
864 1252 1034 1320 Salvatoria
1053 1255 1155 1320 nostri
1178 1253 1251 1336 Dei,

211 1387 306 1430 »non
327 1387 367 1428 ex
392 1366 543 1452 operibus
568 1365 696 1453 justitiae
716 1388 786 1452 quae
805 1365 937 1434 facimus
962 1388 1033 1442 nos,
1055 1365 1112 1432 sed
1136 1387 1252 1430 secun·

210 1502 224 1536 s
240 1471 317 1538 dum
329 1495 419 1538 suam
436 1474 686 1554 misericordiam
699 1472 800 1542 salvos
815 1498 873 1542 nos
888 1473 992 1542 lecit⁴.
1011 1475 1082 1540 »En
1095 1485 1252 1566 quantam

212 1583 308 1650 babet
332 1582 396 1648 vim
413 1582 492 1651 illud
512 1605 632 1650 norum
648 1585 823 1660 canticum,
840 1583 926 1672 quod
946 1584 1091 1652 homines
1114 1609 1154 1652 ex
1170 1584 1251 1673 lapi-

212 1692 318 1769 dibus,
338 1693 482 1760 homines
502 1716 542 1760 es
562 1691 636 1758 seris
656 1693 820 1762 formavit!
840 1693 917 1782 quin
932 1705 965 1759 et
988 1694 1009 1760 ii
1031 1695 1085 1782 qui
1106 1691 1252 1783 alioquin

212 1801 309 1870 veluti
331 1804 450 1869 mortni
471 1802 612 1878 fuerunt,
637 1816 748 1892 utpote
768 1802 821 1870 illa
836 1826 907 1894 quas
928 1802 993 1872 sola
1018 1827 1088 1870 rera
1110 1816 1156 1870 est
1184 1806 1252 1870 vita

213 1914 338 2003 privati,
351 1913 459 1980 audito
472 1914 535 1982 boo
553 1915 693 1992 cantico,
710 1916 816 1982 statim
831 1915 1021 1982 revixerunt.
1044 1916 1114 1982 lloc
1128 1927 1161 1980 et
1179 1917 1255 1982 uni·

214 2025 394 2090 versitatem
415 2025 523 2090 reraim
546 2036 682 2114 apteque
705 2047 937 2114 numeroseque
963 2026 1187 2104 concinnavit,
1220 2040 1254 2092 et

212 2131 370 2202 elementa
394 2133 585 2201 dissonantia
616 2135 662 2202 sic
690 2132 801 2200 docuit
824 2156 950 2200 servare
976 2146 1189 2212 concentum,
1218 2146 1253 2199 ut

213 2255 298 2309 totus
321 2242 375 2311 bic
392 2241 531 2308 mundus
550 2242 717 2310 harmonia
737 2243 875 2331 quadam
895 2254 1066 2310 constaret.
1087 2241 1168 2309 lllari
1180 2245 1250 2332 qui-

212 2353 287 2438 dem
301 2352 466 2420 humidam
481 2364 515 2418 et
525 2352 705 2420 instabilem
720 2364 868 2420 naturam
884 2352 990 2430 dedit,
1005 2364 1037 2418 et
1057 2363 1167 2420 tamen
1187 2365 1248 2420 ter-

212 2488 282 2531 ram
296 2463 458 2532 incursare
472 2463 645 2553 probibuit.
664 2463 796 2532 Terram
810 2485 899 2541 vero,
916 2487 986 2552 quae
997 2463 1085 2552 prius
1097 2464 1165 2532 buc
1178 2461 1252 2533 illuc

213 2573 371 2649 lluitabat,
392 2571 590 2641 immobilem
609 2573 697 2650 lecit,
718 2572 811 2662 eique
834 2595 922 2642 mare
943 2596 1002 2663 pro
1018 2574 1157 2640 termino
1173 2596 1252 2641 oon-

213 2683 324 2748 stituit.
341 2683 526 2762 Quinetiam
541 2681 735 2750 circumfuso
749 2705 823 2748 aere
838 2681 902 2748 vim
917 2682 998 2771 ignis
1009 2681 1160 2759 mollivit,
1176 2707 1253 2772 quo

214 2791 386 2858 dammodo
401 2791 533 2860 Doricos
549 2793 661 2860 modos
676 2792 784 2880 Lydiis
803 2791 971 2862 moderans
986 2816 995 2858 s
1010 2805 1042 2858 et
1057 2793 1182 2859 immite
1196 2793 1253 2860 sri-

215 2926 273 2992 gus
293 2903 375 2969 aia'ris
397 2903 478 2991 ignis
501 2901 671 2992 complexu
686 2901 808 2980 lenivit,
825 2901 921 2992 hujus
942 2903 1077 2970 universi
1093 2905 1251 2993 partibus,

214 3025 366 3102 tanquam
385 3014 534 3080 extremis
560 3014 657 3092 sonis,
677 3012 874 3102 aequabiliter
895 3013 1090 3103 temperatis.
1115 3013 1253 3082 Proinde

215 3123 278 3190 boc
290 3120 470 3192 immortale
481 3124 655 3200 canticum,
668 3124 765 3191 totius
776 3122 1028 3200 firmamentum,
1041 3123 1254 3211 omniumque
1289 3151 1295 3167 ι

215 3233 354 3320 partium
368 3232 546 3311 harmonia,
562 3253 579 3296 a
596 3233 707 3298 mediis
721 3231 763 3298 ad
777 3244 935 3298 extremos
950 3229 1044 3308 lines,
1062 3244 1095 3300 et
1111 3253 1254 3298 rursusa

215 3342 331 3410 linibus
343 3343 385 3408 ad
396 3343 499 3410 media
515 3342 710 3432 pertingens,
721 3341 785 3408 boc
799 3341 980 3408 uuiversum
993 3351 1067 3430 apte
1083 3339 1252 3431 disposuit,

216 3475 281 3520 non
295 3453 424 3541 quidem
439 3452 616 3520 secundum
627 3451 797 3520 Thraciam
813 3452 980 3528 musicam,
994 3475 1065 3540 quae
1084 3449 1195 3518 similis
1206 3465 1255 3518 cst

216 3564 245 3630 ei
262 3585 358 3651 quam
373 3563 493 3630 invenit
510 3563 626 3640 Tubal,
645 3564 701 3630 sed
721 3563 897 3630 secundum
916 3587 988 3630 eam
1009 3585 1107 3653 quam
1128 3562 1256 3632 aemula·

216 3685 266 3739 tus
289 3687 338 3740 est
359 3673 472 3750 David,
494 3675 553 3742 Dei
573 3675 723 3744 creatoris
747 3672 951 3743 voluntatem.
977 3674 1125 3746 Verbum,
1144 3687 1254 3741 autem

216 3783 286 3860 Dei,
303 3783 390 3873 qnod
406 3807 444 3852 ex
460 3783 561 3852 David
572 3795 696 3861 natum,
713 3799 787 3856 ante
802 3809 877 3854 enm
888 3785 960 3862 luit,
978 3785 1046 3874 lyra
1067 3795 1100 3852 et
1116 3785 1253 3858 cithara,

249 3914 258 3947 ¹
271 3933 281 3962 a
295 3913 405 3966 Timolb.
419 3917 458 3976 ur,¹
475 3913 673 3994 Ιιγι-ἳΜιιῐιΙι.
685 3933 730 3978 ιιι,
743 3919 778 3966 15.
790 3916 837 3956 -3
850 3917 901 3972 Tit.
915 3934 954 3978 ιιι,
966 3912 1121 3968 t.-‘1ti‹t.
1133 3911 1155 3971 d.
