2546 4614
377 301 507 344 nournra
531 300 563 344 ιιι
588 300 800 344 ruaoraarua.
1040 280 1103 356 tos

121 419 174 486 lX.
189 420 250 486 llic
261 429 309 484 est
323 416 460 506 Spiritus
472 417 526 505 qui
537 418 576 482 ab
589 417 679 482 initio
695 417 855 482 serebatur
870 439 965 504 super
979 414 1102 504 aquis¹,

1 545 2 572 ¹
83 551 239 620 perquem
254 527 392 594 mundus
408 538 566 603 movetur,
579 538 691 592 natura
706 538 813 591 creata
825 527 980 602 consistit,
992 538 1025 590 et
1040 548 1105 590 om·

25 653 30 662 '
84 641 129 706 uia
148 639 243 706 vitam
263 639 424 726 accipiunt
448 637 527 725 :qui
551 638 584 702 in
605 635 770 725 Prophetis
790 649 937 724 operatus
959 647 1006 702 est
1025 635 1049 710 ²,
1074 636 1106 702 in

85 749 239 814 Christum
255 745 411 814 devolavit
422 746 445 810 ⁸.
461 746 522 811 Hic
536 757 584 810 est
598 743 734 833 Spiritus
749 745 854 832 speeie
870 743 1049 834 linguarum
1065 745 1107 833 ig-

83 881 207 924 nearum
219 859 311 923 datus
323 855 480 946 Apostolis
490 855 512 920 ‘.
527 857 621 920 Hunc
634 857 795 941 quaerebat
808 853 909 920 David
920 877 994 920 cum
1007 856 1083 922 dixit
1100 880 1108 921 ι

1 1019 4 1023 1
90 969 170 1034 «Cer
179 969 212 1035 in
226 992 277 1034 me
289 990 406 1057 purum
417 989 504 1043 crea,
513 967 613 1041 Deus,
623 976 655 1030 et
668 964 821 1054 Spiritum
832 977 957 1031 rectum
968 967 1001 1031 in
1013 967 1110 1033 visee-

1 1099 2 1108 ’
73 1108 94 1148 ,ι
108 1079 192 1145 ribus
204 1079 282 1144 meis
295 1078 408 1144 innova
419 1077 440 1141 ⁶.
456 1107 469 1141 ι
486 1077 533 1143 De
547 1077 611 1143 hoc
626 1074 755 1142 Gabriel
767 1077 808 1142 ad
818 1075 982 1165 Virginem
996 1101 1004 1141 ε
1018 1104 1030 1136 ι
1042 1075 1111 1166 Spi-

83 1220 95 1252 »
107 1191 182 1255 ritus
194 1203 322 1256 sanetus
334 1189 534 1278 superveniet
547 1189 580 1254 in
593 1201 637 1264 te,
649 1201 681 1253 et
693 1189 833 1275 potentia
846 1186 988 1253 altissimi
1001 1190 1112 1255 obum-

84 1301 213 1365 »brabit
235 1300 294 1366 tibi
306 1299 328 1365 ⁸.
351 1299 439 1366 »Per
460 1299 548 1364 hunc
561 1375 562 1378 Ἴ
573 1297 727 1387 Spiritum
748 1297 860 1362 Petrus
875 1299 1001 1362 beatam
1024 1297 1110 1364 illam

8 1441 9 1476 z
82 1432 190 1474 vocem
205 1409 317 1476 allatus
333 1421 382 1475 est
399 1433 406 1474 :
429 1409 480 1475 Tu
493 1432 525 1474 cs
543 1408 705 1484 Christus,
724 1408 757 1472 F
758 1407 836 1473 ilius
852 1407 915 1472 Dei
932 1409 1077 1472 viventia
1087 1405 1108 1472 ⁷.

7 1551 11 1590 ι
83 1517 237 1585 Perhuuc
248 1519 401 1609 Spiritum
412 1519 535 1585 sumata
547 1505 697 1585 Ecclesiae
708 1532 797 1607 petra
808 1529 857 1582 est
867 1516 889 1580 ⁸.
904 1519 964 1583 llic
974 1529 1022 1582 est
1040 1516 1113 1606 Spi-

83 1629 171 1702 ritus,
183 1629 365 1695 Paracletus
379 1641 553 1717 propterte
565 1629 691 1702 missus,
708 1640 744 1692 ut
756 1627 987 1693 demonstraret
997 1628 1113 1694 Filium

0 1784 1 1791 ι
86 1749 117 1800 te
133 1759 202 1800 esse
216 1736 275 1800 Dei
286 1736 308 1800 '.

130 1843 173 1909 X.
189 1842 317 1910 Accede
332 1843 430 1933 igitur
443 1855 476 1909 et
490 1863 690 1932 regenerare,
703 1867 722 1909 o
736 1843 846 1920 homo,
859 1845 899 1910 ad
914 1845 1116 1935 adoptionem

86 1954 118 2020 in
134 1952 236 2020 tilium
251 1954 321 2019 Dei.
340 1956 380 2020 Et
395 1953 579 2041 quomodoi'
594 1955 705 2042 inquit.
721 1954 754 2020 Si
770 1977 833 2021 non
850 1954 1041 2022 adulterium
1057 1980 1116 2024 nee

1 2093 3 2103 ι
86 2063 204 2130 caedem
217 2065 428 2139 commiseris,
440 2087 500 2130 nec
512 2063 595 2130 idola
606 2063 743 2130 colueris
751 2089 761 2138 ς
777 2066 801 2130 si
814 2089 878 2131 non
892 2065 1024 2133 vincaris
1036 2093 1054 2134 a
1065 2092 1118 2133 vo·

85 2172 221 2263 luptate;
237 2174 262 2238 si
273 2197 337 2240 non
350 2174 530 2240 committas
543 2185 578 2239 ut
590 2173 723 2240 allectus
739 2175 893 2264 superbiae
904 2177 961 2242 tibi
972 2179 1118 2266 domine-

85 2295 156 2356 tur;
180 2285 205 2348 si
228 2285 336 2349 sordes
358 2283 548 2374 impuritatis
565 2285 737 2373 abstergas,
759 2297 791 2350 et
813 2309 892 2351 onus
914 2289 1037 2375 peccati
1053 2314 1071 2356 a
1086 2302 1118 2354 te

86 2394 233 2482 abjicias;
249 2397 274 2460 si
291 2419 387 2462 exuas
402 2407 596 2462 armaturam
612 2393 728 2460 diaboli
747 2407 779 2460 et
795 2397 906 2462 induas
918 2395 992 2462 fidei
1011 2399 1120 2464 thora-

0 2585 1 2590 *
90 2527 162 2570 cem
176 2503 314 2596 ¹⁰,lsicut
328 2506 458 2571 Esaias:
480 2503 676 2580 «Lavamiui,
691 2505 813 2592 inquit,
834 2518 867 2571 et
885 2508 1015 2594 quaerite
1026 2509 1121 2596 'judi-

1 2609 2 2612 '
93 2615 221 2690 scium,
238 2615 349 2704 eripite
367 2637 566 2704 oppressum,
581 2614 721 2703 judicate
736 2614 891 2705 orphano,
904 2615 1056 2684 absolvite
1075 2619 1122 2683 vi-

90 2753 103 2786 ι
122 2724 219 2789 duam
237 2749 244 2789 :
263 2737 294 2790 et
308 2726 412 2792 venite
430 2738 463 2791 et
477 2726 702 2815 disceptemus,
719 2727 762 2791 ait
775 2727 939 2793 Dominus.
958 2728 998 2792 Et
1019 2729 1044 2794 si
1060 2730 1123 2795 sint

88 2860 101 2894 ι
120 2845 253 2921 peccata
266 2827 367 2900 vestra
378 2837 460 2903 sicut
469 2837 623 2925 puniceus
635 2849 815 2926 pannus,ut
826 2838 931 2904 nivem
943 2837 1098 2906 dealbabo
1112 2862 1120 2904 z

23 3021 40 3043 ,
87 2971 101 3004 ι
119 2942 209 3030 sique
228 2942 346 3009 luerint
358 2957 392 3009 ut
404 2948 584 3022 coccinum,
598 2946 753 3013 dealbabo
766 2959 800 3012 ut
814 2946 929 3013 lanam.
944 2948 984 3014 Et
999 2950 1125 3036 quando

88 3082 102 3116 ι
119 3050 214 3117 vultis
229 3075 340 3118 vocem
353 3077 456 3120 meam
468 3056 589 3132 audire,
602 3058 686 3123 bona
705 3069 797 3122 terrae
816 3058 987 3123 comedetis
1000 3058 1036 3122 ¹¹.
1051 3060 1126 3127 »Vi-
1195 3097 1198 3104 ⁴

48 3207 52 3216 ·
88 3162 160 3237 des,
178 3161 305 3238 dilecte,
323 3163 483 3252 quomodo
498 3162 655 3254 Propheta
676 3167 824 3254 baptismi
846 3166 909 3232 vim
928 3170 1123 3258 purgativam

87 3273 246 3362 praedixit.
259 3273 322 3352 Qui
335 3273 420 3338 enim
431 3296 506 3341 cum
517 3273 582 3339 lide
595 3274 626 3339 in
634 3274 698 3339 hoc
712 3277 956 3365 regenerationis
965 3276 1125 3345 lavacrum

88 3379 268 3457 descendit,
291 3383 452 3447 renuntiat
472 3380 569 3457 malo,
588 3393 620 3446 et
641 3382 767 3448 Christo
787 3409 820 3448 se
845 3385 972 3452 addicit.
994 3388 1125 3456 Hostem

87 3492 247 3581 abnegat,
269 3504 302 3556 at
326 3491 489 3559 Christum
514 3492 619 3558 Deum
639 3516 707 3558 esse
727 3493 907 3560 confitetur.
935 3493 1126 3564 Servitutem

86 3599 192 3676 exuit,
208 3599 311 3665 induit
326 3601 540 3698 adoptionem.
558 3598 653 3665 Redit
669 3623 708 3666 ex
723 3601 881 3690 baptismo
896 3602 1077 3692 splendidus
1093 3619 1129 3672 ut

124 3800 135 3833 ¹
149 3797 219 3848 Gen.
235 3817 254 3858 ι,
274 3817 297 3849 a.
311 3827 341 3838 -·
354 3799 365 3833 ²
378 3801 435 3852 Act.
449 3817 540 3861 aaran,
553 3803 593 3850 25.
603 3828 636 3838 -
647 3799 657 3834 ³
669 3801 760 3850 blatth.
775 3820 814 3862 ιιι,
830 3803 865 3850 ι5.
882 3801 935 3840 ·-·-⁴
952 3803 1009 3852 det.
1021 3821 1053 3860 ιι,
1064 3803 1087 3850 3.
1098 3832 1129 3840 —

90 3873 101 3905 ⁵
116 3873 184 3922 Psal.
198 3893 230 3934 ιι,
247 3889 285 3925 ro.
299 3875 348 3913 -⁸
362 3875 421 3926 huo.
438 3876 797 3937 1,55.-⁷statth.xv1,1e.
813 3877 857 3914 -l
872 3876 938 3928 ibid.
952 3877 988 3927 18.
1002 3879 1043 3916 -l
1053 3879 1129 3928 Joan.

95 3962 152 4006 xiv,
168 3948 207 3996 26.
221 3978 251 3987 —
263 3949 284 3982 ¹⁰
295 3949 388 4014 Ephea,
401 3966 436 4012 ιι,
452 3951 490 4010 id.
503 3979 535 3990 -
545 3950 566 3984 ¹¹
577 3950 636 4001 lsai.
651 3970 671 4012 ι,
684 3951 712 4000 ι6
723 3961 748 4001 ct
758 3967 830 4016 seqq.
