2738 4628
381 339 384 352 ,
458 295 578 340 coortu
602 292 751 342 uentre
805 292 810 300 ·
1083 297 1119 360 ¹7

73 417 209 492 sonim,
224 415 341 503 inquit,
357 437 398 480 ex
412 427 505 504 parto
526 415 759 506 cognoscimus,
776 391 863 481 etex
878 427 968 503 parto
983 414 1121 505 prophe-

72 539 238 592 cumus:
256 535 335 591 tunc
356 537 468 592 eutem
486 525 567 593 socie
587 526 629 591 od
649 525 764 593 sociem
781 521 804 590 ¹.
819 553 833 587 ι
848 525 918 592 Ηοο
932 526 1079 615 estquod
1091 538 1123 619 et
1141 502 1144 542 ¹

70 658 92 700 a
102 633 207 701 Petro
219 633 343 700 dictum
353 645 403 700 eet
418 657 426 700 ε
439 660 454 694 ι
469 633 748 724 Quemcumlnon
762 633 913 711 videritis,
926 633 1072 724 diligiti„
1090 636 1123 702 in

71 765 204 832 ‚quiem
221 765 310 809 nunc
327 765 457 831 quoquc
478 766 543 822 non
561 743 701 810 videntes
723 742 1050 824 creditis„orcdentc's
1065 767 1123 810 uu⁴

74 863 176 918 »tem
189 851 373 920 exultabitis
389 851 507 942 gaudio
521 851 724 919 inenarrabili
741 852 765 920 ².
783 883 807 917 ι.
817 853 927 923 Facies
944 854 1031 922 onim
1052 877 1124 922 nos-

72 973 128 1028 tra
142 961 262 1028 videbit
275 961 391 1028 sociem
401 961 461 1028 Dei
473 961 547 1039 vivi,
559 974 593 1026 ot
606 962 756 1051 gaudebit
770 958 886 1050 &audio
898 959 1100 1030 inenarrabili
1108 987 1118 1036 t
1241 948 1248 962 ’

73 1071 229 1140 videlicet
239 1095 319 1140 cum
334 1097 429 1140 suurn
447 1074 550 1140 videat
565 1073 727 1162 goudium.

134 1229 170 1315 7⁰
181 1223 233 1288 Ex
246 1219 407 1288 vanitate
420 1215 649 1312 objectorum
663 1215 674 1250 ⁸
695 1243 704 1286 ε

133 1361 207 1428 Ηοο
227 1373 339 1428 entem
358 1371 407 1428 cst
428 1359 517 1449 quod
536 1373 570 1425 et
592 1357 625 1427 in
650 1361 719 1428 aliis
739 1357 780 1427 ub
803 1355 956 1452 Apostolo
979 1363 1119 1430 dicitur:

84 1497 100 1532 ι
123 1467 291 1550 Quoniam
315 1492 391 1536 caro
413 1481 446 1534 ot
468 1470 594 1560 sanguis
618 1493 752 1560 rognum
772 1465 831 1538 Dei
851 1467 1039 1536 hereditare
1059 1493 1123 1538 non

76 1592 246 1670 »possunt
262 1577 285 1645 ⁶.
303 1609 316 1642 ι
333 1577 372 1645 ld
390 1590 439 1645 est
458 1578 545 1667 quod
561 1580 600 1646 ob
624 1581 772 1646 omnibus
789 1575 946 1646 haereticis
961 1579 1124 1670 profertur

76 1675 306 1760 inanientinm
327 1714 431 1766 suum,
451 1712 570 1778 exque
592 1702 624 1756 ot
643 1713 701 1756 nos
718 1688 891 1770 retardare,
910 1692 943 1756 et
958 1689 1124 1774 ostendere

77 1811 257 1875 conantur,
270 1822 335 1865 non
346 1781 458 1864 snivaii
470 1795 711 1886 plasmationem
722 1789 780 1864 Dei
796 1797 879 1866 :non
891 1798 1124 1888 conspicientes
1215 1819 1219 1830 ·

80 1910 158 1998 quia
175 1920 251 1975 sunt
266 1907 325 1974 triu
344 1930 383 1974 ex
401 1907 813 1997 quibus,quemodmodu1n
828 1906 1038 1986 ostendimus,
1054 1931 1124 1997 per-

85 2017 190 2084 tectus
207 2017 304 2084 homo
320 2028 457 2093 constet,
479 2017 587 2094 cerne,
604 2005 722 2093 animo,
742 2030 774 2083 et
793 2015 913 2106 Spiritu
939 2040 947 2082 ε
971 2028 1004 2083 ct
1023 2016 1123 2084 altero

83 2125 222 2216 quidem
236 2123 371 2192 saltante
382 2137 414 2190 ct
428 2123 600 2214 figurante,
617 2126 671 2213 qui
687 2138 735 2192 est
751 2125 886 2216 Spiritus
895 2150 904 2199 ς
924 2126 1025 2194 altero
1037 2127 1124 2216 quod

4 2319 5 2322 Ἴ
81 2235 202 2302 unitur
215 2247 249 2300 et
264 2233 426 2316 formatur,
440 2235 529 2324 quod
539 2247 588 2300 cst
599 2257 673 2300 curo
693 2258 700 2300 :
718 2235 752 2300 id
767 2259 840 2302 vero
856 2236 942 2324 quod
958 2237 1040 2303 inter
1054 2239 1124 2304 hece
1152 2297 1154 2304 ,

3 2367 4 2370 ’
78 2333 130 2413 osi
139 2346 220 2422 duo,
229 2344 318 2434 quod
329 2345 490 2411 estenimn
505 2367 514 2408 :
527 2365 599 2431 quae
612 2342 919 2434 aliquandoquidem
928 2347 1123 2434 subsequens

3 2499 4 2524 1
84 2457 259 2546 Spiritum,
287 2453 429 2522 elevatur
455 2455 495 2518 ab
517 2476 574 2528 eo;
598 2450 772 2541 aliquando
798 2465 905 2518 cutem
924 2457 1136 2530 concentione·

84 2569 186 2643 cerni,
210 2565 332 2632 decidit
355 2566 387 2631 in
403 2576 545 2630 terrenus
560 2564 845 2654 concupiscentias.
869 2563 1037 2656 Quotquot
1049 2571 1125 2657 crg‘o

5 2753 6 2783 ,
84 2676 119 2743 id
133 2675 224 2766 quod
239 2673 339 2741 solvat
353 2686 386 2740 ct
400 2671 530 2750 sormot,
546 2686 579 2738 ct
595 2674 749 2740 unitatem
765 2697 829 2740 non
845 2665 977 2751 hahent,
994 2665 1029 2741 hi
1043 2699 1123 2742 cou-
1199 2671 1202 2680 ’

84 2798 257 2876 sequenter
271 2797 366 2850 erunt
380 2795 413 2850 ct
427 2784 629 2850 vocabuntur
645 2807 721 2850 curo
736 2795 767 2849 et
779 2785 920 2874 sanguim
935 2786 1052 2878 quippe
1068 2787 1122 2876 qui
1146 2825 1152 2840 ·

85 2919 151 2964 non
166 2896 287 2973 hubent
302 2893 458 2984 Spiritum
468 2893 526 2960 Dei
542 2893 574 2959 in
590 2917 633 2960 se.
653 2893 786 2982 Propter
797 2893 859 2960 hoc
874 2907 982 2960 eutem
994 2909 1026 2960 et
1042 2919 1124 2961 mor-

86 3008 135 3074 tui
149 3004 226 3072 trice
242 3005 320 3072 dicti
338 3017 445 3070 eunte
462 3003 598 3072 Domino
614 3028 625 3069 ε
643 3031 656 3064 α
671 3003 772 3070 Sinite
787 3006 886 3082 enim,
901 3005 1017 3093 inquit,
1035 3027 1122 3072 mor-

88 3129 185 3183 ntcos
198 3113 333 3206 sepelire
349 3103 577 3180 mortuos-suos
593 3103 623 3188 ’ς
643 3113 819 3203 rquoniem
838 3138 902 3180 non
919 3114 1039 3182 hubent
1055 3115 1122 3206 Spi-

85 3228 181 3294 ritum
195 3225 250 3316 qui
267 3213 408 3290 vivificet
424 3221 599 3289 hominem.

142 3337 311 3423 Quotquot
332 3343 442 3398 cutem
460 3331 572 3396 timent
592 3329 707 3405 Deum,
728 3342 761 3396 ct
788 3331 925 3398 credunt
947 3331 980 3398 in
1002 3332 1121 3400 adven-

85 3461 151 3516 tum
164 3444 236 3512 Filii
259 3429 345 3533 ejus,
364 3453 399 3506 ct
416 3463 475 3531 por
494 3437 590 3506 fidem
612 3440 811 3506 constituunt
834 3439 867 3506 in
887 3441 1036 3508 cordibus
1055 3443 1119 3508 suis
1168 3463 1173 3480 ·

84 3556 235 3648 Spiritum
247 3553 321 3630 Dei,
333 3551 368 3618 hi
380 3549 459 3617 teies
470 3551 553 3640 juste
568 3549 712 3618 homines
726 3550 886 3628 dicentur,
902 3564 935 3618 et
950 3552 1074 3632 mundi,
1087 3568 1120 3618 ot

118 3731 595 3803 *icm.11·=,9,u.-⁴²1Pec1‚8.
623 3709 626 3714 Ι

110 3825 236 3890 ¹Cnp.rx,
249 3821 336 3890 μῶσο
348 3827 377 3869 ct
388 3833 446 3882 seq.

109 3912 137 3961 ἰ
150 3911 208 3962 Cor.
219 3925 262 3970 xv,
274 3911 318 3958 5⁰.
330 3933 360 3943 -
372 3905 382 3936 ⁵
394 3905 454 3952 Luc.
471 3920 504 3960 rx,
516 3903 557 3952 6ο.
642 3921 649 3986 '‚

164 4017 212 4060 itt.
