2382 4592
1185 169 1187 212 t

105 287 109 297 ·
204 256 265 322 aaa
489 275 663 324 camaras
687 279 900 324 auxumam
1185 275 1187 340 t

201 397 297 463 ditur.
310 397 456 464 «samiae
466 398 551 463 enim
563 421 675 464 eorum
692 413 765 466 sunt
779 421 950 489 perversae,
970 411 1001 464 et
1014 401 1168 489 nesaimtpe
1185 375 1187 434 ἑ

200 529 294 572 »cem
303 505 332 569 ἰ
345 505 462 592 ,inquit
469 505 636 594 Propheta.
649 506 788 574 ‹Stultas
797 521 940 575 autemet
948 503 1167 596 inemditasuuae

202 613 325 678 »tiones
339 612 459 678 vitare»
477 613 625 679 divinitus
638 615 734 680 suasit
740 614 879 692 Pardus,
899 617 1167 705 ‹qnoniamgsnend

200 719 408 812 ›pugnau’ta
428 732 463 786 et
478 719 593 788 clamat
611 721 798 811 AEsehylus,

297 845 342 904 Ne
358 847 437 932 iniis
452 847 569 906 labores
580 857 709 918 temere,
723 865 790 925 quae
806 845 880 907 nibil
897 850 1012 926 jurant.

196 963 354 1032 Nemeam
360 964 507 1053 quidem,
522 987 593 1052 que
605 965 992 1041 unaoumfideeonvenit,
1007 966 1166 1054 questionu,

197 1095 267 1160 qnae
282 1072 491 1138 fundamento
506 1073 579 1137 fidei
598 1073 829 1161 superaedificat
846 1073 1042 1193 splendidam
1055 1077 1168 1163 nonagn-

196 1177 292 1244 floam
308 1178 448 1244 veritatis
464 1178 697 1266 cognitionem,
713 1179 868 1266 optimam
882 1202 951 1244 esse
965 1179 1082 1243 samue
1094 1178 1171 1242 δήια

198 1298 324 1362 autem,
338 1287 424 1374 quod
441 1307 545 1374 neque
563 1308 600 1350 ea
614 1286 722 1373 utique
740 1299 944 1373 quaeruntur,
963 1255 1187 1373 quaesmtnani

197 1393 295 1467 festu
314 1405 349 1458 nt
361 1391 521 1482 exempla
534 1417 650 1469 causa
663 1417 703 1459 an
714 1394 753 1459 sat
766 1395 851 1469 dres
864 1417 939 1459 eum
953 1407 1004 1460 est
1018 1394 1095 1458 dies:
1089 1367 1187 1478 nequi

197 1524 252 1576 ea,
269 1523 339 1589 quaa
351 1513 423 1565 sunt
436 1495 576 1576 incerta,
592 1512 626 1566 et
639 1525 802 1589 nunquam
816 1499 887 1566 fieri
901 1514 1036 1591 possunt
1047 1500 1166 1572 manifsta.

196 1622 231 1673 ut
254 1606 351 1685 illud,
367 1610 470 1674 sintne
494 1606 592 1673 stellae
608 1633 700 1698 pares
726 1634 766 1675 an
787 1610 924 1697 impares
940 1635 949 1674 :
967 1609 1025 1675 sed
1045 1631 1163 1696 nequeo.

195 1737 265 1804 quae
281 1728 510 1782 convertuntur
529 1741 536 1782 ε
554 1739 591 1782 ea
609 1739 685 1782 vero
702 1729 949 1793 convertuntur,
969 1739 1040 1806 quae
1053 1715 1163 1800 abiapi
1186 1701 1187 1780 ff

197 1824 403 1890 adversantur
416 1825 449 1889 in
465 1823 666 1900 disserendo,
683 1847 722 1889 ex
740 1846 831 1912 aequo
847 1825 909 1890 diei
926 1837 1070 1914 possunt;
1081 1820 1162 1892 nidd,
1186 1873 1187 1894 ι

195 1955 236 1998 an
248 1931 287 1995 sit
303 1929 438 2006 animal,
458 1933 545 2021 qnod
558 1943 606 1996 est
626 1933 658 1997 in
678 1944 787 2008 utero,
804 1956 843 1998 an
860 1955 924 1998 non
942 1930 1066 1998 animal.
1080 1934 1161 2011 Quen
1185 1939 1187 1966 ³

194 2039 309 2105 modus
324 2051 391 2114 est,
408 2039 536 2128 quando
552 2063 591 2104 ex
611 2038 761 2107 alterutra
787 2040 905 2107 horum
928 2052 1020 2130 parte
1040 2037 1162 2129 producite

194 2159 436 2234 argumentum,
455 2159 565 2212 contra
585 2146 674 2234 quod
688 2148 769 2224 diei,
785 2161 817 2213 et
831 2150 918 2237 quod
934 2147 1013 2213 solvi
1029 2171 1082 2212 non
1095 2153 1160 2233 pat&
1186 2183 1187 2192 =

194 2253 228 2319 Si
245 2275 321 2342 ergo
335 2254 498 2341 qnaerendi
515 2276 609 2320 eausa
630 2256 777 2321 omnibus
792 2257 896 2321 modis
914 2255 954 2321 de
969 2250 1163 2322 mediotodita'
1186 2259 1187 2280 t

195 2359 273 2426 fides
300 2359 445 2426 firmatur
468 2384 505 2427 ae
531 2359 699 2426 stabilitur.
725 2363 778 2428 Eis
799 2387 875 2452 ergo
901 2361 984 2428 illud
1006 2359 1187 2454 produainaatj

196 2481 307 2534 eontra
318 2469 405 2557 qaod
420 2470 482 2535 dioi
502 2492 567 2534 non
582 2481 704 2558 potest,
727 2472 815 2558 quod
829 2471 916 2536 Deus
931 2483 1000 2548 est,
1016 2471 1063 2559 qni
1075 2467 1161 2538 dietat
1186 2467 1187 2534 ζ

195 2577 234 2641 de
247 2599 438 2664 unoquoque
450 2599 581 2653 eornm,
599 2576 638 2641 de
655 2577 770 2664 quibus
789 2601 914 2668 quaero,
931 2579 1030 2645 tradit
1042 2579 1070 2643 in
1081 2571 1160 2661 stdpta

134 2737 143 2754 ,
195 2681 273 2762 Quis
288 2695 336 2747 est
356 2707 432 2772 ergo
456 2685 536 2750 adeo
558 2684 672 2773 impius
694 2697 727 2751 et
741 2710 759 2752 a
774 2687 842 2752 Deo
870 2685 1010 2763 alienus,
1032 2686 1163 2751 utnon

193 2789 320 2864 eredat,
335 2802 368 2854 et
382 2792 586 2880 probationes
601 2815 619 2857 a
637 2792 706 2858 Deo
721 2787 878 2881 postulet,
899 2806 1047 2884 tanquam
1060 2794 1090 2858 ab
1102 2785 1165 2854 aad·

108 2887 109 2892 ¹
193 2896 956 2989 nibus?Rursusoxquaestionibns,aliaequidem
964 2899 1160 2984 sensnindgats

195 3016 231 3069 nt
246 3005 272 3069 si
288 3004 503 3093 quisquerat,
518 3029 558 3071 an
574 3006 654 3095 ignis
665 3007 705 3073 sit
717 3007 856 3085 oalidus,
874 3022 928 3075 ant
938 3010 991 3080 nix
1003 3009 1066 3080 alba
1078 3031 1085 3071 :
1097 3002 1160 3088 dp!

193 3135 269 3178 vero
276 3111 489 3182 admonitione
506 3125 538 3178 et
553 3114 785 3212 increpatione,
797 3128 833 3181 nt
849 3115 892 3181 ait
903 3115 1076 3182 Aristoteles
1086 3138 1093 3178 :
1103 3103 1160 3174 urb

194 3219 418 3308 interrogatio,
441 3243 481 3287 an
503 3233 647 3309 oporteat
669 3221 827 3288 honorare
849 3215 1160 3314 peramoenum
1185 3245 1187 3326 p

195 3328 340 3421 quaedam
362 3327 484 3419 digne,
505 3351 574 3416 quae
589 3329 779 3417 punientem
805 3331 985 3420 eujusmodi
998 3343 1058 3405 est,
1072 3339 1187 3416 quam

193 3435 414 3523 probationes,
431 3459 470 3502 an
483 3435 744 3504 sitProvidentia.
762 3438 846 3504 Cum
861 3439 988 3527 sitergo
1001 3427 1159 3504 Providentia
1185 3427 1187 3514 Ι

195 3565 261 3607 non
285 3566 325 3608 ex
346 3542 543 3609 Providentia
566 3542 682 3610 factam
702 3544 797 3612 fuisse
824 3557 857 3610 et
874 3544 1079 3635 prophetiam,
1090 3551 1159 3604 aen
1186 3561 1187 3656 p

194 3671 265 3736 quae
294 3650 328 3715 in
359 3650 556 3716 servatorem
587 3651 669 3718 faeta
690 3664 738 3717 est
764 3655 997 3728 oeconomiam,
1023 3649 1159 3741 patarea.

194 3755 360 3825 nefarium.
379 3759 425 3824 Et'
441 3758 570 3824 sortasse
585 3779 626 3824 ne
651 3761 759 3828 conari
784 3761 914 3852 quidem
934 3771 1050 3851 oportet
1065 3746 1157 3823 bavit
1185 3785 1187 3844 γ

135 3911 141 3916 ’
200 3891 210 3898 ’
233 3895 682 3968 ιΙιΙί.ιιι,8.--ἰΤὶιιι.ιι,ιδ.

1185 4017 1187 4062 i

1185 4177 1187 4194 t
