2448 4610
185 281 249 361 ddi
501 299 673 345 cunnnnrrs
698 287 909 348 anaxarunriu
1004 285 1009 296 '

187 441 248 486 neo
262 417 386 488 famulis
401 418 530 506 quidem
545 439 684 507 unquam
705 419 845 487 arridere
860 421 1005 510 permisit
1021 421 1194 500 Arismtele,
1222 465 1223 468 =

188 541 312 598 tantum
334 529 423 594 abest
446 541 481 593 ut
504 527 537 594 in
560 551 671 595 eorum
693 542 865 619 conspeetu
888 530 1033 597 videatur
1055 531 1199 620 quisquan

188 635 355 726 complecti
372 659 513 703 uxorem.
532 635 644 704 llelius
664 650 713 704 est
729 651 836 706 eutem
853 652 888 705 ut
904 641 1005 716 domi,
1023 664 1043 705 a
1060 642 1199 707 matrina·

187 749 242 814 nio
255 747 456 836 incipientes,
469 746 669 813 honestatem
685 748 905 823 ostendamusa
921 762 969 815 est
983 750 1072 815 enirn
1087 744 1211 816 maxim'

187 857 256 926 haee
272 858 489 948 temperantia
506 856 704 944 conjunctio,
717 876 787 946 quae
800 881 913 947 puram
929 859 1027 947 spirat
1045 881 1084 924 se
1101 857 1202 925 radda

188 967 391 1064 voluptatem.
407 967 589 1036 Admodum
604 967 690 1032 enim
707 965 840 1056 pulchre
853 969 931 1036 dicit
941 968 1131 1059 Tragoedis:

221 1187 225 1199 Ι
307 1125 334 1178 Ο
348 1119 488 1192 foeminae,
499 1139 585 1197 quarn
598 1118 628 1177 in
636 1117 723 1177 rebus
734 1117 865 1177 humanis
877 1119 964 1191 nihil,

306 1227 372 1282 Non
387 1241 475 1298 regna
489 1234 517 1278 et
532 1240 650 1291 aurum,
665 1239 724 1277 non
735 1240 824 1299 opum
837 1219 882 1278 vis
893 1220 1020 1279 maxima
1079 1264 1086 1274 .

307 1319 365 1380 Tot
378 1321 543 1393 comitates,
555 1331 597 1378 tot
613 1321 777 1399 voluptates
790 1321 900 1390 lerunt,

307 1428 387 1495 Quot
399 1421 587 1502 temperantis
601 1421 725 1479 loeminae
736 1433 765 1480 et
777 1421 831 1479 viri
843 1420 914 1480 bonl

306 1527 389 1580 Mens
397 1519 490 1598 justa,
505 1521 528 1579 si
539 1539 596 1578 non
609 1519 656 1579 illa
669 1520 789 1598 negligit
803 1521 920 1579 virum?

188 1647 263 1717 llaeo
278 1661 434 1740 praecepta
450 1649 590 1737 justitiae,
609 1672 679 1736 quae
695 1650 734 1714 ab
751 1648 787 1713 iis
803 1649 855 1738 qui
874 1648 1078 1715 mundanam
1092 1665 1203 1739 sequen

188 1775 241 1828 tur
252 1760 436 1849 sapientiam
450 1759 535 1824 diota
547 1770 633 1829 sunt.
647 1770 721 1824 sunt
731 1757 862 1824 minime
873 1761 1067 1826 recusanda.
1085 1759 1169 1826 Solen
1185 1804 1190 1814 ,

187 1895 263 1960 crgo
272 1893 365 1935 suum
378 1869 533 1956 cujusque
543 1865 697 1943 officium,
710 1866 762 1932 rin
773 1866 887 1932 timore
896 1871 1132 1935 conversemini
1160 1901 1186 1927 aa

188 2007 200 2040 1
216 2001 293 2068 pore
309 1975 403 2042 vestri
424 1973 593 2051 incolatus,
611 1975 745 2041 seientes
760 1961 847 2063 duod
861 1999 926 2040 non
946 1975 1206 2065 corruptibilrhnt,

186 2113 199 2147 1
214 2097 344 2175 argento
356 2095 387 2150 et
403 2105 494 2159 auro,
510 2080 667 2173 redempti
683 2105 791 2149 sumus
806 2106 845 2146 ex
860 2107 940 2150 vana
950 2087 1185 2151 conversations

186 2196 356 2284 »patribus
367 2193 495 2270 tradita,
509 2195 566 2259 sed
579 2192 719 2281 pretioso
734 2195 899 2283 sanguine,
913 2206 1071 2285 tanquam
1083 2197 1151 2286 agni
1188 2238 1189 2247 ,

188 2334 201 2366 1
214 2301 418 2379 maculati,et
430 2305 565 2392 inquom
574 2299 660 2368 nulla
672 2303 757 2369 cedit
768 2303 987 2393 reprehensio,
999 2303 1149 2372 Christi¹.

188 2445 200 2478 1
213 2415 252 2480 tis
265 2437 340 2504 ergo
353 2413 411 2479 suit
422 2413 617 2503 praeteritum
630 2423 768 2502 tempus,
782 2417 832 2482 ait
843 2413 974 2491 Petrus,
990 2417 1035 2481 ad
1047 2416 1183 2482 facien

187 2554 201 2587 1
215 2525 360 2614 gentium
374 2521 582 2600 voluntatem,
601 2523 678 2590 dum
689 2518 923 2590 ambulavimus
935 2525 968 2589 in
981 2523 1135 2602 lasciuiis,
1153 2560 1173 2584 e
1207 2593 1209 2596 .

187 2634 432 2723 »cupiscentiis,
461 2631 666 2709 temulentiis,
690 2635 1023 2711 commessationibus,
1053 2649 1129 2726 pote
1159 2672 1171 2691 ιἸ
1196 2662 1206 2689 ²

188 2745 290 2819 rhus,
309 2754 342 2808 et
360 2740 487 2810 nefariis
502 2738 660 2809 idolorum
677 2738 815 2810 cultibus
828 2743 849 2810 ².
866 2773 880 2806 1
900 2741 1055 2811 Limite-m
1072 2745 1127 2811 ha
1141 2780 1145 2785 ¹
1161 2780 1180 2803 u

187 2873 319 2918 erucem
333 2853 475 2928 Domini,
489 2875 563 2940 quo,
584 2864 735 2939 tunquam
749 2851 844 2929 vallo,
864 2853 1037 2942 cingimur,
1054 2867 1087 2920 et
1103 2879 1164 2920 rse-v

178 2986 261 3056 ¹mur
283 2986 300 3025 a
320 2960 646 3051 prioribus-peccatis.
664 2959 851 3050 Regenerati
872 2985 962 3051 ergo,
981 2964 1014 3029 in
1033 2965 1163 3031 veritate
1197 3031 1199 3033 ,

187 3068 334 3160 ligamur,
358 3069 655 3159 resipiscamusquo,
675 3081 770 3158 atque
788 3071 1055 3138 sanctificemur:
1072 3075 1185 3162 quo'

195 3179 301 3244 «oculi
318 3177 445 3244 Domini
462 3200 558 3268 super
577 3177 689 3262 justos,
704 3189 736 3244 et
752 3201 843 3244 aures
862 3181 931 3268 ejus
947 3180 981 3245 in
999 3181 1170 3269 ‹lepreon-1

188 3291 377 3378 »ipsorumr
394 3284 498 3352 vultus
515 3297 620 3350 autem
632 3285 760 3350 Domini
776 3269 872 3375 super
887 3287 1043 3354 facientes
1055 3287 1166 3355 malar‘.
1190 3332 1193 3339 ,

189 3430 201 3463 1
218 3401 288 3487 quis
303 3410 351 3464 est
368 3399 421 3486 qui
437 3397 476 3462 sit
492 3397 582 3463 nohis
598 3393 679 3462 male
695 3395 849 3472 facturus,
865 3399 1026 3465 sibonum
1046 3401 1147 3466 secuti
1164 3434 1178 3455 ε-
1197 3413 1198 3416 ’

189 3539 201 3572 1
219 3511 317 3575 rimus
331 3507 389 3574 ‘ir
409 3505 537 3597 Optima
562 3519 671 3572 autem
690 3506 858 3583 institutio,
875 3519 924 3572 est
942 3511 1136 3588 moderatio,
1156 3552 1158 3563 ι
1179 3544 1181 3565 2
1200 3574 1207 3582 ,,

189 3629 236 3681 est
249 3616 401 3682 docorum
418 3617 628 3705 undequaque
639 3612 830 3702 perlectum,
843 3639 882 3682 ac
896 3615 1017 3682 stabilis
1029 3629 1065 3682 et
1078 3617 1158 3683 ordi
1183 3648 1185 3651 ·

186 3736 341 3813 potestas,
356 3750 391 3790 ea
414 3749 483 3813 quae
507 3736 581 3788 sunt
600 3723 681 3788 inter
701 3745 734 3787 se
757 3724 893 3789 invicem
912 3727 1089 3814 conjuncta
1109 3737 1142 3791 et
1168 3764 1191 3777 ν

221 3851 228 3888 ³
245 3874 252 3902 1
269 3856 325 3904 l'ot.
338 3873 356 3916 1,
372 3872 409 3921 17,
425 3858 463 3918 18,
478 3854 623 3921 19.—²1d.
636 3853 746 3912 11351-
762 3849 949 3916 arsatium,
966 3860 1004 3916 15,
1019 3858 1057 3908 16.
1071 3885 1101 3896 -
1115 3857 1215 3907 trt’er-

186 3932 274 3992 1rr,r.l.
657 3951 661 3968 τ
857 3950 885 3956 ·⁴
902 3943 919 3966 ·'
