2382 4592
170 255 231 320 150
479 276 652 322 cnumnrrs
677 279 896 325 anuxuaonrnr

166 393 346 464 Memnon
357 416 553 486 cognovere:
567 418 655 465 vane
666 379 772 466 autem
781 399 881 467 morti
888 398 1004 488 seipsos
1013 397 1141 474 trudunt,
1157 399 1166 416 '

168 515 225 572 cut
236 527 270 572 so
285 516 404 572 temere
415 503 449 572 in
460 505 566 594 ignom
578 507 1056 606 conjioinntInderumtiymn1-
1070 542 1074 565 ·
1089 538 1131 565 .„,
1173 547 1174 550 =

218 633 267 720 [β.
286 632 506 704 Charitatern
532 632 679 706 habenti
705 635 842 707 nullam
868 658 946 707 esse
962 632 1009 705 de
1025 634 1148 734 volup

169 749 226 820 vel
242 747 368 820 dolore
385 747 529 820 curam¹
546 777 555 819 τ

212 879 430 946 Admiratione
448 904 575 970 quoque
593 883 678 972 digni
694 896 770 949 sunt
784 883 907 962 Stoici,
924 885 979 972 qui
991 885 1117 960 dicunt,

168 1007 254 1056 mum
277 988 356 1055 nihil
377 989 459 1056 affici
483 1015 500 1056 a
523 1013 678 1081 corpore,
705 1015 810 1081 neque
837 992 881 1060 ad
906 993 1022 1058 vitium
1040 1019 1059 1060 a
1078 1016 1118 1058 mu

168 1119 272 1186 neque
289 1099 330 1164 ud
346 1097 497 1164 virtutem
512 1099 693 1172 usanitate;
713 1101 770 1166 sed
789 1111 924 1186 utruque
937 1099 1010 1166 haec
1024 1099 1145 1166 dicum

168 1200 391 1272 indifferentia.
406 1205 630 1275 JamveroJob
642 1207 653 1240 ²
666 1230 794 1298 quoque
803 1219 937 1298 propter
947 1207 1100 1297 insignem
1116 1240 1134 1263 u
1152 1280 1158 1289 ¹

170 1313 312 1382 nentium
331 1327 364 1381 et
383 1314 480 1382 fidem
505 1314 671 1392 eximium,
694 1338 817 1410 pauper
835 1315 965 1406 quidem
984 1339 1026 1380 ex
1044 1306 1155 1390 diuite.¹

64 1415 70 1430 ’
168 1421 285 1490 illustri
292 1421 642 1516 abjectus,expulchru
658 1423 822 1502 deformis,
835 1447 960 1492 exuam
973 1424 1125 1490 morbidos
1142 1458 1144 1465 =

171 1545 243 1617 tus,
260 1532 352 1599 nohis
362 1543 411 1598 est
424 1529 614 1622 praeelurum
622 1531 784 1625 exemplar
794 1532 994 1623 propositus,
1007 1533 1081 1599 dum
1099 1564 1134 1589 vv
1173 1525 1176 1533 '

173 1641 271 1709 afficit
292 1663 389 1717 eum,
406 1640 460 1733 qui
481 1651 673 1714 tentaroruta
692 1639 854 1712 benedicit
868 1640 918 1718 ei,
934 1641 989 1732 qui

174 1748 314 1818 secunda
329 1749 372 1814 itu
391 1748 470 1824 sert,
497 1759 532 1818 nt
545 1749 667 1840 prima:
685 1747 786 1841 probe
805 1748 946 1826 docens,
968 1749 1070 1816 virum
1085 1751 1120 1816 Gr
1132 1788 1136 1801 ·
1149 1745 1178 1787 ‘³’

174 1881 251 1926 cum
266 1857 390 1926 ensibus
408 1856 558 1923 omnibus
572 1869 660 1924 recte
677 1879 769 1947 posse
788 1857 846 1927 uti.
864 1857 1012 1947 Aequod
1026 1881 1061 1924 ea
1071 1857 1177 1946 quita.

176 1989 247 2056 quae
265 1991 283 2033 u
298 1965 458 2032 veteribus
472 1963 625 2058 praecium
639 1977 713 2032 sunt
734 1978 840 2055 gestu,
857 1965 898 2032 ud
911 1978 1050 2032 nostrum
1059 1963 1175 2032 emend*

173 2076 314 2149 tionem,
337 2073 482 2165 quaedum
500 2074 588 2161 quusi
606 2073 776 2164 imagines,
801 2073 966 2165 proposita
983 2074 1062 2149 sint,
1077 2073 1118 2138 bis
1147 2114 1153 2125 «

176 2183 224 2250 bis
239 2171 378 2248 ostendit
386 2179 555 2272 Apostolus
569 2206 578 2246 ι
603 2177 668 2248 «Ut
681 2205 753 2250 mea
764 2180 892 2248 vincula
906 2180 1025 2248 suerint
1038 2181 1068 2246 in
1083 2179 1178 2244 Chris!

176 2290 364 2360 »manifesta
378 2290 412 2356 in
424 2289 510 2367 omni
522 2290 671 2384 praetorio
680 2301 714 2354 et
725 2287 874 2378 reliquis,
892 2302 925 2354 et
939 2288 1044 2380 plures
1053 2283 1164 2355 tiano

177 2400 354 2475 »Domino‚
368 2397 480 2466 confisi
491 2397 570 2464 meis
585 2395 735 2475 vinculis,
753 2398 908 2464 auderent
917 2397 1115 2464 abundantius
1127 2395 1179 2460 ub-

179 2532 265 2598 »que
282 2519 372 2574 metu
390 2505 477 2596 ioqui
492 2507 626 2572 verbum
641 2505 721 2572 Dei³
740 2527 748 2572 ε
767 2535 780 2566 ι
796 2505 1052 2594 quandoquidem
1065 2497 1177 2590 ments!

177 2639 307 2707 quoque
324 2628 399 2683 sont
414 2612 606 2708 exemplaria
617 2613 852 2690 demersionis,
863 2611 998 2702 gloriose
1009 2637 1062 2680 sun
1087 2640 1111 2665 ¹¹
1176 2656 1177 2661 κ

185 2750 199 2786 ι
215 2725 435 2812 Quaecumque
449 2722 550 2798 enim,
570 2721 615 2790 eit
632 2721 814 2811 Scriptura,
827 2719 869 2786 ad
880 2733 1023 2787 nostram
1038 2721 1070 2786 d·
1099 2749 1149 2775 ιι
1176 2740 1181 2743 “

177 2831 317 2921 ‚scupea
328 2841 421 2907 sunt,
438 2843 474 2896 ut
492 2852 551 2920 per
564 2830 750 2921 patientium
766 2841 798 2895 et
813 2827 1059 2896 consolationem
1098 2854 1151 2881 u
1167 2816 1175 2839 ⁰

64 2957 66 2964 ’
178 2964 328 3017 urorum,
351 2955 440 3029 spem
464 2939 637 3006 habeamus
656 2936 909 3005 consolationis‘.
924 2936 1073 3005 ›Videtur
1085 2959 1112 3000 a·
1175 2989 1180 2994 .

179 3050 204 3116 si
226 3048 309 3117 adsit
325 3047 432 3124 dolor,
456 3047 561 3114 anima
583 3044 818 3137 quodammodo
840 3045 881 3111 ub
905 3047 974 3134 ipso
994 3041 1145 3116 declinare.
1173 3028 1178 3037 ¹

178 3157 391 3248 magnifacere
407 3181 424 3222 u
439 3155 587 3246 praesenti
614 3151 836 3221 liberationem
861 3151 1012 3219 molestia.
1044 3149 1095 3218 lile
1122 3184 1140 3203 ιι

179 3278 323 3355 tempore
343 3263 477 3353 quiescit
501 3261 632 3329 etiumu
652 3260 841 3351 disciplinis,
860 3260 987 3350 quondo
1002 3258 1065 3326 ulie
1088 3293 1092 3313 ι
1124 3288 1149 3313 ι»

180 3373 312 3440 virtutes
327 3371 541 3464 negliguntur.
566 3369 637 3438 Non
649 3383 755 3437 uutem
769 3369 880 3458 utique
895 3370 1024 3436 dicimus
1035 3369 1120 3457 ipsum
1140 3400 1141 3405 ι
1167 3369 1186 3407 ’ἵ

181 3483 351 3548 virtutem:
366 3505 439 3546 num
448 3502 508 3546 nec
521 3491 653 3568 aegrotat
664 3479 772 3544 virtus.
783 3477 846 3545 Sed
858 3489 962 3544 tumen
971 3476 1021 3566 qui
1034 3487 1077 3541 est
1089 3471 1180 3537 utriu-

183 3615 245 3680 qne
266 3591 443 3680 particeps,
466 3599 499 3654 et
523 3589 646 3654 virtutis
665 3599 698 3654 et
718 3587 841 3663 morbi,
864 3586 984 3676 urgenti
1010 3582 1105 3649 dolore
1123 3600 1181 3668 pn·

183 3699 282 3764 mitur
297 3723 304 3765 :
322 3711 354 3764 et
367 3697 393 3764 si
409 3721 475 3765 non
490 3697 699 3786 sueritmugni
712 3709 745 3762 et
756 3693 870 3763 excelsi
882 3693 993 3769 enimi,
1005 3687 1175 3781 quirendum

222 3821 231 3847 ¹
245 3825 304 3892 Pug.
317 3823 367 3889 ὄπι
381 3839 464 3893 etseq.

220 3909 301 3963 ’Job
311 3929 330 3964 1.
341 3941 372 3953 —-
383 3914 484 3981 'rainu
499 3931 525 3978 r,
542 3916 589 3978 13,
606 3911 870 3975 14.-‘Rom.xv‚4.
