2448 4610
245 265 309 343 464
557 285 730 330 cusunurrs
754 283 966 332 ansxnrnnrsr

155 443 158 449 ·
245 409 308 477 ulla
330 431 365 476 re
389 410 613 487 adversantur,
638 421 733 479 autre
753 388 864 501 'prope
888 412 1067 480 destruunt.
1083 417 1131 482 lix

244 525 360 612 quippe
377 523 493 590 affectu
509 533 541 590 et
557 523 675 601 animo,
690 522 867 612 eademque
881 523 990 612 regula
1002 532 1119 614 pdtrem
1130 518 1200 594 odio

242 635 316 700 beat
327 634 464 700 amando
475 634 654 712 inimicum,
665 634 719 723 qui
731 655 792 700 nec
804 634 969 701 inimicum
982 633 1150 713 ulciscatur,
1164 672 1166 695 ι
1178 684 1190 693 .·

242 753 365 834 patrem
380 743 451 833 plus
468 743 600 812 Christo
611 755 766 810 vereatur.
786 743 823 810 ln
838 741 894 809 illo
909 744 1041 832 quidem
1055 747 1142 811 verbo
1158 780 1190 804 u
1210 749 1212 760 ’

242 865 364 920 resecat
378 865 410 919 et
426 852 619 920 voluntatem
639 853 795 919 inferendi
810 851 905 930 mala,
929 853 963 918 in
979 852 1042 919 boc
1058 877 1126 920 vero
1144 857 1185 911 1'11

241 964 273 1030 ia
285 964 475 1051 conjunctos
487 965 709 1040 reverentiam,
723 964 802 1030 dum
819 962 890 1030 haec
902 961 997 1028 saluti
1013 961 1134 1030 officiat.
1144 963 1185 1030 St.
1215 949 1216 952 Ἴ

198 1104 202 1111 ·
241 1070 376 1139 infidelis
391 1073 529 1163 cuipiam
544 1086 635 1164 pater
655 1086 710 1139 aut
730 1069 814 1138 lilius
830 1083 885 1138 aut
899 1072 999 1139 frater
1014 1075 1152 1150 extiterit,
1169 1106 1198 1143 ω

239 1183 356 1250 horum
369 1183 501 1272 quilibet
512 1183 587 1250 lidei
599 1185 734 1272 vitaeque
751 1185 783 1251 in
799 1181 886 1251 coelis
898 1185 1189 1273 consequendeim

240 1279 386 1361 mentum
400 1295 595 1385 praestiterim
615 1295 747 1363 huicne
763 1294 953 1370 consentiat,
970 1306 1028 1361 aut
1044 1318 1115 1363 eum
1127 1295 1168 1364 illo
1184 1342 1191 1365 κ.

242 1403 384 1472 cordiam
401 1403 528 1482 habeat,
544 1405 600 1472 sed
615 1403 785 1494 spiritualis
804 1403 977 1471 inimicitiae
999 1427 1096 1472 causa
1135 1442 1137 1462 =

240 1511 505 1582 necessitudinem
521 1512 631 1580 diluat.

181 1611 186 1620 ’
281 1621 404 1691 ΧΧΙΙΙ.
431 1623 511 1691 Rem
534 1625 704 1692 arbitrator
724 1623 788 1690 litis
809 1647 877 1690 esse
896 1626 1182 1692 contestationem.»

238 1735 368 1823 quidem
388 1735 531 1803 videatur
551 1748 655 1801 astans
677 1722 768 1824 pater
784 1735 894 1802 dicere
918 1757 927 1798 ε
948 1761 960 1795 ι
978 1735 1049 1824 Ego
1071 1749 1103 1801 te
1122 1759 1140 1825 p

238 1847 350 1922 suavi,
372 1846 526 1920 enutrivit
550 1869 683 1934 sequere
704 1868 768 1922 me,
792 1845 973 1934 pariterque
996 1846 1106 1933 inique
1122 1867 1174 1933 age,
1191 1878 1201 1923 ;

235 1941 250 2018 i
266 1953 382 2021 Christi
392 1955 453 2045 legi
466 1958 654 2045 obsequere,
668 1977 730 2022 »ac
744 1951 900 2042 quidquid
910 1953 999 2020 aliud
1011 1955 1060 2020 vir
1074 1955 1179 2044 blesp·
1196 2019 1201 2027 .

236 2075 268 2128 et
282 2077 425 2132 mortuus
441 2078 553 2132 natura
570 2065 695 2140 dixerit,
714 2062 852 2131 Aliunde
867 2087 942 2130 vero
958 2065 1037 2130 audi
1052 2063 1136 2131 Salva
1155 2097 1158 2121 ι
1181 2108 1187 2119 1
1206 2073 1211 2115 ὲ

243 2171 334 2262 «Ego
346 2185 379 2239 te
390 2173 585 2263 regeneravi,
601 2173 657 2262 qui
672 2169 755 2238 male
766 2193 783 2236 a
794 2171 917 2238 mundo
931 2173 1046 2238 mortis
1058 2172 1184 2239 rictimn

236 2303 311 2347 »ses
331 2283 456 2371 genitus
475 2307 483 2348 ε
507 2283 539 2349 in
556 2282 735 2349 libertatem
757 2281 888 2357 asserui,
910 2283 1033 2357 sanavi,
1049 2282 1181 2348 redemi

234 2419 248 2453 u
262 2391 322 2457 Dei
333 2393 412 2459 boni
421 2394 518 2482 patris
531 2393 587 2458 tibi
600 2391 723 2458 vultum
736 2390 904 2457 ostendam
917 2413 926 2455 t
940 2389 1008 2455 noli
1023 2401 1141 2479 patrem
1170 2422 1187 2441 ι’

232 2529 245 2564 ι
262 2525 357 2590 super
375 2515 513 2568 terram:
528 2503 646 2568 mortui
661 2499 815 2590 sepeliant
830 2511 974 2566 mortuos
989 2521 997 2563 ε
1013 2512 1050 2566 tu
1065 2519 1135 2566 sero
1145 2519 1185 2564 tut

230 2635 373 2699 aquerea
394 2611 562 2679 sublimem
576 2612 662 2678 enim
677 2610 793 2677 ducam
809 2610 842 2675 in
857 2603 1003 2696 requiem
1019 2631 1132 2676 arcano
1153 2638 1198 2687 a„

229 2741 243 2780 a
259 2739 330 2804 quae
341 2743 437 2808 nemo
448 2718 555 2808 eloqui
571 2731 679 2809 queat,
696 2720 875 2790 bonorum3
890 2740 962 2805 quae
973 2716 1087 2784 oculus
1101 2741 1156 2784 non
1182 2730 1189 2737 “

228 2853 241 2888 ι
257 2848 317 2892 neo
328 2831 413 2894 auris
425 2829 546 2906 audiat,
558 2851 620 2895 nec
631 2831 665 2893 in
676 2851 733 2894 cor
743 2827 881 2894 hominis
892 2828 1107 2894 ascenderunt
1115 2826 1174 2900 ¹,in
1194 2886 1195 2889 ,

227 2935 436 3005 »desiderant
456 2937 567 3027 Angeli
589 2939 783 3028 prospicere,
804 2949 837 3003 et
856 2936 964 3004 videre
988 2959 1061 3024 quae
1080 2960 1101 3025 p
1122 2968 1135 2991 ι·
1149 2970 1152 2991 ·
1164 2976 1173 2989 .,

191 3062 194 3066 ’
226 3047 340 3113 »Deus
356 3049 439 3115 bona
455 3049 570 3114 sanctis
586 3069 682 3137 seque
695 3045 897 3135 diligentibus
913 3044 986 3110 liliis
995 3043 1020 3109 ².
1034 3043 1100 3134 Ego
1113 3065 1153 3108 nn

227 3183 240 3216 ι
255 3167 341 3233 tuus,
352 3159 406 3245 qui
414 3137 470 3223 ¹me
482 3157 586 3246 ipsum
597 3177 712 3245 panem
724 3156 897 3245 praebeam,
908 3175 1007 3243 quem
1015 3154 1069 3240 qui
1079 3163 1161 3241 gusta
1184 3196 1186 3201 ,

228 3293 240 3326 a
254 3289 349 3331 nemo
360 3265 466 3333 adhuc
477 3267 588 3333 mortis
600 3264 777 3356 periculum
788 3265 898 3340 laciet3
913 3266 969 3353 qui
980 3265 1110 3332 fundam
1127 3296 1132 3322 ι
1147 3294 1151 3319 ¹
1165 3274 1184 3317 ι’

227 3403 239 3436 u
254 3388 366 3464 potum
383 3375 638 3443 immortalitatis.
663 3379 730 3466 Ego
751 3378 902 3465 magister
917 3374 1001 3443 coelo
1023 3374 1154 3442 celsioris

128 3475 136 3486 ’
225 3487 343 3552 »trinae
358 3512 396 3555 ac
409 3487 590 3578 disciplinae.
605 3487 668 3554 Pro
678 3498 710 3553 te
722 3508 796 3555 cum
808 3499 912 3552 morte
924 3498 1085 3553 certamen
1095 3483 1173 3550 ue«
1196 3490 1197 3493 ’

225 3617 290 3660 rae
306 3597 399 3684 cujus
414 3620 487 3662 reus
503 3619 604 3685 poeuae
616 3619 685 3663 eras
700 3597 740 3662 ob
757 3607 879 3684 patrata
896 3593 1011 3661 delicta
1024 3595 1147 3681 Deoqne
1166 3624 1189 3647 ·

227 3715 319 3770 »tam
331 3705 428 3772 fidem
441 3719 473 3772 et
488 3703 716 3773 incredulitatis
731 3705 866 3781 crimen,
877 3725 938 3794 ego
953 3703 1064 3770 exolvi.
1088 3701 1170 3782 »Qui

221 3813 368 3903 utrinque
392 3839 553 3884 sermones
574 3816 697 3893 audias,
722 3837 780 3904 pro
804 3826 836 3881 te
860 3814 925 3902 ipse
947 3827 1016 3882 esto
1033 3813 1138 3902 juder,
1169 3842 1172 3865 1

260 3935 287 3985 ἰ
302 3935 672 4008 Cor.n,9.-²1Pet.t‚12.
