2614 4628
811 135 821 224 l

489 335 650 382 ocravtoe.
982 371 985 392 ,
1022 333 1078 399 ¹07

42 477 95 522 rex
111 451 251 544 Jupiter
266 475 325 544 per
342 465 500 521 torrentes
524 457 607 546 ripas
629 465 663 521 et
679 463 778 523 atram
799 455 982 544 voraginem
999 456 1083 544 jurat

42 564 202 653 religiose.
225 563 425 632 Destinutem
443 564 529 631 euim
551 566 611 632 sihi
633 587 707 632 cum
729 564 794 630 suis
816 563 993 630 cultoribus
1013 584 1083 654 poe-

43 697 116 764 mm
147 673 308 764 praescius
342 673 567 763 perhorrescit.
597 673 664 740 Nec
691 672 869 740 tormentio'
886 682 941 737 aot
967 670 1083 738 modus

44 781 141 860 ullus,
153 794 215 848 aut
233 765 403 849 terminus.
420 781 490 850 Illic
508 783 632 874 sepiens
650 783 890 874 ignis·memhra
909 782 973 848 urit
991 793 1024 848 et
1037 805 1085 848 re-

49 892 127 970 ficit,
144 894 258 984 oar-pit
273 904 308 959 et
322 893 431 959 nutrit.
452 893 543 960 Sicut
562 896 648 984 igneo
666 892 836 960 fulminum
852 911 992 982 'corpora
1016 903 1084 958 ten-

45 1016 135 1094 gunt,
160 1026 230 1070 nec
253 1003 442 1078 absumunta
469 1005 552 1075 stout
579 1004 667 1094 ignea
695 1001 810 1078 AEtnaa,
834 1013 868 1068 et
888 999 1027 1076 Vesuvii,
1051 1011 1084 1066 et

47 1114 233 1181 ardentium
256 1113 376 1203 ubique
397 1127 554 1180 terrarum
571 1113 722 1204 flagrant,
746 1135 807 1180 nec
828 1123 1019 1204 eroganturc
1040 1111 1084 1176 ita

50 1223 173 1314 poenale
199 1222 283 1290 illud
307 1224 492 1290 incendium
511 1248 577 1290 non
593 1224 717 1292 damnis
733 1221 912 1290 ardentium
930 1221 1081 1310 pascitur,

53 1337 247 1402 aedinexeoe
258 1357 434 1424 corporum
448 1333 641 1404 laceratione
657 1334 808 1401 nutritur.
823 1333 886 1399 Eos
902 1344 1009 1400 autem
1019 1351 1086 1397 me·

58 1447 115 1510 rito
134 1443 283 1532 torqueri
308 1443 363 1532 qui
382 1443 486 1510 Deum
509 1444 669 1520 nesciunt,
685 1455 722 1508 ut
736 1442 863 1530 impios,
879 1453 913 1506 ut
935 1440 1083 1528 injustos,

55 1555 112 1620 nisi
130 1554 307 1644 profanus,
329 1576 425 1620 nemo
448 1549 627 1619 deliberat:
647 1575 722 1621 cum
742 1563 908 1641 parentem
927 1550 1084 1624 omnium,

58 1675 89 1728 et
109 1663 253 1730 omnium
274 1661 449 1748 [dominum
472 1685 537 1728 uon
562 1661 693 1728 minoris
716 1658 842 1726 sceleris
863 1659 904 1724 sit
924 1659 1085 1746 ignorare,

62 1795 152 1860 quam
164 1771 293 1839 ledere.
307 1773 350 1838 Et
368 1794 551 1860 quanquam
565 1771 722 1861 imperitia
737 1769 795 1835 Dei
811 1768 948 1834 sufficiat
963 1766 1004 1834 ad
1021 1787 1088 1857 poe-

67 1905 151 1958 nam,
163 1882 207 1948 ita
225 1894 263 1946 ut
284 1881 397 1947 notitia
418 1883 518 1970 prosit
537 1882 578 1950 ad
597 1881 738 1954 veniam:
756 1893 864 1948 tamen
879 1879 905 1946 si
920 1879 1085 1946 vobiscum

74 1991 226 2056 christiani
248 2013 495 2080 comparemur,
515 1991 658 2080 quumvis
681 1990 714 2055 in
737 1987 896 2056 nonnullis
922 1986 1090 2078 disciplina

80 2111 181 2166 nostra
199 2101 298 2166 minor
316 2113 378 2178 est,
396 2099 497 2168 multo
515 2113 623 2168 tamen
641 2098 731 2166 vohis
751 2098 897 2167 meliores
913 2097 1089 2188 deprehen-

79 2210 197 2276 demur.
210 2209 271 2278 Voa
285 2213 365 2280 enim
383 2210 537 2279 adulteria
550 2209 739 2301 prohibetis,
755 2223 788 2274 et
803 2209 921 2280 facitis3
940 2229 997 2272 nos
1013 2229 1089 2271 uxo-

75 2323 157 2388 tibus
167 2323 278 2389 nostris
289 2320 491 2390 solummodo
499 2322 558 2388 viri
569 2321 741 2387 nascimur.
749 2319 815 2386 Vos
826 2315 945 2384 scelera
954 2317 1089 2383 admissa

71 2433 195 2522 punice
214 2433 300 2523 apud
313 2457 372 2500 nos
386 2446 419 2499 et
431 2433 573 2522 'cogitare
588 2454 722 2522 peccare
738 2441 787 2496 est
799 2452 808 2493 ε
822 2452 878 2496 vos
893 2427 1035 2494 conscios
1052 2426 1088 2491 ti·

70 2542 169 2617 metis;
193 2565 253 2608 noe
274 2543 375 2610 etium
392 2543 621 2618 conscientium
642 2539 755 2617 solam,
773 2540 841 2606 sine
861 2563 923 2628 que
943 2561 1011 2604 esse
1025 2560 1090 2603 non

70 2674 242 2744 possumus.
270 2654 417 2745 Denique
438 2654 478 2720 de
497 2665 601 2721 vestro
623 2675 760 2720 numero
777 2672 889 2718 carcer
913 2659 1086 2715 exaestuat:

72 2763 258 2831 christianus
281 2763 327 2831 ibi
345 2762 466 2844 nullus,
487 2765 546 2833 nial
577 2777 632 2832 eut
652 2787 724 2830 reus
753 2787 818 2831 suae
840 2761 1012 2852 roligionis,
1035 2771 1091 2825 aut

66 2873 223 2964 rufatus·
1178 2955 1182 2965 .

106 2983 261 3052 xxxvl.
279 2985 346 3054 Nec
362 2988 401 3054 de
412 2987 477 3054 lato
492 2986 660 3076 quisquam
675 2973 729 3054 dut
743 2984 890 3054 solatium
904 2972 1093 3074 captatam

69 3108 210 3169 excusett
234 3110 388 3164 eventum
415 3099 455 3165 sit
475 3098 567 3164 sortis
589 3099 737 3175 fortunae,
760 3121 850 3166 mons
870 3109 979 3164 tamen
993 3093 1092 3161 libera

67 3213 125 3277 ean
148 3216 184 3269 et
201 3205 278 3272 ideo
296 3218 387 3274 actus
405 3207 556 3284 hominis,
576 3231 642 3275 non
659 3209 794 3299 dignitas
814 3206 987 3296 judicatur.
1007 3203 1093 3284 Quid

69 3314 147 3380 enim
164 3313 256 3382 aliud
270 3327 320 3382 est
334 3316 447 3395 satum,
468 3341 564 3407 quam
579 3319 666 3406 quod
679 3318 720 3383 de
736 3337 930 3406 unoquoque
950 3325 1094 3380 nostrum

68 3422 147 3492 Deus
173 3425 261 3494 satus
279 3427 352 3494 est?
369 3429 438 3517 qui,
458 3452 532 3496 cum
551 3430 650 3519 possit
668 3429 818 3519 praescire
835 3426 1015 3502 materiam,
1035 3421 1093 3516 pro

68 3537 181 3602 meritis
198 3550 231 3604 et
254 3536 460 3628 qualitatibus
478 3539 676 3631 singulorum
691 3541 788 3606 etiam
809 3538 872 3606 lata
892 3538 1089 3606 determinat.

70 3643 109 3714 lta
122 3647 155 3712 in
171 3648 268 3713 nohis
283 3672 349 3714 non
365 3651 509 3739 genitura
525 3649 686 3740 plectitur,
703 3649 759 3715 sed
775 3649 889 3740 ingenii
906 3661 1017 3717 natura
1035 3671 1095 3737 pu·

71 3755 161 3825 nitur.
179 3761 229 3826 Ac
247 3758 288 3824 de
307 3758 371 3826 sato
390 3761 478 3838 satis,
491 3761 540 3828 vel
556 3763 582 3828 si
595 3782 697 3851 pauca
715 3784 773 3854 pro
787 3773 941 3852 tempore,
959 3761 1096 3848 disputa-

72 3869 126 3934 turi
147 3867 223 3938 aliea
244 3882 278 3935 ct
298 3871 428 3938 uberius
446 3871 631 3962 etplenius.
660 3869 830 3947 Caeterum,
846 3871 932 3958 quod
956 3866 1098 3957 plerique

75 3997 222 4070 pauperes
238 3980 391 4062 dicimur,
404 4007 469 4059 nou
483 3995 532 4051 ost
547 3981 675 4053 infamia
690 3993 808 4058 nostra,
825 3979 880 4048 sed
896 3976 995 4068 gloria
1010 4000 1017 4041 τ
1034 3975 1097 4041 ani·
