2570 4614
390 284 588 340 rnnnnoeus,
612 285 673 330 nur.
703 287 723 327 1.
1015 285 1075 347 ²77

34 400 262 486 »praeperetio
282 400 362 464 sedis
383 412 457 465 tnae.
480 399 695 468 Misericordia
717 411 750 463 et
768 400 882 464 veritas
897 398 1079 488 precedent

33 535 47 566 ι
64 517 144 570 ante
159 506 276 574 faciem
291 509 411 575 tuam¹.
431 537 443 570 n
463 507 596 574 Fatetur
617 531 685 574 esse
707 509 852 597 ejusdem
869 509 1033 598 potestatis
1048 520 1081 572 et

33 617 186 704 judicare
202 630 235 682 et
250 619 440 686 benefacere
460 643 468 684 :
491 618 585 686 simul
601 620 688 685 enim
712 631 921 707 utrorumque
941 629 1081 709 potenter

34 741 98 804 est,
115 727 278 816 judicium
290 731 379 817 justi,
390 731 476 820 quod
490 731 644 797 discernit
653 731 824 806 contrarie,
836 741 870 795 et
879 729 965 796 idem
977 730 1081 817 justus

33 849 68 903 et
84 839 208 916 bonus,
222 842 275 927 qui
293 853 342 907 est
355 865 429 908 vere
444 843 529 907 Deus
545 843 623 932 :qui
640 853 689 906 est
706 842 773 931 ipse
789 841 909 918 omniu,
924 851 957 906 et
973 840 1080 906 omnia

35 949 106 1038 ipse
121 973 130 1014 :
147 951 302 1038 quonium
316 953 383 1042 ipse
399 954 497 1028 Dens,
515 953 569 1042 qui
584 965 633 1018 εει
647 951 732 1019 solus
747 951 842 1018 Deus.
863 951 1081 1032 Quemadmo-

35 1059 119 1124 dum
134 1059 225 1144 enim
242 1061 407 1150 speculum
425 1083 488 1128 non
505 1074 553 1126 est
570 1061 690 1128 malum
709 1061 856 1136 deformi,
871 1083 909 1127 eo
928 1060 1014 1150 qnod
1031 1061 1082 1150 ipa

36 1193 113 1236 eum
127 1167 280 1234 ostendat
291 1168 391 1258 qualis
403 1169 462 1244 sit;
477 1181 510 1235 et
521 1170 793 1258 quemadmodum
803 1171 947 1239 medicus
958 1196 1023 1238 non
1034 1183 1084 1238 est

37 1280 210 1370 aegrotanti
229 1278 345 1356 malus,
359 1282 445 1369 quod
456 1279 486 1346 ei
497 1281 619 1348 febrem
630 1283 817 1356 annuntiem
832 1305 898 1349 non
913 1281 999 1348 enirn
1011 1305 1083 1348 me*

40 1392 134 1456 diens
152 1390 251 1456 febris
271 1411 364 1456 cansa
383 1402 444 1467 εει,
469 1391 525 1456 sed
539 1381 662 1456 febrem
679 1391 799 1458 indicet
813 1413 821 1456 ε
836 1391 880 1458 itu
903 1415 964 1458 neo
983 1391 1008 1456 is
1028 1391 1083 1480 qui

40 1501 254 1591 reprehendit
273 1503 302 1566 ei
320 1499 403 1568 male
423 1501 490 1568 vult
507 1502 560 1590 qui
574 1500 699 1568 laborat
724 1503 845 1577 animm
867 1525 971 1591 neque
996 1502 1085 1571 enim

40 1611 138 1676 infert
164 1611 193 1676 ei
216 1609 346 1688 delicte,
370 1612 425 1678 sed
449 1636 486 1678 ea
508 1635 579 1701 quae
595 1612 710 1678 adsunt
729 1625 860 1703 peccatu
876 1615 1027 1702 ostendit,
1046 1610 1086 1681 ad

40 1722 119 1797 boe,
132 1733 168 1786 ut
184 1733 308 1788 evertat
320 1724 359 1788 ab
376 1721 534 1811 ejusmodi
549 1722 671 1788 studiis.
687 1724 907 1804 Quamobrem
921 1723 1008 1790 Deus
1018 1723 1085 1812 qui*

41 1833 119 1898 dem
132 1834 238 1898 bonus
249 1845 298 1898 est
309 1845 440 1922 propter
451 1833 623 1924 seipsum²‚
637 1836 741 1923 justus
753 1847 860 1901 eutem
871 1846 1004 1926 propter
1014 1859 1085 1910 nos.

44 1955 78 2008 et
89 1943 165 2008 ideo
177 1945 251 2032 quin
264 1947 378 2010 bonus.
391 1945 486 2025 Quod
497 1947 618 2034 justum
630 1957 678 2012 est
687 1957 807 2022 eutem,
819 1945 912 2012 nobis
922 1969 981 2034 per
992 1969 1086 2011 suum

47 2057 150 2145 ipsius
163 2055 306 2122 Verbum
322 2055 460 2121 ostendit
481 2054 569 2123 illine
583 2081 602 2122 e
617 2056 752 2146 superis,
768 2057 853 2122 unde
869 2057 934 2146 ipse
949 2055 1010 2121 fuit
1024 2055 1085 2123 Pe-

50 2179 103 2230 ter
118 2189 126 2230 :
141 2163 323 2254 prinsquam
334 2165 420 2232 enim
435 2175 518 2230 esset
532 2177 671 2240 creator,
687 2163 773 2231 Deus
784 2177 865 2241 erat,
877 2167 981 2231 bonus
993 2178 1083 2231 erat:

49 2286 83 2341 et
100 2289 267 2364 propterea
286 2285 320 2340 et
335 2273 440 2364 opifex
453 2297 520 2340 εεεε
535 2287 568 2341 ει
582 2287 673 2364 peter
687 2259 787 2340 voluit
799 2289 808 2338 ι
822 2285 855 2340 ει
870 2273 954 2340 illiue
969 2275 1087 2341 amoris

50 2386 205 2453 hebitudo
221 2409 260 2454 ae
273 2384 386 2452 relatio
401 2386 460 2452 fuit
479 2387 609 2476 justitiae
624 2386 833 2477 principium,
850 2409 925 2454 oum
939 2395 973 2450 et
987 2381 1086 2452 solem

46 2519 140 2562 snum
162 2495 275 2561 lucere
291 2494 422 2570 feceret,
439 2506 471 2560 et
486 2493 604 2561 Filium
629 2517 724 2560 suum
744 2496 895 2560 mitteret.
914 2493 1007 2582 Isque
1020 2493 1088 2582 pri-

44 2631 115 2673 mus
137 2631 157 2673 e
181 2605 274 2672 coeiis
296 2607 413 2672 bonam
427 2605 633 2688 ‚annuntiavit
655 2599 823 2694 iustitium,
845 2627 921 2671 eum
943 2603 1086 2671 diceret:

53 2716 188 2784 «Nemo
214 2714 306 2780 novit
328 2710 447 2779 Filium
468 2714 528 2780 nisi
550 2714 657 2790 Pater,
683 2732 787 2801 neque
810 2709 935 2780 Patrem
957 2713 1017 2778 nisi
1039 2711 1091 2780 Fi·

46 2827 168 2894 »lius⁸.
189 2855 205 2888 ι
221 2827 300 2891 Haee
314 2825 492 2914 reciproca,
509 2847 581 2914 quae
596 2847 634 2890 ex
653 2847 746 2913 aequo
761 2821 917 2913 ponderat
936 2822 1089 2913 cognitio,

47 2951 95 3004 est
105 2939 250 3026 nntiqnae
261 2936 388 3025 justitiae
402 2935 596 3024 symbolum.
607 2935 731 3001 Deinde
744 2935 786 3002 ed
795 2933 942 3001 homines
955 2934 1093 3002 descen·
1208 2961 1215 2974 ·

50 3047 96 3113 dit
109 3046 249 3136 justitie,
262 3057 295 3111 ει
310 3044 413 3112 littera
429 3058 462 3110 et
475 3068 624 3136 corpore,
635 3042 744 3111 Verbo
760 3055 793 3110 et
807 3041 904 3134 Lege,
916 3042 1091 3111 humanum

48 3167 200 3223 netur-nm
212 3139 255 3223 ed
264 3153 434 3222 salutarem
445 3179 560 3245 urgens
572 3154 790 3246 penitentium
799 3177 807 3220 :
816 3156 901 3220 bone
911 3151 998 3219 enim
1008 3165 1087 3218 erat.

45 3269 88 3336 Δι
102 3253 176 3335 Deo
192 3287 261 3332 non
283 3266 418 3332 obedis?
432 3267 510 3356 Ejus
526 3267 572 3334 rei
593 3265 722 3356 eulpam
738 3265 796 3336 tibi
813 3265 951 3342 ascribe,
967 3265 1023 3354 qui
1046 3263 1093 3351 ju·

51 3377 160 3447 dioern
177 3375 330 3444 attrahes.

82 3547 91 3580 ¹
105 3545 175 3596 rou.
188 3561 292 3604 mxu,
304 3545 341 3604 14.

80 3621 91 3656 ¹
104 3621 172 3671 vide
186 3621 221 3670 D.
233 3619 347 3677 Guilfon,
362 3637 388 3686 p.
399 3619 456 3678 foa.

80 3695 90 3728 ¹
106 3698 174 3748 Luc.
187 3713 215 3758 x,
229 3711 269 3745 n.
