2546 4614
404 339 442 380 nn
469 333 690 380 irrrcnursro.
998 316 1060 391 dtr

27 485 41 519 s
59 479 132 522 cem
155 477 275 522 cornua
297 475 366 542 quse
388 454 503 530 vidisti,
519 455 632 520 decem
649 475 740 542 reges
756 461 842 527 sunt,
862 452 917 540 qui
932 473 1066 541 regnum

27 567 205 634 »nondum
225 577 430 654 acceperunt,
450 565 506 631 sed
520 575 708 654 potestatem
726 576 877 650 tanquam
894 586 983 652 rogos
1001 587 1062 630 una

26 707 40 741 ι
57 678 138 744 hora
158 677 316 766 accipient
334 699 410 744 cum
426 678 536 744 bestia.
554 679 593 743 Hi
609 699 705 742 unam
720 674 916 742 voluntatem
930 674 1062 750 hebent,

27 799 87 854 ‚et
105 788 256 855 virtutem
273 797 307 854 et
323 799 514 877 potestatem
535 807 624 853 sunm
642 786 750 852 hestiae
772 784 909 851 tradent.
932 785 972 851 iii
991 806 1065 851 oum

26 897 149 988 »signo
166 899 368 987 pugnabunt,
385 910 418 963 ot
434 897 544 987 Agnus
557 898 663 964 vineet
678 893 769 961 illosz
787 894 937 983 quonium
954 890 1066 962 Domi·

27 1037 41 1071 ι
57 1031 119 1074 nus
131 1007 337 1074 dominorum
346 1018 406 1083 est,
419 1018 451 1074 ot
462 1004 529 1074 Rex
541 1029 670 1097 regum3
685 1015 718 1072 et
728 1003 782 1093 qui
797 1025 872 1070 cum
882 1000 936 1069 iilo
947 1001 1064 1076 vocati,

28 1148 41 1181 ι
57 1115 154 1184 eleeti
169 1129 203 1182 et
217 1115 327 1183 fideles
338 1128 422 1184 sunt.

76 1225 240 1293 XXXlX.
259 1254 273 1289 ι
292 1225 334 1292 iit
346 1225 424 1292 dixit
438 1224 517 1292 mihi
532 1249 540 1290 τ
558 1224 659 1313 Aquae
674 1247 751 1314 quas
765 1223 881 1299 vidisti,
893 1223 948 1289 ubi
961 1219 1065 1286 Merc-

9 1373 11 1410 ι
28 1366 43 1401 s
59 1337 124 1403 trix
143 1337 244 1413 sedet,
262 1334 370 1427 popuii
390 1348 514 1403 suntet
536 1339 638 1402 tnrbae
656 1349 689 1402 et
706 1347 816 1426 gentes
832 1347 864 1401 et
883 1334 1006 1424 linguae.
1025 1334 1066 1399 Et

9 1445 177 1538 ,sdecem
197 1468 315 1513 cornua
339 1468 408 1533 quae
429 1458 461 1511 et
477 1445 580 1512 vidisti
602 1446 724 1522 bestias,
742 1447 776 1512 hi
797 1447 905 1512 odient
920 1443 1066 1512 Meretri-

9 1584 44 1636 ,ι
61 1577 145 1630 cem,
162 1569 194 1622 et
211 1553 384 1622 desolatam
398 1577 469 1622 eam
488 1556 604 1622 sacient
619 1568 652 1622 ot
667 1557 801 1632 nudam,
818 1569 850 1622 et
870 1577 981 1623 cernes
995 1557 1065 1643 ejus

9 1665 240 1758 „comedent
253 1678 286 1732 et
301 1666 400 1754 ipsam
417 1667 481 1754 igni
496 1669 759 1733 concremabunt.
773 1667 859 1732 Deus
876 1667 962 1732 enirn
979 1664 1068 1731 dedit

9 1768 14 1868 i
29 1803 44 1837 ι
59 1777 94 1840 in
105 1798 287 1841 corsorum
296 1787 332 1838 ut
343 1775 555 1862 sociantquod
566 1775 609 1840 illi
621 1773 788 1862 placuerit,
798 1788 830 1840 et
841 1775 959 1842 iaciant
970 1797 1066 1842 unam

9 1939 13 1982 Ι
33 1912 46 1943 s
62 1880 274 1958 voluntatem,
288 1894 319 1947 et
330 1884 407 1948 dent
420 1907 554 1972 regnum
566 1907 659 1948 suum
670 1884 792 1960 bestie,
806 1885 909 1950 donoc
920 1907 1068 1950 consum-

9 2001 190 2096 l»mentun
209 1991 305 2056 verba
326 1991 396 2057 Dei.
420 1994 461 2059 Et
483 1991 598 2058 mulier
626 2015 723 2082 quam
746 1993 864 2069 vidisti,
886 2004 935 2058 est
958 1992 1066 2059 civitas

30 2127 45 2176 p
61 2121 191 2186 magne,
207 2122 279 2187 quae
292 2099 390 2165 habet
404 2123 539 2189 regnum
550 2124 646 2190 super
661 2123 750 2191 reges
764 2114 858 2168 terrae
871 2102 893 2167 ¹.

71 2208 142 2274 XL.
164 2238 177 2272 ι
203 2208 278 2275 Post
295 2210 366 2277 haec
395 2210 456 2277 vidi
483 2208 619 2278 alterum
641 2210 799 2302 Angelum
819 2213 1065 2280 descendentem

29 2345 42 2379 ι
59 2317 99 2384 de
113 2316 209 2396 coelo,
220 2318 393 2386 habentem
408 2331 600 2410 potestatem
614 2345 784 2411 magnam:
799 2338 832 2387 et
847 2333 931 2388 terra
947 2322 1066 2390 illumi-

31 2439 133 2494 snata
155 2442 204 2494 est
221 2453 239 2494 a
261 2429 404 2496 claritate
418 2431 499 2520 ejus.
516 2432 557 2496 Et
572 2430 719 2498 clamarit
738 2432 772 2498 in
788 2431 974 2498 fortitudine
988 2455 1066 2500 voce

9 2614 15 2660 Ι
33 2559 187 2626 magna,
204 2539 332 2606 dicens:
348 2540 484 2616 Cecidit,
500 2541 615 2606 cecidit
630 2541 774 2630 Babylon
789 2560 916 2633 magna,
937 2554 969 2608 et
984 2542 1065 2609 sacta

32 2648 107 2734 »jest
122 2648 275 2714 hahitatio
290 2650 533 2728 daemoniorum,
545 2664 577 2716 et
593 2645 734 2718 custodia
747 2655 850 2719 omnis
866 2653 994 2743 spiritus
1009 2652 1067 2718 im-

9 2731 182 2850 ismundi,
202 2768 235 2822 ot
249 2759 391 2824 custodia
413 2763 516 2827 omnis
538 2761 674 2829 volucris
696 2763 869 2830 immundae
889 2775 921 2830 et
937 2785 1062 2830 exosoe:

12 2839 16 2877 ¹
33 2867 132 2953 »qnia
148 2866 187 2932 de
203 2869 276 2934 vino
288 2870 340 2936 irae
356 2871 554 2938 scortationis
569 2874 639 2961 ojus
653 2874 804 2941 biberunt
820 2853 931 2942 cinnes
942 2886 1061 2964 gentes.

34 3003 47 3038 ι
64 2978 104 3042 Et
114 2999 203 3065 reges
217 2989 307 3045 terrra
318 3003 394 3047 cum
406 2980 457 3046 iiia
469 2983 614 3050 fornicati
627 2997 714 3064 sunt,
726 2998 759 3053 et
769 2999 962 3054 mercatores
974 2997 1065 3050 terras

34 3085 104 3151 »de
125 3086 240 3153 virtute
260 3088 445 3156 deliciarum
467 3095 535 3181 ojus
557 3095 669 3162 divites
691 3097 766 3163 sacti
788 3111 872 3164 sunt.
897 3101 938 3165 Et
959 3098 1064 3163 audivi

9 3175 12 3214 f
35 3192 156 3260 »aliam
179 3219 292 3264 vocem
310 3198 351 3263 do
373 3198 455 3265 coelo
478 3201 658 3270 dicentem:
683 3205 775 3272 Exite
796 3207 836 3273 de
858 3207 909 3274 ilia
929 3205 1066 3298 populus

36 3325 176 3382 amens,
197 3331 238 3372 ne
259 3310 428 3399 participes
452 3311 517 3377 sitis
539 3313 727 3384 delictorum
747 3318 829 3406 ejus,
848 3331 881 3384 et
902 3319 942 3385 de
964 3317 1062 3409 plagis

34 3441 49 3476 s
64 3414 133 3504 ejus
147 3439 188 3482 nc
202 3419 374 3508 accipietis.
390 3419 549 3499 Quoniam
565 3423 766 3493 adhaeserunt
779 3439 909 3516 peccata
924 3429 993 3516 ejus
1009 3451 1063 3492 us-

34 3549 124 3616 »que
148 3528 189 3595 ad
207 3527 336 3607 coeium,
352 3541 385 3596 et
406 3531 590 3598 recordatus
613 3546 660 3600 est
683 3536 839 3603 Dominus
861 3539 1062 3626 iniquitatum

36 3661 145 3725 selus.

9 2279 12 2324 t

9 2373 13 2436 i

9 2507 14 2548 ι

9 3065 14 3102 i

80 3747 163 3814 XLI.
183 3779 196 3810 s
212 3749 346 3816 Reddite
363 3749 407 3818 itti
419 3752 501 3818 sicut
519 3765 551 3818 et
565 3754 630 3842 ipsa
643 3755 782 3822 reddidit
793 3757 881 3823 vobis
895 3782 903 3822 :
918 3771 950 3825 ot
963 3759 1063 3850 dupii-

38 3867 136 3924 »cate
159 3857 295 3948 duplicia
312 3863 488 3930 secundum
509 3887 603 3952 opere
622 3867 700 3956 ejus.
721 3867 755 3934 ln
777 3867 971 3960 poculoque
987 3872 1064 3938 mis·
1154 3956 1157 3964 Ι

71 3987 170 4055 ¹Ap0c.
184 4005 245 4052 xvir,
263 4007 270 4039 ι
284 3999 310 4042 at
321 4003 395 4057 seqq.
