2546 4614
380 337 420 378 nn
445 333 668 378 cartennasro.
979 313 1042 390 415
1105 323 1108 330 ’

9 461 134 528 deserto
156 458 336 525 viventibus
358 454 492 523 salutem
510 453 727 544 praenuntians
741 451 826 519 Tum
848 453 881 518 in
902 451 1042 520 Jordaua

9 569 112 656 lassum
123 589 232 635 coram
241 564 436 632 Salvatorem
448 563 598 639 ostendit,
608 563 733 630 dicens:
748 563 833 628 Eece
840 563 960 651 Agnus
969 561 1043 634 Dei,

9 680 69 766 qui
86 679 170 745 tollit
183 693 354 768 peccatum
367 673 519 742 mandit
534 675 595 740 llic
609 674 645 740 iis
660 673 755 740 etiam
773 672 828 760 qui
841 683 932 736 eraut
947 670 981 736 in
994 669 1046 736 in-

9 787 99 854 fcruo
115 788 205 878 prior
220 784 460 876 evangelizavit,
472 782 617 852 sublatus
628 784 761 852 Herodis
776 780 896 871 gladio,
908 780 973 848 illic
984 781 1046 848 fac-

9 908 61 963 tus
71 919 267 986 praecursora
283 918 400 984 nempe
410 895 455 960 ibi
466 915 593 982 quoque
605 893 801 962 indicaturus
812 891 1047 980 expectandum

10 1005 183 1076 Salvatoria
195 1009 398 1082 descensum,
413 1007 467 1095 qui
479 1017 663 1073 sanctorum
674 1004 793 1070 animus
805 1005 844 1069 de
856 1025 953 1070 mauu
965 1025 1048 1070 mor-

9 1119 48 1184 tis
64 1131 151 1186 esset
161 1117 365 1184 liberaturus.

9 1257 13 1297 t
54 1227 169 1295 XLVI.
198 1227 295 1308 Quod
316 1227 478 1294 enimvero
500 1223 647 1291 Salvator
667 1234 859 1293 cunctorum
880 1219 1047 1286 hominnm

9 1338 253 1410 resurrectionis
267 1339 458 1428 principium
476 1347 650 1423 auctorque
665 1334 790 1400 futurus
808 1344 889 1405 erat,
908 1353 965 1419 par
978 1342 1047 1396 erat

9 1461 49 1528 nt
65 1471 147 1514 uuus
163 1449 230 1538 ipse
246 1473 263 1514 a
278 1448 411 1514 mortuis
426 1447 645 1522 suscitaretur,
660 1468 720 1535 per
734 1466 830 1534 quem
840 1441 997 1532 judicium
1014 1442 1046 1506 in
1115 1449 1118 1454 '

9 1545 141 1640 omnem
153 1558 309 1626 mundum
319 1557 436 1624 intrare
448 1557 592 1633 deberet,
606 1569 642 1624 ut
654 1556 709 1645 qui
721 1555 815 1644 digne
829 1553 931 1620 functi
943 1563 1045 1620 certa-

9 1667 97 1750 ,miue
118 1677 235 1741 esseut,
254 1667 349 1757 digne
370 1690 497 1754 quoque
518 1669 558 1733 ub
574 1691 615 1734 eo
629 1678 877 1737 coronarentur3
896 1661 1047 1752 praeclaro
1086 1649 1090 1655 ¹

9 1777 133 1865 scilicet
149 1778 258 1865 agonis
276 1777 429 1864 positore,
441 1787 474 1839 et
485 1777 540 1862 qni
551 1777 674 1862 primus
685 1773 824 1839 stadium
835 1772 1041 1838 confecisset:

9 1885 71 1980 ¹qui
88 1884 119 1948 in
135 1883 254 1950 coelum
270 1894 429 1969 receptus,
443 1884 477 1947 in
494 1884 552 1947 Dei
568 1906 607 1948 ne
623 1882 724 1948 Patris
742 1883 870 1948 dextera
890 1880 992 1956 sedet,
1008 1903 1048 1946 ac

9 1994 169 2070 ‚rursusiu
179 1992 291 2058 mundi
303 1992 576 2060 consummatione
586 1993 606 2057 J
610 1992 691 2057 udcx
707 1990 955 2058 manifestandus
973 2002 1041 2063 est;

9 2085 146 2172 necesse
160 2114 209 2168 est
224 2114 259 2166 ut
274 2102 343 2188 ejus
358 2123 570 2189 praeeursores
585 2113 658 2168 unte
672 2101 926 2179 manifestentur,
939 2123 1049 2190 quem-

9 2215 191 2319 kadmodum
206 2236 266 2302 per
281 2209 468 2279 Malachiam
480 2225 512 2278 et
527 2211 683 2302 Angelum
699 2213 794 2278 dicit:
808 2213 949 2280 «Mittam
960 2217 1049 2282 vobis

9 2355 31 2434 ¹r
45 2323 147 2392 Elium
155 2321 354 2398 Thesbitem,
364 2333 534 2408 antequam
543 2322 647 2388 veniat
657 2322 724 2388 dies
733 2321 863 2388 Domini
874 2347 1006 2412 magnus
1017 2338 1050 2390 et

9 2466 31 2546 Ι»
45 2435 229 2502 manifestus
240 2432 264 2497 ².
279 2435 320 2498 Et
333 2432 466 2500 reducet
478 2433 574 2500 corda
586 2445 714 2522 patrum
727 2433 768 2498 ad
783 2431 878 2508 lilios,
892 2445 924 2498 et
939 2435 1052 2501 inobe-

9 2574 32 2658 Ιι
48 2545 172 2610 dientes
186 2542 225 2609 ad
236 2541 439 2632 prudentiam
450 2543 629 2630 justorum:
644 2565 684 2608 ne
695 2543 778 2608 forte
789 2543 927 2618 reniam,
939 2556 972 2610 et
982 2567 1052 2633 per·

9 2683 33 2768 hs
48 2656 292 2722 cutiamterram
299 2653 425 2742 penitus
434 2653 457 2718 ³.
469 2683 483 2716 s
497 2655 536 2720 lli
547 2655 1050 2743 itaquevenientespraedicabunt

9 2760 157 2879 &futuram
181 2761 299 2827 Christi
313 2787 332 2828 e
346 2761 435 2829 cmlis
451 2765 694 2853 apparitionem
717 2765 895 2852 faciemque
911 2765 999 2854 signa
1018 2777 1052 2830 ot

18 2869 172 2958 prodigia,
189 2880 225 2935 ut
243 2868 293 2935 vel
310 2872 356 2938 sic
371 2871 536 2938 inflectant
555 2886 651 2962 atque
670 2886 857 2940 convertant
883 2874 1052 2940 hominum

9 2981 136 3078 ,animas
147 2981 188 3046 ad
199 2982 434 3070 poeniteutiam,
447 2987 489 3049 ola
500 2984 631 3050 nimiam
643 2986 881 3073 improbitatem
892 3008 931 3051 ac
942 2985 1051 3074 impic-

9 3093 113 3156 'tutam
130 3115 194 3178 qua
209 3089 369 3156 laborant.

59 3199 189 3268 XLVll.
209 3200 362 3268 Ananim
374 3199 513 3266 loannes
526 3223 533 3264 :
548 3203 612 3267 «Et
623 3203 707 3268 dabo
719 3203 845 3269 duobus
861 3204 1006 3278 testibus,
1019 3213 1052 3268 et

19 3312 287 3401 »prophetabunt
306 3311 373 3377 dies
390 3310 476 3377 milla
489 3311 642 3379 ducentos
661 3314 834 3404 sexaginta,
853 3315 962 3382 amicti
979 3337 1052 3381 sac-

17 3420 121 3486 sois⁴.
138 3451 152 3485 r
170 3421 350 3490 Dimidium
368 3422 452 3489 istud
471 3421 678 3490 hebdomadae
695 3425 736 3490 de
752 3449 813 3514 qua
825 3424 937 3494 Daniel
960 3424 1048 3496 locu·

16 3541 67 3594 tus
80 3541 148 3598 est:
167 3531 246 3600 alsti
261 3545 337 3598 sunt
344 3532 415 3599 duae
424 3532 513 3600 olivas
523 3545 556 3600 et
565 3533 629 3599 duo
638 3533 828 3602 candelabra
837 3537 870 3603 in
879 3550 1051 3627 conspectu

19 3637 103 3704 »Dei
115 3651 210 3707 terras
221 3641 348 3709 stantia.
362 3643 439 3708 Etsi
451 3640 725 3730 quisvolueriteis
737 3665 866 3720 nocere,
879 3645 958 3734 ignis
969 3641 1049 3712 exiet

20 3771 32 3804 t
46 3747 86 3813 de
96 3772 153 3816 ore
165 3775 295 3830 eorum,
308 3765 342 3818 et
353 3754 519 3820 devorabit
528 3753 674 3826 inimicos
685 3775 808 3818 eorum.
823 3754 864 3820 Et
878 3755 902 3820 si
915 3755 983 3845 quia
994 3779 1052 3824 vo-

21 3881 32 3913 s
47 3853 141 3924 luerit
152 3883 207 3928 eos
220 3862 349 3940 tedere,
363 3861 407 3930 sic
419 3877 543 3954 oportet
554 3887 630 3931 eum
640 3863 754 3934 occidi·
769 3865 809 3932 lli
820 3844 938 3934 habeut
949 3881 1050 3958 potes-

54 3986 63 4019 ¹
74 3987 178 4054 losum,
191 4009 228 4060 ¹9·
242 3996 410 4048 ..tristante
419 4012 453 4060 rr,
463 3999 524 4049 5.-
534 3997 544 4033 ⁸
555 3999 617 4049 Luc.
625 4017 644 4060 ι,
657 4014 664 4048 ι
671 4017 694 4064 7.
704 3998 754 4038 -l
765 4001 845 4065 Apoc.
854 3997 918 4059 xuil-
