2738 4628
233 223 273 286 50
550 244 663 290 sancrr
688 244 801 288 aarum
825 245 887 288 rra.
914 245 934 287 v

231 388 244 422 s
260 370 296 425 ut
309 359 550 454 manifestentur
565 385 661 450 opera
679 361 740 428 Dei
759 361 792 426 in
810 359 878 450 ipso
888 359 911 424 ¹.
927 388 939 421 ι
955 358 1061 448 Opera
1076 369 1191 423 autem
1215 355 1274 422 Dei

230 464 396 556 plasmatio
414 481 462 536 est
476 469 624 536 hominis.
647 471 737 536 llane
751 470 838 534 enim
856 492 915 556 per
933 467 1155 556 operationem
1181 465 1273 540 feeit,

230 578 501 664 quemadmodum
513 579 677 668 Scriptura
689 579 733 644 ait
746 602 755 644 ι
766 606 780 639 ι
790 581 832 645 Et
843 579 977 668 sumpsit
987 578 1143 644 Dominus
1156 577 1274 642 limum

231 713 244 748 ι
261 685 302 752 de
316 699 414 766 terra,
428 702 461 756 et
475 688 642 778 plasmavit
656 688 818 756 bominem
828 687 851 753 ².
869 689 1098 778 »Quapropter
1111 699 1145 754 et
1161 687 1275 754 Domi-

230 819 290 865 nus
309 797 419 886 expuit
437 799 469 864 in
488 811 620 875 terram,
637 811 671 865 et
690 799 765 866 lecit
787 797 904 875 lutum,
923 812 956 864 et
974 796 1173 888 superlinivit
1194 795 1275 862 illud

230 905 331 974 oeulis
341 931 351 982 ς
365 908 535 977 ostendens
553 910 717 999 antiquam
735 908 978 998 plasmationem
994 907 1272 998 quemadmodum
1315 855 1322 1002 l

230 1013 311 1084 buta
327 1030 388 1095 est,
404 1029 437 1086 et
452 1043 584 1088 manum
599 1021 656 1087 Dei
670 1020 873 1087 manifestans
884 1020 934 1088 bis
946 1021 1000 1110 qui
1013 1017 1192 1109 intelligere
1203 1041 1274 1108 pos·
1321 1015 1323 1024 ⁴

230 1125 306 1202 sint,
323 1149 380 1216 per
398 1150 496 1216 quam
511 1127 622 1196 elimo
638 1127 811 1218 plasmatus
826 1141 874 1196 est
893 1129 1000 1195 bomo.
1016 1127 1113 1208 Quod
1130 1127 1221 1192 enim
1239 1128 1271 1191 in

230 1244 341 1302 ventre
356 1234 512 1325 plasmare
523 1238 725 1327 praetermisit
741 1236 853 1304 artilex
864 1236 1020 1311 Verbum,
1033 1235 1096 1302 boe
1112 1234 1144 1300 in
1165 1234 1271 1298 mani·
1325 1221 1326 1226 ἵ

229 1343 311 1412 sesto
325 1339 528 1434 adimplevitr
542 1347 587 1411 uti
603 1346 881 1413 manifestarentur
892 1368 988 1435 opera
999 1344 1059 1410 Dei
1071 1343 1104 1409 in
1115 1343 1198 1431 ipso,
1210 1364 1269 1408 nea

230 1451 297 1541 jem
313 1451 445 1519 alteram
456 1450 690 1543 requireremus
708 1477 838 1522 manum
850 1478 908 1544 per
920 1475 1015 1543 quam
1032 1451 1206 1543 plasmatus
1221 1463 1266 1518 est

230 1561 342 1638 bomo,
360 1585 463 1651 neque
478 1563 615 1631 alterum
626 1565 775 1630 Patrem:
791 1565 925 1631 scientes
941 1563 1091 1652 quoniam
1103 1584 1175 1651 qum
1188 1559 1262 1650 plas

229 1670 329 1737 mavit
347 1693 406 1738 nos
424 1673 527 1749 initio,
544 1685 577 1739 et
596 1672 731 1762 plasmat
750 1674 784 1740 in
803 1684 912 1739 ventre
928 1695 1041 1738 manus
1056 1671 1129 1748 Dei,
1147 1673 1210 1738 bae
1227 1671 1258 1736 in

232 1783 409 1848 novissimis
421 1784 619 1874 temporibus
636 1784 776 1873 perditos
794 1785 960 1875 exquisivit
978 1807 1050 1858 nos,
1070 1805 1158 1849 suam
1171 1781 1261 1848 lueri-

198 1953 205 1966 ,
230 1890 349 1956 iaciens
366 1903 399 1956 et
417 1916 513 1982 super
523 1893 676 1958 humeros
691 1915 854 1958 assumens
866 1915 957 1960 ovem
968 1891 1139 1981 perditam,
1150 1903 1182 1958 et
1191 1913 1265 1958 eum

228 1996 441 2092 gratulatione
453 2001 485 2068 in
497 2000 664 2068 eohortem
676 2002 844 2067 restituens
857 2003 938 2067 vitae.

291 2109 452 2190 Quoniam
478 2121 586 2175 autem
612 2111 645 2176 in
664 2125 775 2176 ventre
798 2109 932 2200 plasmat
957 2133 1015 2178 nos
1031 2104 1176 2178 Verbum
1196 2109 1267 2185 Dei,

230 2219 276 2284 ait
292 2218 439 2287 ‹ieremiae
456 2241 466 2283 ι
480 2245 493 2278 ι
508 2217 695 2308 Priusquam
710 2218 899 2308 plasmarem
917 2228 949 2284 te
966 2219 998 2286 iu
1017 2231 1120 2294 utero,
1135 2219 1209 2284 novi
1225 2230 1270 2294 te,

230 2341 292 2394 set
308 2329 493 2420 priusquam
508 2329 609 2395 exires
629 2329 669 2396 de
687 2327 792 2405 vulva,
809 2327 1003 2396 sanetificavi
1020 2339 1065 2404 te,
1081 2341 1114 2394 et
1130 2327 1273 2417 propbe-

231 2452 327 2505 stam
346 2441 379 2506 in
394 2439 541 2530 gentibus
557 2440 648 2530 posui
667 2439 731 2506 te⁸.
755 2468 768 2502 ι
782 2439 846 2505 Sed
862 2453 894 2505 et
908 2438 1023 2504 Paulus
1039 2437 1183 2504 similiter
1198 2439 1242 2504 ait
1262 2461 1270 2502 ε

238 2576 254 2608 a
271 2548 409 2628 Quando
425 2561 534 2614 autem
545 2547 739 2638 complacuit
755 2548 784 2614 ei
804 2548 858 2636 qui
875 2570 926 2614 me
939 2549 1113 2638 segregavit
1128 2571 1166 2614 es
1179 2561 1273 2614 utero

231 2689 247 2722 a
264 2661 373 2725 matris
385 2682 477 2736 meae,
494 2661 540 2724 uti
559 2658 808 2748 evangelizarem
823 2681 898 2726 eum
914 2659 946 2724 in
958 2656 1137 2748 gentibus⁴.
1159 2687 1172 2719 ι
1186 2657 1272 2724 Cum

233 2793 309 2860 ergo
328 2769 361 2835 in
382 2781 492 2836 ventre
519 2793 536 2834 a
559 2767 666 2835 Verbo
688 2768 894 2859 pbsmemur,
920 2768 1058 2857 idipsum
1074 2766 1219 2834 Verbum
1240 2770 1272 2833 ei

231 2881 289 2970 qui
306 2879 497 2946 anativitate
512 2902 618 2946 eaeeus
636 2880 752 2958 suerat,
770 2880 917 2948 formavit
932 2879 1100 2974 visiopem3
1123 2900 1198 2943 eum
1215 2879 1274 2967 qui

235 2990 267 3055 in
279 2987 469 3056 abscondito
483 2985 656 3078 plasmator
669 3001 778 3055 noster
789 3001 850 3063 est,
863 2989 895 3054 in
908 2986 1073 3054 manifesto
1085 2987 1272 3062 ostendens,

231 3097 387 3184 'quoniam
402 3097 505 3187 ipsum
512 3093 654 3165 Verbum
666 3098 868 3166 manifestum
881 3096 1062 3163 bominibus
1073 3096 1193 3164 laetum
1206 3095 1289 3162 sue·

231 3217 285 3270 rat
299 3229 307 3270 :
322 3217 354 3271 et
365 3207 528 3295 antiquam
539 3205 781 3297 plasmationem
792 3207 870 3274 Adae
883 3206 1053 3283 disserens,
1063 3218 1096 3272 et
1107 3207 1271 3295 quomodo

233 3314 338 3378 lactus
353 3327 414 3390 est,
426 3329 459 3381 et
473 3340 531 3406 per
541 3340 637 3405 quam
650 3315 823 3407 plasmatus
838 3328 887 3382 est
905 3339 1050 3391 manum,
1066 3340 1105 3381 ex
1123 3329 1213 3404 parte
1226 3328 1277 3384 to-.

234 3437 306 3489 tum
325 3426 504 3492 ostendens.
521 3428 585 3508 Qui
601 3429 686 3494 enim
704 3429 856 3494 visionem
871 3426 1018 3492 formavit
1034 3427 1201 3504 Dominus,
1217 3427 1272 3496 hie

230 3543 284 3598 est
299 3533 352 3621 qui
370 3535 551 3600 universum
569 3535 734 3602 hominem
749 3536 907 3612 formavit,
927 3535 1081 3602 voluntati
1101 3535 1202 3601 Patris
1218 3535 1272 3601 de-

234 3644 386 3722 serviens.
411 3645 451 3710 Et
470 3646 620 3733 quoniam
639 3649 674 3714 in'
694 3647 745 3714 illa
769 3647 976 3737 plasmatione
999 3670 1069 3735 quae
1092 3644 1270 3732 seeundum

236 3752 339 3818 Adam
351 3748 422 3829 luit,
435 3751 467 3817 in
483 3757 842 3845 transgressionelaetus
857 3755 954 3822 bomo
966 3755 1128 3845 indigebat
1140 3754 1267 3823 lavacro

268 3881 361 3931 ¹laum.
372 3899 408 3942 ιι,
419 3882 443 3932 ³.
457 3909 488 3920 -
501 3880 624 3945 ¹Gen.rr,
635 3903 659 3950 7.
671 3915 701 3926 -
711 3886 721 3919 ⁸
731 3888 827 3938 lerum.
842 3905 860 3946 r,
873 3889 895 3934 5.
909 3913 940 3928 -ν
952 3885 961 3918 ⁴
972 3884 1055 3934 Galat.
1068 3891 1092 3943 r‚'
1101 3885 1138 3944 1⁵,
1152 3885 1190 3932 16.
