2478 4594
347 291 540 338 ornouaruu
561 293 621 338 mr.
642 295 678 348 r.

98 415 177 476 Cum
192 414 300 475 rutilus
314 415 374 476 alto
389 415 527 478 conditos
542 417 626 496 ignes
640 419 707 476 sinu

95 511 234 572 lill‘uudet
244 511 368 573 AEther:
384 532 455 574 cum
471 531 562 595 rapax
575 515 696 574 flamma
710 512 829 574 hauriet

94 615 263 690 Imntatque
273 631 411 686 summa,
425 632 482 674 nec
492 613 620 675 modum
635 616 735 696 capiet
751 616 845 676 furor.

10 733 41 800 tit
54 730 158 822 paucis
169 731 364 822 interjectis:

96 903 241 922 .....
266 863 317 920 dst
332 859 384 921 ubi
397 871 551 941 superstes
564 862 657 935 nihil3

94 962 224 1021 llarium
238 961 380 1043 profundi
393 964 526 1041 gurgites
538 961 613 1022 nulli
626 973 691 1052 tum
707 971 812 1036 erunt,

94 1061 287 1120 labefactum
297 1060 334 1120 ab
350 1063 418 1120 imis
429 1061 551 1122 sedibus
561 1080 657 1121 vacuo
669 1063 768 1121 solum

96 1163 220 1221 Gremio
232 1161 350 1240 jacebit.
366 1162 455 1221 Haud
465 1165 548 1222 enim
559 1163 652 1222 rastis
662 1162 770 1242 procul

96 1260 240 1320 l'lommis
251 1273 427 1343 perustum,
445 1281 562 1323 summa
577 1274 726 1342 pennatos
741 1281 850 1342 greges

100 1363 192 1422 blittit
207 1362 262 1422 sub
275 1374 372 1422 astra:
390 1363 442 1422 sed
456 1373 556 1421 tamen
567 1361 713 1441 quidquid
724 1365 807 1442 prius

101 1459 204 1518 Fuerit
219 1459 410 1540 ademptum,
426 1460 531 1539 recipit
545 1476 580 1517 ac
595 1459 751 1539 proprium
768 1470 858 1518 tenet.

10 1574 114 1642 lffinia
131 1578 323 1666 reperiemus
339 1578 372 1643 iu
385 1576 552 1666 Orphicis,
569 1601 639 1669 quae
655 1589 856 1666 sequuntur:

100 1707 191 1780 Quod
203 1710 285 1786 prius
301 1706 478 1778 abdiderat,
491 1704 573 1766 laetas
584 1707 615 1764 in
630 1705 753 1774 luminis
762 1724 855 1786 ,auras

100 1807 255 1867 Sollicitus
270 1825 355 1866 sacro
373 1816 496 1866 cunctos
508 1823 545 1864 ax
557 1805 647 1865 corde
663 1806 785 1864 refudit.

10 1924 65 2006 Qui
83 1925 110 1990 si
127 1936 212 1992 caste
232 1927 416 2014 integreque
434 1922 623 1999 vixerimus,
643 1921 727 1988 beati
747 1922 878 2011 quidem
897 1921 952 1988 hic
974 1925 1039 1990 cri-

10 2055 87 2107 mus;
121 2044 153 2099 at
174 2045 247 2122 post
271 2032 445 2098 discessum
461 2053 499 2096 ex
513 2029 576 2096 hnc
594 2030 656 2096 rita
678 2027 771 2118 longe
785 2031 960 2108 beatiores,
978 2055 1039 2099 nec

10 2139 63 2206 ullo
88 2153 235 2231 tempore
262 2140 544 2206 circumscribetur
570 2150 678 2205 nostra
700 2135 771 2206 baec
793 2138 951 2218 felicitas,
984 2141 1041 2207 sed

10 2251 104 2340 quiete
124 2250 271 2316 fruemur
285 2249 496 2338 sempiterna,
553 2285 556 2289 ·

106 2382 188 2439 Com
205 2381 318 2458 superis
333 2377 392 2436 lare
403 2377 577 2454 conjuncti,
592 2395 754 2459 mensaque
771 2397 824 2457 per
837 2396 957 2448 earum,

107 2477 237 2536 Casibus
248 2475 325 2535 haud
342 2476 513 2550 bominum,
529 2495 670 2554 saevoque
682 2477 787 2537 dolore
799 2477 933 2547 subacti,

10 2607 35 2662 rt
47 2595 171 2663 cecinit
186 2593 388 2684 Empedoclis
402 2592 621 2685 philosophica
636 2595 752 2661 Poiisis.
773 2594 928 2684 Adeoque
944 2592 992 2662 rel
1004 2617 1044 2660 ex

10 2703 193 2772 Graecorum
220 2703 361 2791 ipsorum
385 2714 492 2768 mente
506 2701 630 2794 iuturus
651 2714 698 2768 est
717 2725 832 2780 nemo,
850 2701 902 2770 rel
915 2713 1042 2779 tantus,

10 2824 35 2876 at
57 2810 174 2901 judicii
191 2809 255 2877 rim
271 2813 419 2900 superet,
443 2805 493 2877 vel
514 2821 580 2876 tam
600 2809 751 2900 pusillus,
780 2823 813 2876 ut
828 2809 933 2879 lateat.
955 2811 1042 2892 Quin

10 2931 34 2984 et
49 2917 202 3009 Orpheus
215 2917 301 2986 idem
309 2917 381 2984 haeo
395 2915 508 2984 babet:

107 3049 218 3107 Divino
230 3049 260 3106 in
272 3047 370 3107 Verbo
383 3047 485 3106 deliris
499 3055 580 3105 totus
595 3045 708 3105 inhaere

103 3147 305 3218 bominibus,
321 3148 491 3224 mentisque
505 3165 624 3206 memor
639 3146 765 3207 lustrare
777 3165 932 3220 recessus,

103 3249 259 3308 intactum
272 3265 325 3327 per
340 3248 397 3306 iter
411 3247 561 3306 constanti
578 3246 717 3306 incedere
733 3265 836 3326 gressu
845 3287 855 3320 ‚

105 3349 325 3425 AEternumqne
341 3367 437 3407 unum
453 3347 518 3407 coti
534 3347 625 3407 modo
640 3364 763 3412 eernere
776 3351 913 3428 Regem,

108 3452 206 3527 Perge
221 3448 339 3509 alacris.

10 3567 79 3634 llox
94 3567 164 3634 risu
172 3565 278 3634 Deum
290 3565 400 3656 attingi
412 3587 476 3632 non
487 3587 581 3656 posse
592 3565 803 3642 confirmans,
820 3565 875 3633 uni
888 3566 982 3636 alicui
993 3593 1056 3661 ge·-

10 3699 83 3744 uere
92 3673 245 3743 Chaldaeo
255 3672 466 3740 notumillum
479 3673 575 3742 luisse
587 3682 740 3749 testatur,
754 3674 818 3740 sive
829 3674 1046 3748 Abrabamum

10 3783 116 3864 dicat,
129 3783 194 3850 sive
210 3781 312 3850 lilium
326 3783 396 3873 ejus
412 3781 570 3872 aliquem,
585 3781 634 3850 bis
651 3782 811 3850 versibus:

113 3913 166 3974 Ast
177 3909 284 3988 aliquis
298 3918 415 3970 tantum
432 3907 602 3970 Chaldaeos
616 3910 762 3989 sangoine
776 3922 885 3972 cretus.
