2452 4602
201 269 268 347 414
511 285 685 332 casunnrrs
709 288 920 334 acmtnnautt

204 417 354 486 dedecus.
368 413 441 482 «lam
451 435 539 491 rem,
554 414 579 478 si
594 427 627 480 et
642 433 699 504 per
714 439 748 482 se
760 429 861 484 restes
876 417 1033 509 stragulae
1052 425 1211 496 exennait.

204 538 238 592 et
258 523 374 592 sitienti
392 523 506 590 marito
526 533 638 611 potum
654 525 839 612 prebuerit,
859 527 1035 616 cibumque
1059 531 1212 620 appomt

205 633 436 708 honestissime,
446 647 542 719 seque
554 631 595 696 ad
607 632 804 700 moderatam
815 635 982 702 sanitatem
995 637 1039 702 ita
1051 639 1213 712 exercuerit,

111 773 119 789 ·
204 742 299 810 talem
319 739 488 809 mulierem
506 741 637 830 suscipit
655 741 861 834 Pedagogus,
876 768 948 832 quae
963 747 1119 813 «cubitos
1130 761 1210 813 entm-

203 883 217 917 ι
232 855 278 920 dit
292 853 332 920 ad
345 875 383 918 aa
398 873 470 940 qum
485 863 560 916 sunt
570 851 672 928 utilia,
683 877 796 920 manus
811 878 882 921 suas
895 853 966 922 colo
981 853 1091 934 dulcit,
1103 857 1213 922 card*

203 985 293 1051 sque
308 961 440 1051 pauperi
451 959 565 1049 aperit,
574 981 705 1050 carpum
717 983 793 1028 rere
807 963 955 1030 mendico
967 965 1136 1055 porrigit¹‚
1145 989 1214 1042 tnnc,

203 1072 290 1162 quod
314 1071 511 1161 pmcipuum
532 1082 580 1135 est
604 1070 833 1146 ministeriam,
854 1070 894 1137 ad
918 1073 1135 1140 imitationem
1152 1073 1214 1139 sea

203 1181 376 1248 viatoribus
395 1197 582 1244 succurrere
601 1179 784 1246 crubescit:
808 1178 888 1245 dixit
902 1181 989 1246 enim
1008 1182 1038 1246 ei
1062 1181 1211 1249 Abrabam:

214 1290 376 1374 «Festina,
391 1301 424 1355 ct
444 1288 618 1356 commisce
632 1299 697 1354 tres
712 1311 877 1356 mensuras
892 1289 1018 1368 simite,
1029 1305 1067 1362 et
1083 1291 1214 1360 necte

205 1399 361 1468 »neritios
377 1397 401 1466 ².
420 1395 540 1466 Rachel
559 1409 679 1475 autem,
705 1397 769 1466 fllia
790 1399 912 1476 laban,
928 1402 1098 1478 veniebat,
1116 1404 1211 1488 mend,

203 1539 217 1573 ι
233 1531 308 1577 cum
323 1507 434 1573 oribus
453 1505 611 1594 patrissui
624 1506 674 1572 ’.ι
689 1507 757 1575 Nec
771 1531 808 1574 ea
824 1509 1033 1588 suffecerunt,
1053 1513 1114 1578 sed
1128 1512 1212 1578 ductat

203 1642 300 1710 quam
319 1617 406 1682 omni
427 1627 509 1681 esset
531 1613 613 1680 fastu
628 1613 743 1690 aliena,
761 1618 941 1705 subjunxit:
958 1621 1058 1710 «lpse
1074 1622 1152 1688 cnim
1164 1643 1211 1708 pte

206 1759 219 1793 ι
234 1733 329 1796 cebat
344 1749 418 1793 oves
434 1725 532 1814 patris
547 1725 606 1790 sui.
622 1753 635 1787 s
651 1723 721 1792 Alia
736 1727 828 1794 nobis
843 1727 1092 1796 innumerabilia
1107 1732 1212 1820 pretet

203 1841 376 1931 Scripturae
396 1834 540 1924 exempla
559 1835 759 1924 frugalitatis,
779 1838 958 1916 ministerii,
981 1851 1014 1906 et
1036 1843 1134 1909 etiam
1148 1861 1210 1906 erra

204 1951 281 2019 citii.
302 1950 349 2016 Ex
363 1947 437 2020 viris
452 1957 574 2022 eutem,
591 1945 643 2015 alii
658 1946 787 2035 quidem
801 1948 878 2016 nudi
896 1947 1066 2016 luctentur
1081 1975 1090 2018 ε
1103 1951 1148 2018 alii
1160 1973 1208 2015 rut

204 2082 301 2149 parre
321 2078 448 2146 quoque
464 2053 560 2144 glebo
581 2052 705 2135 ludant,
722 2058 881 2146 precipue
896 2081 935 2124 eo
958 2058 1036 2125 ludo
1060 2084 1150 2148 quem
1161 2057 1210 2148 ple

203 2168 300 2236 ninda
320 2167 443 2241 dicunt,
463 2164 497 2230 in
518 2162 593 2230 sole.
618 2164 695 2232 Aliis
716 2190 790 2233 vero
812 2166 928 2234 sufficit
950 2169 1159 2236 deambulatio
1175 2189 1210 2233 rut

205 2277 369 2351 euntibus,
380 2272 430 2340 rel
451 2273 484 2340 in
501 2273 617 2339 urbem
636 2273 914 2343 descendentibus.
933 2275 1031 2356 Quod
1048 2281 1077 2345 si
1095 2275 1210 2346 etianli

206 2411 321 2482 genem
336 2382 554 2458 tractaverint,
569 2407 634 2452 non
646 2397 696 2451 est
705 2386 775 2454 baec
786 2383 948 2452 illiberalis
963 2401 1107 2476 questus
1119 2409 1210 2455 eccm

207 2500 283 2568 mici
303 2495 441 2564 accessio
462 2493 500 2559 ad
520 2492 694 2581 agricolam
708 2496 896 2586 pertinentis
911 2499 1070 2566 exercitii.
1089 2499 1210 2565 Getam

208 2608 326 2677 oblitus
351 2627 422 2672 sum
442 2603 676 2692 propemodum
692 2605 813 2683 dicere,
830 2606 917 2695 qnod
937 2605 1084 2674 Pittacus
1104 2607 1209 2682 illum

206 2717 472 2807 blitylenaecmm,
484 2713 637 2790 molebat,
650 2718 716 2782 acri
728 2727 820 2782 utens
832 2718 995 2784 exercitio.
1010 2713 1210 2786 Pulcbrnnct

209 2839 316 2893 antem
331 2825 427 2892 etiam
443 2845 558 2913 aquam
577 2847 635 2913 per
649 2844 683 2891 ac
702 2826 841 2902 haurire,
860 2839 896 2892 et
908 2825 993 2917 ligna
1009 2829 1148 2896 scindere
1158 2823 1207 2916 qui-
1224 2915 1225 2918 Ἴ

208 2937 268 3002 bus
279 2934 320 3000 sit
331 2955 455 2999 usurus.
469 2933 574 2998 Jacob
585 2931 597 2966 ⁴
609 2945 718 2998 autem
729 2937 879 3024 pascebat
893 2957 968 3003 ores
979 2938 1104 3014 Laban,
1113 2955 1208 3027 quere

208 3044 290 3112 liette
304 3042 442 3116 luerunt,
455 3037 560 3130 regaie
578 3038 701 3108 habens
715 3043 853 3132 signum,
868 3046 1010 3134 virgam
1022 3047 1208 3136 atys-eciam,

209 3173 280 3240 quc
294 3173 352 3242 per
371 3151 493 3241 lignum
515 3150 730 3218 meditabatur
749 3165 897 3220 naturam
916 3165 1044 3220 mtrtarc
1062 3156 1096 3221 in
1113 3151 1206 3220 met·

207 3261 314 3328 blultis
327 3282 468 3350 queque,
480 3281 550 3348 qnae
561 3257 624 3324 alta
636 3259 673 3325 lit
682 3282 774 3338 voce,
787 3259 883 3330 lectio
894 3275 944 3330 est
958 3263 1150 3332 exercitium.
1160 3261 1208 3329 lan

208 3392 285 3442 rece
299 3371 385 3438 lucta
395 3391 538 3460 quoque,
552 3393 649 3458 quam
659 3371 857 3450 admisimus,
874 3395 940 3442 non
955 3373 1208 3463 assumaturgnt't

209 3481 327 3548 inutilis
342 3479 554 3548 contentionis
566 3489 600 3544 et
613 3501 701 3546 rante
715 3477 823 3570 glorie
836 3485 1033 3574 cupiditatis,
1045 3485 1100 3551 sed
1117 3497 1146 3550 ut
1157 3481 1208 3546 tiri

208 3587 253 3654 les
272 3599 484 3654 excernuntur
502 3587 645 3652 sudores.
663 3586 731 3654 Nec
745 3611 822 3655 rere
840 3589 1053 3659 laborandum
1069 3606 1115 3658 cst
1131 3590 1157 3656 in
1173 3611 1207 3654 ct*

209 3698 362 3764 tentando
380 3721 417 3765 ca
433 3699 468 3764 in
486 3719 521 3764 re
534 3697 689 3774 artilicic,
703 3699 758 3764 setl
773 3711 859 3768 recta
874 3701 962 3770 lucta
978 3703 1154 3771 certandum
1166 3709 1205 3764 ert

205 3806 373 3886 collorum,
386 3831 554 3886 manuum,
567 3809 703 3878 laterum
715 3807 927 3902 explicatione
937 3829 972 3880 et
980 3827 1080 3882 motu.
1092 3809 1204 3882 numu

237 3943 328 3994 ¹Prov.
340 3961 406 4006 xxm,
421 3963 460 4011 19,
473 3965 507 3998 πο.
522 3975 552 3986 -
562 3948 573 3982 ²
584 3949 680 4000 Gener.
696 3965 766 4009 arnt,
777 3953 800 4000 6.
813 3952 861 3992 -³
874 3953 915 4002 ld.
928 3970 977 4012 xix,
987 3973 1042 4020 9.-
1058 3953 1117 4002 ‘id
1128 3947 1203 4008 amis·
