2478 4594
329 275 521 324 sraonruu
542 275 604 324 aaa.
630 277 660 318 v.
952 256 1014 322 att

86 389 229 452 Omnibus
238 407 294 470 por
304 408 336 458 se
350 393 462 470 aperit,
478 389 552 468 quid
563 391 658 469 magis
669 351 778 468 auique
791 390 939 452 oontamt.

85 489 968 570 flaudenimartsmultautomorepuiansusuasoanus

85 593 167 652 Ratio
178 592 323 656 nimirum
331 589 475 665 bominis,
488 591 829 656 rationeexdiriuasata
837 603 891 654 eat
915 592 1016 673 [parit.

22 750 82 794 arro
95 749 166 792 eum
181 726 280 791 Esaias
296 749 375 792 voce
392 719 462 792 hato
480 725 615 820 Spiritus
634 725 783 792 inclamet
799 747 808 790 a
828 726 922 806 «Quo
937 725 1016 792 mihi

22 834 241 902 multitudinem
253 835 454 901 victimarum
467 847 641 902 vestrarum
651 835 666 899 i
678 835 753 900 dicit
768 833 942 900 Dominus:
955 833 1020 926 plo-

22 965 66 1008 uus
76 963 142 1006 sum
153 939 348 1006 holocaustis
360 939 544 1014 hircorum
565 939 691 1029 adipem
707 963 879 1028 agnorum,
895 951 928 1004 et
944 962 1009 1004 san·
1043 946 1047 955 “

22 1051 130 1141 quinem
142 1059 309 1114 taurorum
320 1045 396 1114 nolo
406 1045 416 1082 ¹
423 1073 433 1122 ς
448 1047 617 1138 »idemque
632 1049 802 1138 subjungat
814 1045 908 1137 paulo
921 1058 993 1135 post
1010 1071 1018 1111 :

22 1157 172 1226 baramini
187 1207 197 1234 ,
214 1155 326 1223 mundi
346 1167 463 1234 estote,
480 1153 601 1222 auferte
623 1156 778 1244 nequitias
802 1181 841 1221 ex
857 1155 1022 1222 animabus

22 1263 114 1330 mnu
127 1262 160 1330 ²:
175 1291 189 1326 ι
204 1273 273 1330 tum
290 1262 324 1328 in
338 1262 486 1333 mandem
496 1263 686 1331 sententiam
699 1262 870 1332 Menander
880 1260 1022 1328 oomious

22 1372 118 1438 tidem
134 1371 239 1439 uerbis
253 1371 296 1438 ita
312 1370 441 1438 scribit:
835 1357 838 1363 ’

89 1521 219 1597 Siquis,
238 1518 322 1598 quod
331 1518 411 1580 hoedi
424 1518 472 1580 vai
483 1519 590 1592 bovis,
604 1520 647 1580 mi
663 1517 841 1601 Pamphila,

73 1623 232 1682 truanes
244 1639 308 1680 aras
324 1621 489 1699 sanguine,
503 1629 556 1680 aut
565 1619 646 1680 aliud
660 1619 724 1680 dois

84 1721 308 1799 Quodcumque
322 1730 450 1790 naotou
466 1721 547 1792 tiva,
560 1720 641 1797 quod
653 1719 740 1778 docta
754 1737 864 1780 manus

83 1822 217 1883 Laborat
230 1833 294 1880 arta
305 1865 314 1898 ‚
326 1839 461 1902 purpura
474 1820 591 1884 ardenti
605 1822 721 1879 micans
772 1811 775 1816 ’

81 1924 206 1982 Aurora
215 1932 333 1982 textum
351 1920 498 2000 pallium,
516 1929 569 1977 aut
581 1917 715 1982 oan'dens
727 1919 823 1992 abur,

82 2023 219 2082 viridem
230 2033 283 2082 aut
293 2020 486 2098 smaragdum
497 2060 506 2095 ‚
517 2029 601 2078 muta
609 2037 669 2096 qua
679 2018 777 2078 molas
791 2020 879 2092 sinit,

79 2124 261 2183 Animantos
272 2121 412 2188 imitans,
429 2119 554 2190 odorata
570 2119 692 2178 Numan
705 2118 760 2178 sibi

81 2222 200 2281 Credat
210 2219 399 2280 seeundum:
418 2219 528 2281 mentis
544 2215 594 2276 tto
608 2218 841 2293 minutioris,

80 2325 156 2382 Heu
173 2323 304 2399 graviter
317 2330 406 2380 errat.
424 2318 605 2379 Commodis
620 2321 659 2378 sit
669 2321 805 2384 moribus

81 2425 195 2481 Homo
211 2437 334 2480 necessa
349 2430 395 2478 ost
409 2439 419 2478 ε
435 2420 563 2498 virginis
574 2428 657 2479 casto
669 2421 813 2480 innooans

78 2525 193 2583 Pareat
207 2521 335 2602 pudori,
353 2531 455 2600 pareat
468 2519 568 2579 altono
578 2518 679 2580 thoro.

80 2626 174 2684 Furti
190 2635 278 2701 atquo
290 2623 382 2683 caedis
396 2625 503 2682 tnsutas
516 2633 614 2682 servet
628 2640 748 2685 manus.

76 2727 168 2786 Care
184 2743 258 2803 ergo
270 2723 318 2783 roi
333 2741 422 2782 auum
432 2742 471 2782 no
486 2733 630 2803 appetas,
644 2724 687 2781 mi
700 2720 856 2802 Pamphila
876 2742 885 2780 a

76 2827 123 2885 Te
134 2825 251 2905 quippe
263 2841 412 2902 nosquam
425 2840 487 2884 non
501 2823 585 2884 videt
597 2840 731 2904 praesens
741 2825 834 2886 Deus.

22 2967 88 3048 teus
114 2979 397 3070 appropinquans,
420 2978 534 3068 inquit,
557 3002 616 3072 ego
639 3003 731 3058 sum,
753 2991 787 3050 ot
804 3003 871 3050 noa
886 2972 971 3049 nous
987 2978 1028 3044 do

22 3115 103 3182 nge.
127 3090 219 3158 Num
242 3087 338 3158 faciet
364 3085 482 3176 aliquid
508 3085 605 3156 bomo
631 3086 666 3158 'ua
681 3087 894 3165 absconditis,
914 3098 947 3151 et
969 3109 1027 3176 ego

22 3225 61 3268 on
80 3199 208 3266 videbo
234 3194 382 3268 eum⁸ia
404 3195 508 3282 inquit
523 3194 610 3266 Deus
625 3218 683 3286 per
698 3195 904 3264 Hieremiam.
923 3195 1028 3282 Atque
1156 3187 1165 3204 '

22 3333 97 3376 rum
114 3304 297 3373 Menander
308 3301 388 3369 illud
403 3303 592 3392 Scriptura:
608 3302 813 3370 «sacrificata
829 3301 1029 3370 Sacrificium

21 3417 153 3494 astitiae,
177 3425 213 3478 et
231 3423 355 3502 sperata
367 3411 400 3478 in
411 3409 585 3487 Dounon
599 3439 612 3474 ι
626 3411 808 3502 paraphrasi
822 3411 959 3501 quadam
978 3433 1030 3477 ex·
1099 3443 1105 3446 -

22 3551 121 3604 nens,
140 3524 194 3590 sio
212 3521 272 3588 aito
814 3541 817 3548 ¹

76 3720 83 3733 .
114 3717 122 3731 .
155 3713 163 3728 .
195 3711 202 3725 .
229 3711 237 3725 .
263 3709 272 3724 .
297 3711 304 3725 .
327 3661 783 3739 asaaoeam‚osoauutmot

73 3771 196 3834 Aliena
206 3785 275 3846 quas
290 3767 344 3850 ait,
360 3777 483 3852 appetas
496 3785 504 3826 ε
518 3765 633 3830 οῑαυῑω.
644 3767 709 3830 Dto

26 3905 938 3976 luia,11.-'1bid.16.-'Jer.xxm,ad,at.,-‘t¹ul.1v,6.
