2522 4608
238 298 304 382 574
552 316 724 369 nmunnrss
750 313 959 360 nusxsrsnnrm

240 427 355 496 donula
371 440 457 503 sunt,
470 441 502 494 et
518 430 542 495 si
559 433 648 497 vohis
664 429 769 498 omniu
782 435 931 500 concessu
948 437 1033 504 sunt,
1045 439 1078 492 et
1091 427 1118 491 si
1138 425 1241 490 «onds

239 538 356 604 ‚vohis
371 534 480 613 licent,
493 541 543 604 ait
557 541 746 628 Apostolus,
761 539 818 604 sed
833 561 898 604 non
914 538 1019 604 omniu
1035 533 1236 625 expedienda

239 647 392 714 Produxit
406 661 512 742 sutem
527 672 626 738 genus
647 660 794 716 nostrum
807 648 895 715 Deus
909 649 977 736 ipse
994 648 1033 712 ed
1051 643 1242 712 eommunis*

238 758 376 834 tionem,
388 781 462 824 oum
472 759 539 846 ipse
550 761 638 848 prior
650 781 744 826 suum
754 756 873 824 Filium
887 757 1052 846 impertiit,
1063 769 1097 821 et
1110 751 1242 820 snumls·

238 889 301 956 gon
313 868 462 939 omnihus
473 891 679 936 communem
693 869 955 943 subministravit,
967 878 1001 934 et
1011 866 1086 933 feeit
1097 865 1242 951 omnispso

239 980 398 1050 omnibus.
418 979 501 1046 Sunt
515 1001 591 1070 ergo
608 982 714 1049 omnia
729 980 929 1056 eommunis,
948 1003 989 1046 ne
1004 977 1097 1068 plura
1111 972 1241 1066 mnndi

239 1090 299 1157 sibi
321 1087 483 1156 vindicent
501 1089 621 1157 divites.
641 1093 710 1159 Hoc
726 1115 816 1182 ergo,
832 1092 969 1158 Ausum
987 1088 1093 1164 mitt,
1112 1103 1142 1152 st
1158 1107 1241 1174 snpe-

239 1215 412 1274 suemus·
430 1222 499 1266 noe
519 1223 572 1266 me
592 1203 634 1266 is's
653 1201 843 1266 ablactato?
858 1223 925 1266 non
940 1212 990 1264 est
1002 1198 1188 1268 humanum,
1200 1216 1240 1258 uss

240 1307 282 1374 ud
296 1309 479 1378 societatem
493 1310 665 1398 pertinens.
685 1307 768 1376 illud
782 1319 890 1375 sutem
906 1305 1196 1397 megiseharitetsm
1206 1325 1240 1368 tr

239 1417 320 1506 guit,
340 1417 475 1484 Adsum
492 1417 590 1494 miti,
612 1441 672 1484 eur
692 1441 762 1484 stou
780 1418 956 1507 impertias·
973 1409 1240 1504 pauperitatis&

242 1528 329 1594 euim
351 1525 422 1592 tulis
443 1538 510 1604 est,
526 1539 574 1594 est
588 1527 766 1617 perfectus,
783 1528 837 1616 qui
856 1527 920 1594 hoo
939 1524 1108 1615 implevit:
1128 1519 1239 1608 «stiga

241 1639 445 1726 »proximum
460 1648 552 1704 tuum
567 1639 649 1706 siout
664 1639 802 1728 teipsum
813 1637 861 1702 ’.ι
881 1640 937 1704 11ae
952 1649 1027 1702 sunt
1044 1657 1125 1700 rere
1139 1629 1238 1702 delium,

240 1747 296 1816 hio
306 1760 354 1814 est
365 1748 521 1838 pretiosus
531 1749 709 1816 thesaurus.
726 1747 806 1828 Quae
819 1760 925 1820 eutem
936 1747 1019 1814 fiunt
1030 1747 1065 1811 in
1079 1743 1240 1830 vnnmcup'r

239 1855 356 1930 ditates
374 1856 538 1946 impensus,
554 1858 718 1931 interitus,
735 1881 801 1923 nnn
822 1870 966 1945 sumptus
986 1855 1097 1922 locum
1118 1855 1237 1921 otmunt

241 1964 316 2030 Soio
328 1966 413 2031 enim
424 1966 529 2032 Deum
539 1979 728 2055 potestatem
740 1990 814 2033 usus
825 1967 918 2032 nobis
930 1967 1070 2044 dedisse,
1082 1983 1240 2030 verumeun

242 2075 400 2164 usquead
422 2076 456 2142 id
478 2077 566 2166 quod
587 2087 635 2144 est
648 2077 862 2145 necessarium
881 2089 946 2149 :et
961 2098 1056 2142 usum
1075 2093 1239 2143 eommumu

208 2199 215 2222 ·
243 2207 311 2251 esse
334 2187 453 2251 statuit.
465 2185 657 2256 dbsurdum
671 2200 720 2254 est
734 2200 841 2255 autem
855 2201 888 2254 et
903 2199 1010 2278 turpe,
1028 2210 1130 2253 unum
1143 2185 1240 2251 lantes

243 2295 403 2364 luxuriose
418 2298 617 2374 virere,eum
626 2298 718 2365 multi
729 2299 901 2367 esuriant⁸.
916 2298 1047 2379 Quanto
1058 2311 1106 2366 est
1116 2291 1240 2382 eninds

243 2407 356 2474 riosius
368 2407 475 2474 multis
483 2408 683 2485 benefacere,
692 2433 788 2498 quam
799 2409 968 2500 magnifiee
979 2407 1240 2495 habitaretque·

244 2531 352 2586 sutem
360 2519 560 2608 prudentius,
569 2520 602 2586 in
613 2520 771 2598 homines,
782 2543 878 2609 quum
890 2522 922 2586 in
933 2519 1054 2609 lapides
1066 2519 1137 2585 et'nr
1148 2535 1239 2584 amun.

242 2628 427 2716 impendere
436 2627 577 2716 i’quunto
586 2641 693 2694 autem
700 2641 748 2695 est
755 2626 863 2694 utilius
875 2641 1004 2695 omntos
1015 2626 1134 2694 hahere
1145 2623 1240 2694 amium,

243 2759 340 2823 quum
351 2751 536 2804 ornaments
548 2739 687 2804 innnims
697 2738 712 2802 i
724 2736 852 2804 ouinsm
863 2749 973 2804 sutem
987 2737 1055 2827 sgr-i
1071 2747 1186 2802 tantum
1194 2751 1241 2819 pt>

242 2845 379 2921 fuerint,
397 2857 552 2935 quantum
572 2845 766 2936 grstifienrii
782 2846 891 2914 Restat
909 2871 986 2938 ergo
1010 2847 1118 2922 nohis,
1140 2837 1241 2910 utillud

243 2979 372 3046 quoque
393 2956 481 3044 quod
502 2955 654 3046 objicitur
673 2955 906 3024 dissolvamus:
925 2956 1066 3037 Quinum
1084 2979 1156 3045 ergo
1171 2952 1242 3019 hbe

242 3070 324 3135 hunt
339 3089 410 3155 que
423 3078 497 3134 sunt
510 3079 696 3156 sumptuosa
711 3081 744 3134 et
757 3067 940 3157 magnifiee,
953 3069 978 3133 si
994 3088 1103 3133 omnes
1118 3087 1182 3153 qne
1192 3071 1243 3126 snt

243 3178 314 3246 vilis
331 3190 365 3244 et
378 3176 511 3267 frugalis
527 3175 671 3266 deligunt
681 3178 696 3242 i
706 3179 872 3252 Homines,
888 3179 1100 3268 respondebo,
1116 3177 1140 3241 si
1153 3175 1242 3258 atqu

244 3287 307 3356 ulla
323 3288 503 3356 vehementi
515 3285 683 3359 effectione
698 3301 731 3353 et
742 3288 924 3354 discrimine
938 3289 985 3353 eis
1000 3299 1124 3353 utsmur
1136 3309 1145 3350 ε
1157 3285 1197 3349 sin
1207 3304 1244 3346 sn-

244 3410 310 3466 tem
333 3396 403 3462 fieri
418 3418 484 3462 non
500 3407 605 3483 potest
628 3408 663 3460 ut
679 3395 741 3462 sint
762 3418 873 3462 omnes
895 3395 978 3484 frugi
998 3407 1031 3460 et
1051 3401 1256 3482 temperantes..

244 3519 276 3572 et
293 3503 404 3572 saltem
420 3516 519 3570 utres
534 3503 718 3570 neoessuriae
734 3515 914 3592 suppetunt,
932 3526 969 3568 ee
984 3526 1053 3591 quae
1067 3499 1153 3570 heile
1164 3491 1242 3586 pund

243 3627 375 3704 possunt
389 3626 463 3682 suut
477 3612 695 3703 persequendo
708 3636 717 3678 ε
730 3614 800 3680 hseo
813 3625 920 3679 sutem
937 3631 1160 3702 superrnosnes
1172 3604 1242 3691 lenit

242 3725 426 3814 rejicienda.
443 3724 479 3792 in
491 3745 615 3790 summu
631 3749 719 3816 ergo,
732 3736 933 3804 ornamenta,
947 3722 1033 3792 velut
1054 3717 1199 3810 virginslis
1209 3739 1244 3780 or

276 3887 307 3934 ¹1
322 3886 378 3935 Cor.
392 3901 416 3946 x,
431 3885 469 3934 23.
480 3913 511 3923 -·
524 3885 535 3920 ²
548 3887 640 3937 ttauh.
654 3904 749 3956 simp.

275 3959 284 3993 ³
297 3959 360 4009 Vide
373 3959 403 4009 D.
419 3959 530 4022 Gnidon,
544 3977 568 4026 p.
583 3961 641 4021 431.
