2614 4628
216 265 274 310 110
561 265 592 310 di·
620 265 747 312 ΙΙΝΠΤΙΙ
770 265 888 314 rsums

210 381 381 452 Nobilitate
391 391 562 472 generosus
572 384 624 449 esi'
634 397 780 475 parentas
791 397 863 453 tuos
874 384 1000 453 laudas?
1011 409 1121 455 omnes
1134 400 1249 456 tamen
1298 399 1305 408 '

210 495 280 586 pari
294 506 379 559 sorte
393 493 566 569 nascimur,
582 491 646 560 sola
668 495 784 561 virtute
800 494 1032 587 distinguimur.
1056 498 1120 565 Nos
1144 499 1249 588 igitur
1298 521 1306 546 ³

209 605 266 695 qui
277 604 419 670 moribus
432 615 464 668 et
475 603 596 691 pudore
609 599 788 681 censemur,
797 606 911 672 merito
923 606 1013 674 mulis
1024 606 1249 698 voluptatibus
1303 635 1304 639 ¹

208 729 244 782 et
258 715 382 804 pompis
397 713 508 780 vestris
520 722 553 780 et
571 713 759 804 spectaculis
775 717 983 793 abstinemus,
999 742 1138 806 quornm
1153 731 1189 784 et
1205 719 1248 786 de

212 827 308 894 sacri‘s
319 825 474 914 originem
486 824 644 902 novimus,
657 838 690 892 et
703 827 795 892 noxia
807 826 1023 896 blandimenta
1038 829 1245 896 damnamus.

213 938 293 1006 Nam
305 936 339 1002 in
349 935 432 1000 ludis
446 933 616 1000 Curulibus
628 936 697 1023 quis
713 958 778 1002 non
792 934 920 1002 horreat
931 936 1039 1026 populi
1051 939 1084 1003 in
1097 961 1132 1004 se
1143 940 1254 1006 rixan-

212 1048 253 1113 tis
264 1045 440 1114 insaniam?
452 1046 484 1112 in
495 1043 700 1134 gladiatoriis,
713 1045 876 1113 homicidii
892 1045 1115 1136 disciplinam?
1131 1049 1163 1113 in
1180 1071 1251 1114 sce·

212 1159 292 1226 nicis
307 1159 404 1224 etiam
419 1179 483 1222 non
498 1155 602 1221 minor
619 1154 721 1232 furor,
741 1167 773 1221 et
788 1157 953 1246 turpitudo
967 1156 1130 1247 prolixior.
1153 1157 1252 1224 Nunc

213 1269 301 1336 enim
317 1267 433 1333 mimus
461 1262 510 1332 rel
532 1265 662 1354 exponit
684 1263 852 1342 adulteria,
875 1265 925 1333 vel
949 1277 1106 1334 monstrat
1127 1291 1135 1333 :
1158 1291 1251 1334 nunc

213 1377 336 1444 enervis
359 1375 470 1441 histrio
495 1397 650 1450 amorem,
676 1371 753 1438 dum
777 1373 880 1464 fingit,
904 1376 1027 1466 inlligit.
1054 1377 1146 1443 Idem
1168 1377 1249 1442 deos

213 1499 347 1563 vestros,
360 1486 523 1554 induendo
537 1498 658 1576 stuprm
675 1486 822 1575 suspiria,
837 1486 922 1564 odia,
941 1488 1121 1555 dedecorat.
1142 1487 1250 1562 Idem,

214 1597 367 1668 simulatis
383 1596 559 1675 doloribus,
575 1595 732 1685 lacrymas
750 1609 869 1662 vestras
883 1597 971 1663 vanis
986 1597 1127 1686 gestibus
1142 1606 1176 1662 et
1192 1619 1251 1661 nu-

215 1712 299 1777 tibus
314 1721 475 1799 provocat.
494 1708 548 1775 Sic
562 1707 771 1775 homicidium
787 1707 820 1774 in
836 1730 911 1774 vero
926 1707 1088 1798 flagitatis,
1103 1707 1136 1773 in
1150 1729 1250 1774 men·

215 1823 308 1890 dacio
318 1821 411 1888 lletis.

258 1929 444 2000 XXXVIII.
464 1929 560 2010 Quod
582 1951 657 1996 vero
672 1927 901 1996 sacrificiorum
917 1926 1064 2018 reliquias
1083 1939 1116 1994 et
1128 1925 1251 2016 poeula

212 2041 353 2128 delibata
374 2041 621 2115 contemnimus,
633 2023 698 2106 non
714 2039 871 2105 confessio
890 2039 1011 2106 timoris
1023 2051 1084 2115 est,
1098 2038 1154 2103 sed
1165 2059 1252 2103 veroe

215 2149 370 2217 libertatis
385 2151 527 2218 assertio.
542 2149 622 2216 Nam
638 2149 697 2216 etsi
713 2171 809 2214 omne
825 2149 911 2236 quod
922 2149 1076 2224 nascitur,
1094 2161 1129 2213 ut
1145 2149 1253 2215 inrio-

217 2257 311 2326 labile
329 2258 388 2327 Dei
410 2281 539 2334 munus,
561 2256 655 2324 nullo
673 2276 770 2346 opere
790 2259 1025 2349 corrumpitur3
1051 2259 1251 2326 abstinemus

217 2383 338 2445 tamen,
351 2367 473 2456 nequis
487 2367 644 2434 existimet
657 2379 713 2432 aut
723 2367 898 2448 daemoniis,
912 2370 1027 2458 quibus
1038 2367 1178 2436 libatum
1189 2382 1252 2444 est,

217 2478 344 2553 cedere,
360 2489 417 2543 aut
436 2488 551 2543 nostrae
565 2474 723 2566 religionis
739 2478 871 2567 pudere.
892 2479 971 2560 Quis
988 2492 1095 2548 autem
1110 2479 1178 2554 ille,
1198 2481 1252 2570 qui

218 2588 342 2654 dubitat
356 2587 460 2652 vernis
474 2585 711 2675 indulgerenos
726 2587 872 2664 lloribus,
885 2609 961 2654 cum
978 2589 1141 2678 capiamus
1157 2603 1193 2653 et
1204 2613 1254 2654 rc

218 2721 285 2764 sam
299 2699 381 2763 veris
395 2707 428 2763 et
441 2694 543 2762 lilium
558 2709 591 2763 et
606 2699 759 2788 quidquid
776 2698 861 2765 aliud
875 2701 907 2765 in
924 2698 1056 2766 lloribus
1071 2699 1180 2765 blandi
1201 2723 1253 2766 co·

219 2807 294 2874 loris
310 2821 342 2874 et
357 2808 462 2874 odoris
474 2807 543 2873 est?
558 2806 608 2873 his
623 2807 709 2874 enim
724 2821 759 2874 et
777 2809 890 2898 sparsis
907 2809 1027 2874 utimur
1043 2805 1199 2874 mollibus
1215 2831 1253 2875 ac

218 2919 340 2996 solutis,
354 2932 387 2985 et
401 2919 492 2986 sertis
507 2917 588 2985 colla
605 2918 858 3009 complectimur.
874 2919 957 2985 Sane
969 2919 1055 3009 quod
1070 2931 1169 3009 eaput
1186 2945 1253 2987 non

219 3053 422 3122 coronamus,
438 3030 612 3119 ignoscite:
634 3053 744 3096 auram
763 3030 840 3095 honi
858 3027 945 3094 ssoris
963 3029 1094 3095 mribus
1114 3030 1251 3106 ducere,

217 3163 283 3209 non
299 3141 448 3231 occipitio
463 3139 621 3229 capillisve
637 3136 775 3204 solemus
789 3138 927 3204 haurire.
946 3137 1013 3203 Nee
1028 3149 1173 3203 mertuos
1192 3159 1253 3203 co-

217 3273 377 3317 ronamus.
395 3250 462 3339 Ego
477 3270 532 3317 vos
544 3250 576 3315 in
589 3247 653 3316 hcc
665 3249 764 3338 magis
780 3249 889 3329 miror,
905 3247 1178 3337 quemadmodum
1191 3249 1253 3313 tri-

217 3360 322 3426 buatis
336 3361 474 3428 exanimi
489 3372 545 3427 aut
559 3383 624 3426 non
640 3359 787 3425 sentienti
805 3358 920 3429 facem,
940 3367 1074 3422 autnon
1097 3356 1252 3421 sentienti

218 3491 370 3534 coronam
384 3493 391 3534 :
407 3493 481 3536 cum
495 3481 529 3535 et
544 3471 655 3536 beatus
670 3491 735 3534 non
751 3481 855 3558 egeat,
871 3479 904 3532 et
922 3467 1019 3533 miser
1031 3490 1097 3533 non
1112 3468 1255 3555 gaudeat

217 3575 360 3644 floribus.
375 3579 417 3646 At
427 3580 513 3646 enim
528 3603 586 3646 nos
598 3579 744 3667 exequias
760 3579 951 3645 adornamus
966 3577 1080 3642 eadem
1092 3577 1255 3666 tranquil·-

219 3683 306 3750 litate
322 3711 384 3774 qua
405 3689 552 3766 vivimus,
567 3711 628 3755 nec
648 3689 847 3756 annectimus
868 3699 1063 3754 arescentem
1080 3711 1252 3764 coronam,

190 3799 193 3804 ’
218 3798 275 3864 scd
289 3818 307 3864 a
321 3798 389 3863 Deo
400 3801 525 3865 aeternis
539 3798 672 3866 floribus
686 3798 822 3864 vividam
838 3797 1041 3872 sustinemus,
1055 3796 1167 3883 quieti,
1182 3819 1254 3861 mo·
1294 3842 1303 3859 .

217 3909 311 3988 desti,
324 3907 382 3978 Dei
398 3909 497 3975 nostri
512 3908 700 3978 liberalitate
715 3909 831 3986 securi,
847 3929 936 3996 spem
947 3905 1061 3972 futuras
1074 3904 1253 3984 felicitatis,
