2546 4614
131 325 195 404 460
538 343 562 384 s.
589 341 756 384 arrremrr

130 491 247 556 squam
264 469 435 557 expectas?
452 465 595 533 lllumina
615 489 667 532 me
689 466 827 556 Spiritu,
845 467 926 554 quid
947 490 1021 531 rem
1042 481 1169 532 creatam

131 575 349 668 praestolaris?
371 577 421 643 Me
448 579 622 668 Baptistam
647 577 795 667 baptiza,
824 588 859 641 ut
887 579 1103 666 praerogativa
1124 591 1170 642 tua

131 703 207 756 note
222 689 287 756 fiat.
306 691 387 779 ligo,
403 691 550 766 Domine,
565 691 719 779 baptisma
739 689 942 778 paenitentiae
957 690 1107 777 baptizo,
1122 713 1171 754 ne-

130 823 193 887 que
204 823 259 866 eos
271 803 324 889 qui
339 801 379 866 ad
396 823 446 864 me
460 801 619 866 accedunt
634 823 762 887 possum
775 801 956 888 baptizare,
971 801 1036 865 nisi
1048 813 1173 888 pesesta

131 933 188 974 sue
202 909 335 976 confessi
349 909 435 998 prius
451 910 578 975 fuerint.
597 910 726 976 Etiamsi
741 910 907 998 baptizare
922 921 959 974 te
974 909 1091 984 velim,
1105 911 1173 998 quid

131 1017 230 1084 hebes
250 1017 334 1107 quod
349 1019 554 1083 confitearis?
572 1019 599 1082 T
602 1044 622 1082 u
643 1042 677 1083 es
695 1019 750 1106 qui
771 1017 855 1084 tollis
876 1031 1036 1106 peccata,
1052 1031 1086 1083 et
1102 1021 1172 1107 lsap-

130 1130 224 1196 tismo
246 1131 290 1194 vis
311 1129 464 1217 baptizari
489 1130 703 1218 poeniteutiae?
720 1129 851 1194 Etiamsi
867 1153 931 1217 ego
947 1141 993 1204 ,te
1017 1131 1171 1218 baptizare

131 1239 329 1314 sustinuero,
350 1239 507 1304 Jordanes
529 1261 593 1304 non
612 1239 709 1304 audet
728 1238 863 1327 propius
885 1237 929 1302 ad
953 1249 988 1302 te
1009 1237 1165 1303 aceedere.

132 1347 205 1438 Ego
215 1371 296 1436 opus
307 1349 409 1414 lsolteo
419 1374 439 1413 a
454 1365 484 1412 te
498 1347 677 1436 baptizari,
691 1365 721 1411 et
733 1364 769 1411 tu
780 1349 876 1412 venis
886 1349 936 1412 ad
948 1350 1035 1411 me?

171 1453 210 1521 V.
237 1455 326 1534 Quid
349 1457 445 1544 igitur
460 1458 489 1521 ei
505 1457 660 1522 Dominus
675 1456 873 1545 respondet?
891 1483 906 1516 ι
922 1456 1081 1522 Permitte
1092 1461 1162 1543 jem,

129 1563 198 1627 »ita
214 1563 300 1628 enim
316 1563 408 1629 decet
423 1588 481 1630 nos
501 1564 631 1655 implere
647 1589 777 1632 omnem
798 1565 977 1653 justitiam.
996 1567 1158 1632 »Permitte

129 1674 208 1759 jam,
231 1695 295 1738 non
318 1697 352 1738 es
374 1698 426 1740 me
449 1675 628 1763 sapientior.
655 1675 704 1739 Tu
728 1687 763 1739 ut
778 1673 877 1740 homo
896 1676 1037 1763 respicis,
1050 1687 1148 1762 egeat

129 1782 217 1848 Deus
235 1783 319 1848 nori.
341 1783 484 1849 Primum
503 1808 555 1850 me
573 1793 699 1874 oportet
718 1784 836 1858 faeere,
857 1797 961 1872 atque
983 1787 1024 1849 its
1042 1785 1155 1849 desere.

130 1889 215 1958 Nihil
228 1892 378 1960 indecens
394 1895 489 1970 obeo,
501 1893 616 1960 decere
629 1906 713 1958 totus
726 1893 868 1960 indutus.
884 1894 1027 1968 Miraris,
1041 1894 1162 1958 olean-

129 2027 199 2080 nes,
215 2006 302 2092 quod
324 2029 387 2072 non
407 2008 479 2072 veni
498 2029 574 2072 eum
589 2006 748 2096 dignitatis
761 2031 843 2072 meae
858 2007 1032 2096 insigniis?
1045 2006 1162 2071 Privato

128 2113 214 2178 enim
231 2135 297 2178 nen
308 2114 462 2202 competit
474 2115 557 2204 regis
576 2138 729 2204 purpura,
742 2137 851 2203 regem
868 2126 982 2178 autem
998 2115 1090 2180 deest
1104 2113 1161 2178 mi-

128 2219 225 2287 litaris
239 2233 369 2287 ornatus
383 2246 391 2287 ι
405 2246 482 2288 num
495 2223 644 2289 adversus
658 2236 831 2311 tyrannum
846 2235 879 2288 et
891 2246 959 2289 non
975 2224 1018 2288 ed
1030 2223 1158 2288 amisum

128 2331 221 2396 venii
236 2333 278 2400 Aa
297 2333 445 2420 permitte
466 2357 572 2406 nunc,
593 2335 636 2399 its
659 2333 745 2398 euim
760 2333 912 2399 convenit
927 2335 1024 2400 nobis
1040 2355 1159 2398 omnem

127 2441 279 2529 justitiam
299 2441 442 2532 implere.
462 2442 615 2532 lmpleter
628 2443 717 2533 Legis
733 2467 818 2519 sum,
842 2441 922 2508 nihil
939 2442 1016 2509 velo
1039 2455 1158 2532 preter-

126 2552 258 2618 missum
271 2553 312 2618 ad
323 2553 418 2618 totius
429 2551 646 2642 impletionem
660 2550 853 2639 relinquere,
867 2563 903 2616 ut
914 2563 993 2639 post
1005 2576 1057 2617 me
1069 2552 1157 2618 excla-

125 2683 212 2726 mare
227 2661 453 2749 possitPsulus
467 2685 475 2727 τ
489 2661 658 2751 ‹lmpletio
674 2661 765 2750 Legis
782 2661 943 2735 Christus,
961 2663 999 2727 in
1016 2663 1148 2750 justitiam

125 2771 238 2836 somni
260 2771 437 2838 credensi&
459 2801 472 2834 ι
493 2773 622 2861 Baptizu
641 2793 706 2847 me,
723 2771 878 2846 «loannes,
893 2775 1031 2859 nequis
1050 2771 1144 2860 baptis·

125 2899 215 2944 mum
230 2877 426 2966 aspernetur.
449 2877 477 2944 A
497 2887 528 2942 te
548 2899 640 2944 serso
654 2877 811 2966 baptizer,
832 2880 963 2965 nequis
983 2903 1096 2969 regum
1109 2887 1153 2942 sat

124 2987 324 3076 superiorum
340 2998 467 3075 respuet
486 3011 503 3052 a
520 2997 704 3075 contempto
722 2986 887 3058 sacerdote
904 2988 1076 3077 lmptizsri.
1089 2989 1154 3054 Per·

124 3097 215 3161 mitte
234 3097 267 3162 in
284 3097 458 3163 Jordanem
474 3095 684 3172 descendam,
700 3107 736 3159 ut
751 3094 885 3161 audiant
899 3095 1006 3162 Patris
1023 3099 1157 3164 testimo·

123 3205 225 3282 nium,
245 3217 277 3271 et
296 3205 366 3271 Filii
393 3207 569 3296 potentiam
589 3217 792 3294 cognoscant.
823 3205 978 3272 Permitte
1003 3231 1103 3282 nane,
1120 3207 1156 3270 ita

122 3317 208 3384 enim
226 3317 319 3383 deest
334 3339 463 3382 omnem
480 3339 539 3382 nos
557 3315 689 3405 implere
708 3315 874 3402 justitiam.
898 3314 994 3382 Tune
1015 3319 1159 3405 deinceps

121 3425 261 3492 loannes
276 3426 333 3515 ipsi
349 3426 525 3514 permittit:
539 3425 603 3491 «Et
618 3426 797 3513 baptizatus
811 3425 908 3490 Jesus
923 3428 1034 3494 statim
1049 3429 1161 3492 iterum

121 3561 134 3595 ι
149 3555 188 3597 ex
200 3557 281 3623 equa
294 3532 469 3610 ascendit²,
480 3545 512 3599 et
524 3534 624 3621 aperti
636 3545 710 3598 sunt
719 3533 778 3622 ipsi
790 3531 877 3606 eoeli.
890 3546 924 3600 et
935 3557 1016 3602 eece
1029 3535 1161 3626 Spiritus

120 3639 205 3708 »Dei
228 3642 392 3710 descendit
409 3642 515 3731 speeie
529 3641 700 3717 columbe,
719 3653 752 3710 et
769 3665 865 3731 super
884 3645 956 3733 ipso
973 3648 1103 3714 mansit
1123 3647 1159 3711 Et

121 3775 209 3820 »vox
223 3751 263 3816 de
279 3751 373 3830 eoelo,
391 3753 499 3841 dipem
512 3776 521 3817 ι
535 3753 595 3820 Hie
610 3765 657 3819 est
671 3752 769 3820 Filius
783 3777 875 3820 meus
893 3755 1036 3824 dilectus
1051 3760 1083 3826 iu
1098 3780 1155 3846 quo

123 3859 358 3951 scomplaoui⁸.
377 3891 389 3926 ι

152 3991 162 4025 ¹
174 3993 245 4042 Rom.
261 4007 285 4052 a,
298 3991 324 4050 l.
338 3992 390 4030 -²
403 3993 494 4043 Mattlr.
504 4013 543 4053 ιιι,
558 3995 592 4042 ι5.
603 3993 652 4031 -⁸
665 3993 728 4042 Luc.
737 4011 775 4052 ιιι,
789 4009 829 4041 aa.
