2412 4596
213 215 256 300 98
312 198 318 210 ⁹
528 233 700 278 clausuris
726 233 933 278 sarxauosuu

210 355 237 422 si
251 351 368 422 nullius
382 352 510 422 alterius
521 354 567 420 rei
582 377 657 420 eum
667 354 824 442 possimus
834 352 1028 430 insimulare,
1041 357 1181 442 mrnqrsl

211 463 252 530 sit
268 461 380 530 diremi
395 461 541 550 generis:
560 461 646 551 quod
660 461 790 550 quidem
809 458 902 549 culpa
918 472 1020 536 caret,
1035 483 1098 527 cun
1110 459 1179 528 set

211 570 343 646 uitium,
358 592 420 636 nec
429 593 468 635 ex
482 569 557 635 vitio
571 569 800 659 proficiscatur.
821 567 896 636 llihi
909 580 1012 634 sutem
1022 569 1180 656 videturque

211 699 273 766 que
287 675 463 766 significare
471 671 643 767 tullegoria,
661 675 739 764 Logi
760 673 917 741 culturam
937 699 1000 742 non
1013 698 1180 763 esseerepo

211 783 511 852 communicandam
531 783 653 851 mundo
675 796 708 848 et
728 783 914 860 immundo,
937 781 1022 850 fideli
1040 795 1070 850 et
1085 782 1180 850 utut·

122 886 125 900 ¹
209 893 357 982 quomam
378 894 435 960 bos
450 891 580 981 quidem
592 903 642 958 est
656 892 816 969 mundus,
832 892 866 958 in
879 888 1046 958 immumlis
1063 902 1143 958 auten

207 1012 335 1090 putatu
349 1011 398 1066 est
413 1000 528 1066 annus.
550 999 753 1067 lledrndnnti
770 1010 877 1066 autem
892 997 1064 1087 quadamh
1139 998 1145 1012 '

208 1110 310 1176 bonus
330 1109 433 1198 Logos
455 1119 566 1183 utens,
585 1129 647 1192 nec
663 1129 733 1196 que
748 1119 823 1173 sunt
837 1105 995 1196 frugiferas
1008 1107 1179 1194 miusqen

206 1217 293 1284 terie
305 1218 434 1289 arbores
450 1217 543 1282 docet
561 1238 630 1281 esse
649 1213 879 1290 excindendae,
900 1237 1003 1302 neque
1014 1225 1131 1302 segetem

205 1323 421 1395 metsemsola
441 1324 593 1414 perniciei
608 1346 702 1392 causa
721 1323 944 1390 tondendam:
963 1321 1019 1388 sed
1031 1344 1120 1409 neque

206 1443 277 1500 tum
299 1434 409 1500 mitem
431 1431 563 1500 omnino
589 1431 854 1508 interimendum,
877 1453 982 1518 neque
1002 1442 1105 1506 terre,

206 1541 341 1608 animae:
373 1541 583 1630 nequeenim
606 1562 696 1629 agros
718 1539 857 1604 hostium
877 1539 1033 1628 permittit
1055 1537 1171 1604 exdah

202 1649 275 1720 Jam
287 1673 363 1718 vero
375 1650 431 1739 qui
443 1661 517 1716 sunt
528 1650 624 1718 etiam
635 1648 767 1716 studiosi
778 1647 994 1738 agriculturae,
1005 1648 1165 1735 inhisqq

202 1771 335 1850 pessunt
355 1757 525 1826 utilitatem
545 1783 564 1824 a
585 1757 668 1847 Lege
690 1757 835 1846 accipere
856 1781 865 1822 ε
888 1757 980 1846 jubet
999 1756 1082 1822 erim
1100 1755 1163 1820 ab

201 1852 495 1958 nupsi-plantatas,
511 1866 613 1932 trihus
633 1865 722 1932 annis
739 1865 851 1932 ordine
866 1861 1168 1954 sequentibus‘l'csnsl

201 1973 303 2052 alere,
327 1987 360 2042 et
383 1973 576 2064 superfluas,
600 1996 670 2061 quse
691 1973 924 2050 adnusnmtur,
944 1971 1172 2058 excindendope

199 2084 350 2172 pagincs,
373 2106 414 2150 ne
435 2083 528 2150 nimis
549 2094 684 2172 gravatae
704 2065 947 2172 opprimantur,
968 2093 1002 2147 et
1021 2105 1059 2147 ne
1075 2079 1171 2147 alium

199 2191 380 2258 minmatim
391 2191 489 2258 diviso
501 2189 667 2258 imbecille
677 2189 757 2256 fiant
768 2201 898 2280 propter
909 2189 1046 2279 inopiam
1055 2238 1064 2266 ,
1074 2207 1167 2274 eruut!

199 2310 233 2364 et
254 2299 504 2375 circumfodere,
531 2310 566 2364 ut
592 2297 670 2364 nihil
693 2321 793 2388 prope
818 2299 999 2388 germinans
1021 2291 1168 2386 acpuiluh

197 2405 364 2495 prohibeat
375 2407 608 2474 incrementum
622 2431 631 2472 :
644 2418 677 2470 et
690 2405 832 2472 fructum
842 2430 908 2474 non
922 2406 997 2471 sinit
1010 2405 1174 2494 imperes·

198 2511 302 2602 colligi
317 2539 357 2580 ex
371 2513 563 2604 imperfectis
577 2564 588 2592 ‚
604 2513 662 2580 sed
681 2527 754 2604 post
772 2513 944 2582 trienninm
961 2565 971 2590 ‚
994 2525 1095 2602 quarto
1109 2531 1174 2585 urs,

196 2622 342 2710 primitiis
366 2624 433 2689 Deo
449 2624 537 2713 prius
558 2624 766 2699 consecratis,
788 2635 957 2713 postquem
978 2625 1068 2690 arbor
1081 2619 1175 2710 peleth

196 2728 300 2794 fiacrit
318 2731 393 2812 Qua
414 2729 613 2820 agriculturae
628 2731 729 2820 figura
747 2732 848 2796 utitur
863 2731 904 2797 ed
923 2721 1173 2815 docendumque!

195 2849 339 2927 oporteat
359 2838 527 2905 excindere
545 2851 750 2929 peccatorum
772 2839 981 2928 propagines,
1000 2853 1048 2916 et,
1067 2860 1118 2926 qun
1133 2855 1171 2897 nt

195 2968 271 3014 cnm
288 2944 415 3036 genitali
430 2946 535 3012 fructu
555 2946 731 3037 pullulant,
755 2947 863 3013 inanes
880 2944 997 3012 herbas
1011 2939 1169 3035 cogitationis.

194 3054 296 3122 donec
307 3053 501 3142 perficiatur,
514 3067 546 3119 et
557 3053 687 3120 firmum
700 3051 754 3120 liat
766 3077 895 3144 germen
906 3051 993 3120 fidei.
1010 3047 1166 3136 Quartoer'·
1191 3117 1193 3130 1

192 3185 292 3239 anno,
308 3162 459 3249 quoniam
472 3175 616 3252 tempore
631 3185 757 3251 quoque
774 3186 853 3256 opus
872 3173 921 3227 est
937 3163 985 3238 ei,
1001 3163 1052 3250 qui
1068 3153 1162 3225 salit

190 3293 249 3356 per
265 3269 444 3336 catechesin
461 3269 653 3345 instituitur,
676 3270 843 3357 quaternio
859 3269 1011 3335 vinutum
1026 3269 1087 3335 Deo
1098 3281 1158 3331 ont

190 3387 310 3453 cretur,
327 3399 402 3444 eum
426 3376 517 3442 tertia
534 3377 598 3464 jam
620 3376 686 3443 sola
703 3379 916 3465 conjungatur
933 3400 1007 3442 oum
1024 3369 1162 3464 quarela·
1192 3409 1193 3442 3

187 3486 265 3550 mini
276 3485 448 3574 hypostasi.
471 3485 669 3552 Sacrificium
681 3497 787 3552 autem
802 3484 904 3553 laudis
915 3509 1008 3574 super
1021 3481 1161 3550 hunnus
1191 3497 1193 3574 p

187 3591 353 3670 Hiccuim,
370 3596 492 3684 inquit,
509 3593 562 3660 dut
579 3595 635 3662 tibi
649 3596 725 3662 vires
739 3595 965 3687 calfaciendum
979 3584 1163 3662 sinuatio
1188 3583 1193 3682 i

187 3710 294 3766 antem
311 3725 360 3766 res
375 3703 436 3769 tibi
447 3701 630 3789 illuminatas
649 3704 765 3773 tuerint
775 3754 784 3780 .
796 3727 872 3771 cum
888 3704 967 3772 viros
981 3701 1089 3794 ceperit
1099 3707 1123 3763 tl
1132 3713 1164 3758 *θ’
1190 3685 1193 3740 “’

221 3851 385 3920 'Dsucv1n,
402 3862 440 3908 ιθ.
747 3901 749 3904 -
1190 3829 1192 3924 i
