2478 4594
371 253 730 302 smmmm
1007 229 1071 300 w

8 373 197 453 dicuntur,
213 373 379 442 videantur
394 375 549 465 aliquibus
560 397 600 440 ex
616 372 710 464 vulgo
726 373 848 442 diversa
866 373 1073 464 aScripturis

9 483 349 560 Domini,sciendum
356 495 404 549 est
411 505 448 550 ea
457 482 543 550 illinc
551 496 583 548 et
591 483 750 573 spirareet
759 483 876 558 rivere,
886 505 1024 570 cumque
1035 507 1075 550 ex

13 592 67 656 eis
81 603 313 680 argumentum
324 590 480 668 habeant,
496 589 637 678 proliteri
656 612 690 655 se
706 590 896 656 sententiam
908 587 1008 657 solam
1022 614 1074 657 eo-

14 721 99 764 rum
116 723 191 788 qua:
205 700 367 773 dicuntur.
380 721 445 765 non
455 722 528 764 vero
540 699 621 788 ipsas
636 697 788 764 dictiones
799 720 868 764 esse
880 698 1071 766 adductura.

14 805 131 874 Nimis
141 807 228 874 enim
236 805 368 905 diligens
378 805 583 896 pertractatio
594 829 664 894 quae
675 805 977 894 nonlitintempore
989 829 1072 882 ,me-

13 915 88 980 rito
102 915 207 982 videri
222 915 321 1005 possit
331 937 400 980 esse
415 937 666 1002 supervacanea:
684 925 752 980 tum
762 937 837 980 vero
852 937 918 980 non
929 914 1075 981 conside-

13 1046 98 1090 rare
108 1024 245 1090 omnino
257 1024 290 1089 id
308 1020 395 1111 quod
409 1033 457 1088 est
473 1021 686 1112 principium,
704 1021 910 1088 nimiaeluerit
923 1021 1076 1088 socordiae

15 1141 56 1196 et
64 1131 238 1220 egestatis.
252 1129 335 1198 Vere
347 1141 454 1196 autem
467 1129 574 1196 «beati
589 1140 664 1196 sunt
674 1129 728 1220 qui
739 1141 921 1198 scrutantur
929 1130 1075 1196 testimo-
1156 1189 1163 1201 .

17 1239 105 1304 »nia
119 1237 269 1306 Domini:
285 1249 351 1302 toto
369 1237 465 1304 corde
476 1236 676 1326 exquirentes
687 1236 791 1326 ipsum
801 1237 823 1303 ¹.
839 1266 852 1300 s
872 1239 919 1304 De
933 1239 1074 1306 Domino

19 1358 145 1414 autem
155 1344 370 1412 testimonium
383 1344 488 1412 serunt
502 1345 568 1412 Lex
582 1356 615 1410 et
629 1343 805 1434 Prophetas.
822 1347 879 1412 Est
891 1369 967 1436 ergo
978 1348 1071 1414 nohis

21 1455 235 1544 propositum
251 1452 435 1529 ostendere,
457 1451 560 1519 solum
579 1453 767 1520 Gnosticum
786 1477 854 1521 esse
873 1467 1020 1521 sanctum
1039 1467 1073 1520 et

22 1561 143 1650 pium,
156 1561 276 1648 riteque
286 1583 360 1628 eum
373 1561 426 1649 qui
437 1572 485 1626 est
498 1583 571 1627 rere
581 1563 668 1628 Deus
682 1560 788 1628 colere
798 1613 808 1639 ,
820 1575 916 1652 prout
928 1563 998 1651 ejus
1014 1564 1074 1628 de-

24 1680 83 1736 oet
98 1671 323 1758 majestatem:
338 1692 413 1736 eum
432 1681 538 1736 autem
549 1669 605 1757 qui
617 1670 663 1736 sic
674 1671 779 1736 Deum
798 1669 875 1736 colit
890 1684 986 1760 prout
1001 1672 1071 1760 ejus

26 1777 237 1864 majestatem
254 1777 364 1854 decet,
383 1777 588 1864 consequitur
608 1788 644 1840 ut
658 1777 725 1866 ipse
749 1801 767 1843 a
787 1778 855 1843 Deo
880 1789 1023 1853 ametur,
1039 1789 1088 1854 et.
1149 1859 1152 1864 Ι

25 1884 141 1950 Deum
161 1895 256 1948 amet.
283 1883 447 1971 Quidquid
467 1906 543 1972 ergo
558 1895 606 1948 est
628 1881 804 1960 excellens,
832 1867 988 1951 esistimat
1004 1909 1072 1952 esse

28 1988 223 2058 honorabile
245 2012 304 2078 pro
327 1989 496 2078 dignitate:
520 2001 553 2054 et
571 1989 604 2054 in
627 1990 722 2055 rebus
739 1990 869 2078 quidem
888 1991 1073 2070 sensilibus,

26 2121 100 2186 esse
113 2096 319 2164 honorandos
334 2097 533 2185 magistratus
548 2109 580 2162 et
595 2109 761 2185 parentes,
776 2111 809 2164 et
828 2122 957 2166 omnem
973 2101 1074 2167 senio-

29 2229 103 2272 rem
122 2229 131 2270 :
152 2206 186 2272 in
198 2205 235 2270 iis
252 2217 358 2271 autem
373 2228 443 2293 quae
460 2204 636 2281 docentur,
665 2206 913 2295 antiquissimam
932 2208 1074 2297 philoso-

29 2313 144 2402 phiam
166 2326 200 2378 et
230 2313 472 2380 vetustissimam
494 2312 719 2402 prophetiam:
745 2313 778 2380 in
803 2313 852 2379 his
873 2328 981 2382 autem
1003 2343 1073 2406 quae

29 2419 240 2510 intelligentia
262 2420 506 2510 percipiuntur,
530 2420 563 2485 id
586 2420 671 2508 quod
694 2432 742 2486 est
764 2423 918 2488 vetustius
940 2448 1073 2514 genera,

28 2529 138 2604 tione,
151 2541 294 2618 tempore
316 2539 350 2593 et
367 2527 525 2617 principio
545 2550 656 2594 carens
675 2529 889 2619 principium,
908 2543 941 2596 et
960 2555 1073 2600 eorum

29 2647 183 2724 quaesunt
192 2633 484 2725 primitias,Filium
496 2658 505 2700 :
519 2658 613 2724 aquo
625 2635 746 2703 discere
758 2649 883 2726 oportet
893 2663 984 2717 eam,
1001 2666 1072 2731 quae

30 2743 173 2832 superius
187 2753 253 2820 est,
270 2765 421 2819 causam,
443 2765 559 2832 nempe
577 2742 704 2810 Patrem
727 2745 969 2825 universorum,
998 2774 1070 2839 qua:
1107 2761 1111 2770 '

30 2849 162 2939 quidem
175 2861 223 2913 est
243 2851 452 2916 vetustissima
466 2862 511 2934 ,et
534 2851 678 2917 omnium
699 2852 1010 2932 beneficentissima,
1034 2865 1069 2924 et

30 2979 111 3026 uoce
129 2979 193 3022 non
211 2955 318 3045 utique
335 2957 487 3034 traditur,
508 2955 565 3023 sed
586 2960 763 3025 reverentia
784 2973 817 3025 et
839 2959 964 3027 silentio
991 2987 1067 3034 cum

31 3077 139 3132 saneta
152 3063 360 3129 admiratione
370 3076 418 3128 est
428 3065 585 3153 praecipue
600 3063 734 3132 colenda
742 3079 774 3132 et
783 3069 961 3135 veneranda
973 3093 981 3134 :
996 3095 1067 3158 quae

32 3172 158 3261 quidem
174 3169 391 3236 enuntiatura
410 3171 567 3247 Domino,
583 3184 739 3260 quantum
760 3188 894 3263 possunt
913 3177 1022 3244 audire
1043 3181 1065 3248 ii

33 3279 87 3369 qui
100 3279 242 3355 discunt,
259 3275 444 3367 intelligitur
460 3289 566 3344 autem
581 3263 680 3344 abiis
700 3281 754 3370 qui
770 3306 788 3348 a
811 3283 949 3350 Domino
969 3283 1064 3356 electi

32 3397 104 3454 sunt
115 3385 153 3452 ad
163 3385 394 3476 cognitionem,
408 3385 462 3474 qui
480 3396 573 3462 sunt,
591 3398 625 3450 ut
643 3387 687 3454 ait
700 3386 889 3478 Apostolus,
905 3393 1063 3462 exercitati

32 3491 186 3560 semibus¹.
198 3493 256 3560 Dei
267 3516 344 3583 ergo
352 3489 474 3568 cultus,
492 3515 587 3581 quem
598 3507 723 3581 prestat
736 3497 905 3565 Gnostieus
915 3489 1060 3576 {consis-

34 3603 71 3669 tit
85 3603 116 3667 in
130 3601 277 3668 continua
293 3601 406 3667 animae
418 3623 482 3665 suae
492 3611 569 3667 eur'a
584 3613 634 3678 ,et
646 3603 854 3692 occupatione
862 3607 1060 3694 eircaDeum

34 3733 88 3801 per
95 3708 319 3776 indesinentem
327 3705 525 3776 charitatem.
543 3707 655 3777 Cultus
662 3709 747 3778 enim
760 3712 812 3801 qui
822 3727 962 3784 versatur
972 3719 1057 3788 eirca

72 3861 80 3888 ¹
92 3865 171 3915 ruta.
183 3881 257 3930 exn,
268 3883 293 3916 a.
305 3863 358 3904 -⁸
374 3865 436 3915 Hsb.
450 3881 476 3927 r,
490 3867 530 3927 ¹4·

181 3969 221 4016 IV·
883 3979 924 4021 ²0
