2738 4628
517 299 640 346 cosma
664 299 814 348 annasse.
1162 280 1180 344 5

127 417 210 482 ineo
232 415 293 504 qui
310 415 422 484 victus
440 428 503 494 esa,
521 416 636 494 Adam,
651 429 684 484 ea
704 421 866 508 projectus
883 431 933 484 cst
952 419 993 486 de
1009 419 1177 508 paradiso:

126 551 191 594 nou
207 526 491 617 contemplantes,
500 528 652 616 quoniam
666 525 936 617 quemadmodum
947 530 988 596 uh
1000 529 1092 597 initio
1102 529 1182 621 plns-

127 637 276 704 madonis
293 649 422 704 nostrae
436 639 475 703 in·
486 639 590 705 Adam
605 663 641 703 aa
656 661 727 729 quae
741 638 801 705 suit
816 663 834 706 a
848 641 917 710 Deo
931 641 1082 730 aspiratio
1098 642 1180 717 vitu,

131 748 216 814 unita
228 746 404 836 plasmati,
416 749 571 814 animavit
591 747 767 828 hominem,
780 761 814 816 et
827 748 945 818 animal
958 748 1113 818 rationale
1126 773 1180 816 os-

134 858 242 931 audias
262 859 315 926 sic
330 860 370 924 in
384 857 452 924 sano
466 857 611 926 Verbum
622 859 735 936 Patris,
748 871 781 927 ot
795 859 931 951 Spiritus
944 860 1018 937 Dei,
1029 859 1185 927 adunitus

137 969 268 1057 antiqua
285 969 482 1036 substantiae
502 967 718 1058 plasmationis
734 970 822 1048 Adae,
836 971 994 1038 uiuentem
1008 982 1041 1038 ot
1053 968 1180 1064 porfec-

134 1091 198 1144 tum
222 1077 342 1145 effecit
368 1077 549 1154 homiuem,
565 1079 744 1169 cupientem
770 1077 950 1170 perfectum
973 1079 1121 1148 Patrem:
1143 1093 1184 1146 ιιι

133 1187 416 1278 quemadmodum
432 1188 466 1254 in
480 1187 607 1256 animali
622 1211 733 1256 omnes
747 1190 865 1256 mortui
879 1212 1003 1268 sumus,
1016 1190 1105 1258 sicin
1119 1191 1181 1281 spi-

133 1297 237 1366 rituali
248 1323 372 1366 omncs
379 1297 589 1366 vivificemur.
601 1299 671 1367 Non
678 1301 766 1367 enim
775 1300 888 1392 cffugit
895 1301 1064 1391 aliquando
1075 1300 1180 1369 Adam

133 1432 247 1476 manua
262 1409 342 1485 Dei,
354 1409 397 1474 ad
408 1429 486 1497 quas
501 1407 595 1474 Pater
606 1407 750 1498 loquens,
760 1409 838 1478 dicit
850 1434 884 1480 aa
897 1410 1064 1479 Faciamus
1075 1411 1180 1478 homi-

134 1541 239 1586 »nem
255 1519 301 1585 ad
315 1519 491 1608 imaginem
507 1529 539 1584 ea
557 1517 796 1586 similitudinem
810 1519 986 1588 nostram¹.
1004 1521 1068 1588 alda
1083 1543 1181 1612 paop-

133 1641 184 1697 ter
198 1629 315 1696 hocin
331 1628 399 1696 fine
413 1651 480 1696 non
493 1650 534 1696 ex
549 1627 711 1696 volontate
725 1631 842 1708 camis,
855 1654 959 1721 neque
970 1653 1009 1698 ex
1021 1629 1181 1698 voluntate

135 1741 209 1818 viai,
229 1739 290 1806 scd
310 1763 354 1806 ex
372 1737 492 1828 placito
510 1737 612 1806 Patris
632 1762 747 1807 manus
765 1740 837 1830 ejus
853 1741 960 1808 vivum
980 1739 1182 1831 perfecerunt

136 1850 320 1928 homiuem,
336 1850 381 1916 uli
396 1849 454 1916 fiat
464 1847 567 1918 Adam
581 1849 760 1918 secundum
773 1850 945 1941 imaginem
958 1862 992 1917 et
1005 1849 1186 1917 similitudi:

140 1981 217 2027 nem
240 1959 313 2026 Dei.
1130 1959 1134 1970 ’

187 2067 273 2135 Vani
286 2065 420 2134 auaem²
439 2079 472 2134 st
490 2067 544 2156 qui
564 2067 598 2136 in
612 2067 714 2140 aliena
733 2069 846 2138 dicunt
861 2069 969 2140 Deum
985 2071 1123 2149 venisse:
1132 2095 1183 2139 vo-

149 2177 200 2243 lut
214 2174 315 2243 alicua
328 2178 621 2267 concupiscentem,
633 2179 681 2244 uti
694 2201 770 2245 eum
784 2177 948 2248 hominem
963 2179 1017 2267 qui
1029 2181 1071 2248 ab
1084 2177 1182 2248 altero

144 2287 251 2354 sactus
278 2299 375 2365 esset,
397 2286 566 2355 exhiberet
585 2286 615 2352 ei
636 2287 705 2354 Deo
725 2289 781 2376 qui
802 2310 904 2378 neque
924 2288 1062 2367 iecisset,
1079 2313 1182 2380 neque

144 2395 351 2474 condidisset,
366 2396 423 2464 sed
444 2409 478 2462 ot
496 2397 553 2485 qui
575 2393 735 2462 desolatus
753 2407 837 2484 esset
855 2398 896 2462 ab
918 2396 1007 2462 initio
1022 2423 1039 2464 a
1055 2401 1182 2487 propria

142 2507 316 2577 homiuum
329 2507 548 2576 fabricatione.
567 2506 638 2574 Non
652 2529 730 2598 ergo
743 2505 849 2596 justus
864 2505 1018 2572 adventus
1033 2508 1115 2596 ejus,
1128 2511 1181 2597 qui

143 2619 324 2686 secuudum
336 2639 392 2684 eos
406 2615 539 2684 venitin
553 2615 670 2689 aliena:
685 2637 791 2706 noque
805 2635 880 2683 veae
894 2615 1031 2684 redemit
1043 2639 1102 2684 nos
1112 2641 1182 2685 san-

141 2728 240 2818 guine
251 2750 324 2802 suo,
337 2726 364 2791 si
378 2747 443 2792 non
456 2747 530 2791 vero
541 2723 639 2790 homo
649 2721 752 2790 factus
763 2735 1014 2802 ost,rcstaurans
1026 2750 1084 2795 suo
1094 2725 1180 2817 plas-

142 2839 221 2906 maai
241 2837 332 2927 quod
347 2836 472 2903 dictum
492 2847 541 2902 est
555 2835 588 2900 in
601 2833 772 2924 principio,
788 2833 909 2902 sactum
926 2857 996 2902 esso
1015 2837 1181 2905 hominem

144 2949 324 3018 secuudum
342 2949 514 3038 imaginem
535 2957 568 3011 ct
586 2943 825 3012 similitudinem
845 2945 923 3021 Dei,
939 2969 1004 3013 non
1026 2946 1127 3012 aliena
1147 2950 1180 3014 in

145 3057 220 3127 dolo
234 3059 399 3147 diripiam,
411 3055 469 3123 aad
483 3077 539 3121 sua
554 3056 681 3145 propria
696 3057 780 3144 justo
794 3066 828 3121 et
840 3055 978 3145 benigne
992 3078 1155 3123 assumens
1169 3081 1177 3122 :

144 3181 303 3260 quanmm
313 3169 427 3235 auinot
441 3163 571 3256 qaa’dem
585 3165 626 3232 ad
639 3166 841 3255 apostasiam,
856 3165 942 3254 justo
956 3187 1014 3231 suo
1029 3166 1181 3256 sanguine

146 3280 307 3346 redimens
320 3301 380 3344 nos
395 3277 436 3343 ah
452 3297 503 3348 ea;
518 3287 673 3364 quantum
687 3287 795 3340 autem
810 3273 852 3338 ad
867 3296 938 3348 nos,
955 3273 1009 3362 qni
1023 3273 1188 3365 redempti·

146 3414 268 3466 sumus,
284 3390 434 3479 henigne.
451 3384 535 3455 Nihil
552 3387 638 3452 onim
655 3384 699 3452 illi
720 3397 794 3452 ante
812 3383 971 3464 dedimus,
983 3407 1086 3474 noque
1103 3387 1181 3452 desi-

148 3502 237 3568 derat
251 3498 373 3590 aliquid
388 3522 406 3564 a
420 3497 526 3574 uobis,
542 3495 629 3586 quasi
641 3494 801 3584 indigena:
820 3515 878 3561 nos
891 3503 996 3559 autem
1005 3493 1182 3586 indigemus

148 3613 216 3700 ejus
235 3633 307 3698 quae
328 3606 434 3674 estad
448 3630 523 3672 cum
542 3603 775 3672 communionis
790 3624 798 3666 ι
819 3615 852 3668 ct
866 3613 1032 3693 propterca
1047 3603 1184 3693 benigue

151 3720 260 3790 effudit
270 3717 493 3806 semetipsum,
507 3727 542 3781 ut
557 3741 613 3782 nos
631 3713 792 3803 colligeret
808 3714 839 3780 in
856 3713 959 3778 sinum
972 3711 1080 3779 Patris.
1125 3793 1129 3807 Ι

183 3879 266 3930 ¹ch.
278 3899 298 3940 a,
311 3880 352 3928 26.

183 3954 266 4022 ²Cap.
281 3973 311 4017 ιι,
322 3971 349 4004 u.
364 3970 386 4014 1,
401 3971 428 4019 p.
442 3953 509 4017 193.Ι
