2614 4628
399 235 599 283 concurram
624 239 664 282 un
688 237 819 284 usuras.
1069 215 1127 280 1155

9 377 11 386 ,
62 367 78 400 ι
97 339 196 408 itum
211 355 361 419 manent,
374 345 518 433 aquibus
537 357 643 436 spect
664 346 855 438 cogitatione
871 343 1053 438 longissime
1071 349 1129 413 ah·

62 477 79 511 ι
95 463 199 518 sunt.
215 480 229 515 a
245 453 289 520 Et
302 475 392 528 vero,
409 452 458 520 his
474 441 606 522 tandem
624 452 802 548 Heraclitus
825 452 879 518 ille
896 452 1052 542 Ephesius
1073 479 1129 521 va·

64 561 250 640 ticinatur,
267 561 547 640 aTenohrionihus
558 562 716 654 prolectp,
733 563 843 654 Magis,
856 563 1004 640 Bacchis,
1018 564 1127 640 Leuis,

64 667 235 758 »Mysiis
254 701 268 736 a
286 673 326 740 lli
340 685 417 739 sunt
432 673 548 762 quihus
566 695 678 764 poenas
692 686 831 742 mortem
848 685 1013 742 secuturas
1033 697 1126 742 com-

10 781 14 798 '
61 781 238 860 minatur,
252 783 425 873 ignemque
437 783 613 850 denuntiat.
626 783 707 852 Nam
718 807 788 874 quae
799 783 967 852 hominum
978 808 1018 852 ex
1030 809 1126 878 seusu

63 892 235 978 mysteria
266 905 465 972 statuuntur,
489 917 527 960 ea
549 893 699 984 profanos
721 893 842 972 hahent
864 895 1009 962 initiandi
1036 896 1124 962 ritus.

64 999 209 1088 ltaque,
227 1014 262 1068 et
275 1015 368 1070 state
381 1001 445 1070 illae
466 991 633 1074 sacrorum
654 1003 754 1094 leges,
777 1016 811 1070 et
833 1006 1012 1072 communis
1027 1005 1130 1073 homi-

66 1134 157 1182 num
169 1113 299 1204 opinio,
311 1127 346 1182 et
360 1115 506 1181 universa
518 1114 577 1182 ista
593 1114 748 1182 Draconis
762 1116 931 1203 mysteria,
944 1113 1032 1182 aliud
1050 1115 1129 1182 nihil

67 1234 167 1298 aunt,
182 1247 285 1312 quam
296 1247 389 1292 error
408 1225 540 1315 quidam
558 1225 662 1302 initia,
674 1249 745 1316 quae
756 1222 836 1294 nihil
853 1222 947 1316 plane
963 1226 1128 1294 initiorum

70 1329 236 1408 habeant,
263 1334 485 1424 superstitiose
502 1331 625 1412 colens,
649 1335 828 1427 impiosque
851 1335 930 1402 ritus
949 1335 1144 1402 adulterina'

72 1441 207 1528 pietatis
217 1443 327 1533 specio
338 1467 504 1512 venerans.
522 1443 603 1524 Quae
613 1467 711 1536 porro
722 1457 755 1510 et
767 1443 949 1534 cujusmodi
960 1457 1034 1532 sunt
1045 1469 1128 1536 mys·

73 1552 153 1618 ticae
167 1549 231 1618 illae
251 1554 364 1620 cistaei)
379 1554 567 1642 nudandum
581 1555 668 1624 enim
683 1554 839 1644 quidquid
854 1553 941 1644 opud
957 1579 1012 1620 eos
1028 1557 1128 1624 sancti

77 1671 141 1734 est,
160 1660 320 1748 quidquid
330 1663 451 1736 arcani,
469 1661 694 1752 evulgandum.
709 1663 822 1732 Nonne
834 1663 904 1732 haec
919 1665 1025 1734 omnia
1041 1689 1128 1732 sosa-

79 1789 159 1846 nrae,
174 1771 371 1859 pyramides,
386 1771 498 1862 glomi,
514 1771 669 1862 placente
689 1775 783 1842 variis
805 1776 936 1866 signatae
955 1773 1131 1852 umbilicis,

86 1901 191 1966 grana
205 1878 286 1956 salis,
305 1894 340 1948 et
362 1881 460 1948 draco
480 1881 622 1970 Dionysii
643 1883 767 1950 Bassari
789 1883 1048 1950 sacramentum?
1061 1907 1127 1952 non

90 1984 180 2052 mala
192 1990 324 2078 punica?
338 2013 405 2058 non
421 1990 567 2058 medullae
583 1993 735 2059 arhorum
746 1992 761 2057 Ρ
772 2015 837 2060 non
849 1991 960 2062 lerulae
975 2016 1051 2062 cum
1065 1995 1125 2062 he-

92 2095 202 2164 deris?
216 2121 279 2166 non
296 2099 407 2189 pistilli
427 2125 467 2167 ex
486 2102 608 2192 siligine
624 2125 781 2192 caseoque
801 2103 965 2170 conlecti?
987 2128 1052 2174 non
1072 2106 1125 2174 de·

70 2207 188 2297 -nique
219 2211 394 2300 papavera?
414 2213 490 2280 Haec
521 2222 596 2280 sunt
626 2234 696 2302 qua
725 2223 833 2278 sancta
861 2225 986 2278 vocant.
1013 2214 1121 2294 Quidt

83 2315 249 2386 Themidis
269 2345 377 2390 nonne
399 2322 564 2391 recondita
587 2320 731 2411 symbola
753 2323 812 2388 ista
834 2320 932 2386 eunti
945 2322 1124 2412 origanum,

79 2427 231 2518 lychnus,
242 2430 380 2522 gladius,
392 2446 507 2524 pecten
519 2431 696 2510 muliebris,
710 2431 796 2522 quod
808 2430 980 2497 honestum
992 2453 1030 2497 ac
1041 2455 1123 2522 mys·

75 2541 177 2608 ticum
194 2554 247 2608 est
262 2542 426 2628 muliebris
438 2543 578 2634 pudendi
592 2566 721 2610 nomen.
736 2540 914 2632 Ognaram
927 2540 1125 2630 perfrictam·

74 2673 136 2738 que
151 2651 390 2741 impudentiam
401 2651 426 2717 ¹1
436 2653 611 2720 Hominum
622 2653 884 2742 temperationum
896 2650 1040 2742 voluptas
1048 2651 1125 2720 olim

74 2761 180 2828 noctis
196 2759 329 2830 silentio
346 2764 537 2853 tegebatur:
557 2785 644 2830 nunc
668 2785 745 2844 vero
759 2785 823 2829 nox
837 2773 897 2838 est,
915 2785 985 2851 quae
1000 2761 1124 2829 initian·

74 2871 120 2938 dis
130 2893 229 2942 sacra
246 2870 386 2940 lihidinis
396 2873 557 2948 enuntict;
576 2873 719 2963 adeoque
731 2873 810 2961 ignis
824 2870 943 2961 llagitia
957 2873 1123 2939 succensis

73 2981 196 3052 natus
213 2981 371 3051 illustrata
386 2984 508 3074 pandit.
522 2984 692 3074 Extingue,
710 2983 763 3060 sis,
773 2981 861 3051 hunc
873 2981 993 3070 ignem,
1008 2981 1122 3046 Hiero-

71 3093 192 3183 phanta
208 3117 219 3158 ε
235 3106 348 3182 tuque,
367 3116 388 3160 o
404 3094 458 3182 qui
472 3093 581 3161 lumen
596 3093 736 3183 praefers,
751 3103 821 3160 tuas
840 3093 908 3183 ipse
925 3086 1010 3158 faces
1030 3114 1121 3158 rere-
1137 3153 1139 3156 .

72 3226 165 3271 rere:
184 3202 303 3272 lumen
318 3202 404 3270 istud
417 3203 570 3271 Iacchum
582 3203 722 3271 traducit
734 3215 826 3270 tuum
843 3224 850 3267 :
869 3212 979 3290 patero
991 3213 1121 3270 noctem

72 3313 227 3402 mysteria
244 3312 386 3379 tenebris
400 3312 587 3381 occultare:
607 3314 769 3403 orgiorum
785 3310 900 3377 honori
917 3309 1118 3378 consulatur:
1178 3359 1185 3373 .
1231 3355 1248 3366 -

74 3422 149 3511 ignis
164 3445 239 3490 non
253 3419 400 3498 simulat;
420 3423 536 3514 arguit,
553 3424 707 3514 ponitque
723 3445 794 3510 quae
811 3423 951 3511 jubetur.
970 3419 1046 3488 Haec
1060 3421 1121 3512 igi-

73 3531 187 3602 turilla
199 3542 278 3600 sunt
288 3529 457 3600 hominum
469 3531 636 3600 atheorum
648 3532 809 3620 mysteria.
825 3529 904 3598 Jurc
916 3531 1000 3598 enim
1010 3530 1120 3597 atheos

75 3637 221 3716 dixerim,
237 3639 309 3729 qui,
325 3661 344 3704 a
359 3639 424 3710 rori
443 3639 587 3708 Numinis
603 3641 784 3731 cognitione
798 3661 924 3729 prorsus
941 3639 1048 3718 alieni,
1061 3663 1120 3729 pu-

77 3749 232 3818 sionema
257 3747 427 3816 Titanibus
450 3750 658 3841 discerptum,
683 3749 854 3840 ejulantem
881 3748 1117 3826 mulierculam,

106 3875 191 3928 ’Vide
201 3877 235 3927 Ι).
247 3875 365 3936 Guillon,
378 3891 404 3944 p,
418 3875 473 3942 376.
