2412 4596
316 232 503 278 assonant!
525 231 587 276 but.
614 233 648 275 ΙΙ.
701 247 708 260 ·
942 235 1001 300 109

6 390 9 407 ·
24 402 27 407 .
45 352 182 418 omnino
194 353 347 441 possessio
359 355 480 420 bonum
495 365 562 420 est:
576 353 619 419 ita
636 365 742 420 eutem
754 375 787 420 sc
796 353 893 422 hebet
906 356 1001 424 etiam

9 457 153 548 reliquis.
175 459 271 548 Atqui
291 459 464 528 liberorum
485 462 629 538 amissio,
655 461 819 551 inquiunt,
836 475 883 528 est
894 487 933 528 ex
949 489 1004 529 su-

10 567 60 625 ·211'
89 566 188 636 maiis
203 591 211 634 ι
226 567 400 636 liberorum
415 592 491 659 ergo
501 569 675 659 possessio,
692 571 816 636 bonum
829 583 877 637 est
892 595 900 638 ε
915 573 1003 662 quod

6 677 46 744 ita
58 689 129 754 est,
145 678 242 746 etiam
259 679 506 746 matrimonium.

60 821 208 900 Namque
218 823 328 900 absque
341 834 424 903 patre
435 823 544 882 liberos
558 839 648 882 nemo
662 824 733 884 tulit
746 843 755 882 ι

59 923 130 982 Nee
141 923 255 1000 absque
266 915 422 982 manefiiii
433 917 591 1004 conceptio
607 942 615 981 :

4 1069 88 1123 trem
112 1071 216 1124 autem
237 1047 350 1142 nuptie
370 1059 518 1147 efficiunt,
542 1072 575 1124 ut
595 1057 642 1123 nir
663 1071 800 1124 matrerm
825 1059 999 1130 Maximum

5 1191 62 1256 pue
78 1180 197 1234 votum
214 1169 322 1236 statuit
333 1169 506 1245 Homerus,
522 1167 620 1234 cirum
636 1179 664 1234 ct
679 1167 847 1259 familiam,
868 1170 998 1240 sednon

5 1273 126 1353 solute,
143 1300 254 1344 verum
271 1302 338 1344 cum
357 1279 436 1343 bono
458 1277 655 1344 consensione.
675 1275 754 1344 Nam
775 1276 908 1344 aliorum
925 1280 997 1374 qui-

6 1407 29 1452 n
44 1385 291 1452 matrimonium
307 1387 341 1452 in
360 1384 520 1474 voluptate
542 1385 699 1452 consentit
718 1397 750 1451 ct
766 1384 996 1456 delectatione:
1078 1459 1080 1466 ,

7 1517 67 1560 um
85 1505 219 1570 autem,
244 1495 297 1583 qui
314 1491 595 1584 philosophantur,
614 1491 852 1562 matrimonium
869 1495 1000 1564 deducit

12 1625 109 1678 eum,
132 1601 188 1690 qui
206 1615 253 1668 est
273 1601 448 1668 secundum
471 1601 580 1690 Logon
598 1601 843 1678 coarctionem,
860 1625 998 1670 consen-

7 1733 50 1775 n:
69 1709 128 1796 qui
142 1733 210 1774 non
228 1707 379 1784 sormam,
396 1708 452 1773 sed
469 1731 573 1774 mores
591 1709 745 1797 permittit
757 1706 870 1776 ornare
882 1711 998 1776 mulie-

7 1840 68 1889 »us3
87 1815 299 1906 praeoipitque
316 1815 455 1892 maritis,
472 1839 512 1881 ne
529 1826 660 1882 utantur
679 1816 831 1882 uxoribus
846 1829 997 1908 tanquam

7 1925 93 2001 uicis,
112 1949 214 1991 unum
237 1925 295 1992 sibi
317 1936 530 2017 proponentes
554 1947 707 2013 scopum,
731 1935 764 1989 ut
779 1928 904 2015 corpori
922 1952 998 2016 pro-

6 2057 58 2098 um
72 2031 228 2108 afferant,
252 2033 307 2098 sed
329 2033 369 2100 ad
395 2033 491 2099 totius
515 2032 585 2097 vitae
601 2031 771 2110 auxilium,
794 2047 825 2099 ot
846 2037 998 2124 optimam

5 2141 225 2230 operantium,
240 2129 478 2215 matrimonium
491 2154 653 2229 usurpent.
677 2141 841 2208 Frumenti
866 2146 950 2212 cuim
965 2158 999 2211 et

4 2249 85 2328 rdei‚
107 2261 144 2315 ut
157 2249 311 2326 arbitror,
332 2251 527 2325 seminibus,
543 2273 613 2338 quae
633 2250 892 2318 convenientibus
914 2264 998 2319 tem-
1062 2261 1073 2280 ’

4 2361 87 2428 abus
112 2371 209 2426 terrae
227 2358 487 2436 committuntur,
511 2360 710 2448 praestantior
728 2371 797 2436 est,
813 2361 867 2448 qui
886 2363 998 2428 matri-

1 2469 64 2534 tnio
86 2468 281 2544 seminatur,
307 2466 425 2545 homo,
447 2465 480 2534 in
505 2469 595 2557 cujus
622 2491 713 2534 usum
730 2469 836 2536 omnia
852 2483 997 2537 enatura

23 2589 192 2642 ucuntur.
223 2576 325 2666 Atque
351 2575 403 2642 illa
429 2575 557 2664 quidem
584 2576 703 2643 semina
733 2577 877 2668 agricola
900 2579 997 2646 sobrii

0 2722 10 2762 ,ι
29 2699 136 2754 nunt.
153 2687 187 2753 Si
204 2685 290 2774 quod
303 2684 344 2750 sit
360 2709 437 2774 ergo
448 2687 611 2754 sordidum
628 2700 659 2752 et
674 2710 825 2776 spurcum
841 2688 995 2768 studium,

12 2807 61 2861 est
80 2820 99 2860 a
115 2794 319 2861 matrimonio
343 2794 599 2883 expurgandum,
624 2819 664 2860 ne
684 2797 775 2862 nobis
793 2799 911 2886 probro
928 2798 996 2865 dari

1 2903 74 2980 ecit,
88 2903 179 2992 quod
201 2905 367 2969 brutorum
390 2902 596 2970 animantium
613 2927 797 2992 congressus
818 2907 917 2995 magis
936 2929 996 2972 na·

1 3035 40 3076 τε
54 3013 243 3088 conveniat,
261 3034 356 3100 quam
376 3011 516 3078 humana
534 3013 737 3100 conjunctio,
753 3014 787 3078 in
803 3015 870 3103 ipso
891 3013 996 3080 calore

1 3123 131 3188 meris...
152 3121 369 3188 succumbere
385 3121 492 3210 itaque
506 3133 540 3186 ot
551 3121 665 3187 cedere
681 3123 763 3188 vitiis
776 3124 996 3213 etanimipcr-

1 3230 217 3306 bationibus,
233 3243 281 3298 est
297 3230 577 3297 extremaservitus
593 3255 600 3296 :
616 3231 697 3297 sicut
712 3253 749 3297 ea
761 3233 995 3306 certerincere,

3 3352 91 3406 aest
106 3338 243 3406 libertas.

3 3491 66 3560 De
83 3485 393 3559 indissolubilitate
409 3484 554 3557 tandem
570 3463 617 3557 ita
637 3485 761 3558 habet¹
777 3512 785 3555 ε

4 3638 108 3718 Quod
125 3651 229 3705 autem
249 3635 385 3704 consulit
401 3637 563 3725 Scriptura
578 3659 707 3702 uxorem
725 3633 866 3712 ducere,
888 3649 919 3702 et
934 3661 993 3703 nec

2 3747 148 3834 :onjugio
164 3769 302 3835 unquam
317 3745 470 3835 permittit
488 3733 668 3821 discedere,
686 3743 786 3834 legem
802 3757 908 3835 aperte
920 3771 995 3814 con-

18 3875 83 3940 Pag.
96 3873 145 3925 506
154 3889 178 3925 et
188 3893 239 3942 seq.
