2738 4628
69 302 571 324 nuwoununmnnmnswu
576 303 1094 332 ΜΒἈἉΟἈῈᾋΜΜὶἊΜἎἈ

235 512 307 616 Μ.
333 455 605 616 uinum
638 509 908 633 runicis,

332 771 822 915 OCTAVIUS.
921 805 923 810 ’

138 1047 233 1116 (rum
245 1065 425 1104 enrrrorrnu
440 1064 561 1103 sciurus
571 1063 694 1116 urrisu,
708 1064 911 1103 cmmrmenn
927 1052 1030 1126 1712.)

527 1237 707 1250 *ιι-σὴ·-

110 1388 134 1451 l.
150 1387 332 1454 Goerrnurr
353 1387 449 1463 mihi,
465 1399 499 1453 et
514 1410 588 1466 eum
608 1391 713 1454 animo
728 1413 800 1454 meo
816 1389 952 1465 Octavii,
967 1392 1044 1458 boui
1062 1403 1095 1457 et

73 1493 232 1561 fidelissimi
247 1495 504 1572 contubernalis,
517 1497 703 1564 memoriam
719 1498 909 1576 recensenti,
927 1511 1012 1566 tanto
1030 1500 1098 1566 dul-

71 1604 144 1670 cedo
156 1617 188 1670 et
203 1605 331 1672 allectio
346 1605 489 1672 hominis
501 1605 635 1682 inhaesit,
646 1620 679 1671 ut
693 1608 759 1696 ipso
770 1609 1006 1697 quodammodo
1018 1610 1096 1676 mihi

74 1715 189 1780 viderer
202 1716 236 1781 in
251 1717 412 1804 praeterite
433 1714 550 1792 redire,
572 1739 637 1782 non
656 1739 693 1780 ea
712 1740 781 1804 quse
803 1719 867 1804 jum
889 1730 1047 1785 transacto
1065 1730 1098 1785 et

74 1823 200 1890 decurso
214 1837 287 1891 suut
300 1825 524 1890 recordatione
535 1847 683 1890 revocare
699 1825 762 1889 :ito
776 1827 844 1912 ejus
857 1826 1096 1917 contemplatio,

77 1949 225 2020 qoontum
234 1937 393 2002 subtracta
404 1945 454 2000 est
468 1931 580 2009 oculis,
594 1947 717 1999 tontum
728 1936 848 2023 pectori
861 1960 945 2014 meo,
958 1961 997 2004 oc
1014 1961 1097 2028 pone

82 2046 197 2111 intimis
209 2048 342 2112 sensibus
358 2044 517 2134 implicato
532 2047 597 2110 est!
614 2044 680 2111 Nec
694 2046 851 2112 immerito
868 2047 1031 2114 discedens
1050 2050 1097 2115 vir

85 2155 214 2221 eximius
234 2167 265 2221 et
281 2169 410 2231 sanctus,
429 2153 621 2220 immensum
636 2155 685 2218 sui
703 2153 894 2222 desiderium
912 2157 1003 2224 nobis
1021 2155 1096 2248 reli-

84 2265 165 2353 quic
181 2277 287 2356 utpote
300 2289 368 2332 cum
382 2277 415 2331 et
430 2265 498 2355 ipse
510 2276 600 2330 tento
607 2265 710 2330 nostri
726 2289 850 2354 semper
864 2291 970 2333 umore
980 2268 1096 2359 {legra-

79 2377 169 2452 rorit,
193 2388 239 2452 ut,
260 2389 291 2442 et
314 2377 345 2442 in
366 2375 497 2441 ludicris
518 2385 552 2440 et
574 2373 676 2447 seriis,
698 2373 766 2461 pori
788 2397 915 2442 mecum
936 2376 1098 2444 voluntate

76 2487 261 2562 concineret,
276 2487 390 2552 eadem
402 2483 483 2551 velle
498 2482 548 2550 vel
562 2481 670 2550 nolle:
686 2483 832 2550 crederes
849 2507 943 2550 unum
958 2497 1098 2554 mentem

74 2596 104 2660 in
124 2595 246 2662 duobus
266 2595 364 2660 fuisse
386 2595 529 2660 divisam.
553 2592 607 2657 Sic
625 2591 711 2658 solus
727 2593 757 2657 in
774 2595 935 2660 amoribus
951 2599 1097 2664 conscius

73 2705 145 2794 ipse,
160 2707 264 2773 socius
279 2707 314 2771 in
327 2706 488 2770 erroribus
501 2728 509 2767 ε
524 2715 557 2769 et
573 2713 661 2782 cum}
677 2705 815 2770 discusse
831 2705 975 2797 caligine,
992 2710 1032 2774 de
1048 2724 1097 2778 te·

73 2818 237 2884 nebrurum
258 2814 420 2906 profundo
440 2816 474 2880 in
495 2813 602 2881 lucem
621 2815 779 2902 sapientire
794 2829 826 2880 et
840 2818 977 2885 veritatis
989 2844 1095 2888 emer-

71 2949 182 3015 gerem,
194 2950 264 2993 non
278 2925 401 3014 respuit
413 2925 575 3000 comitem,
587 2924 655 2999 sed,
668 2925 752 3018 quod
767 2937 814 2990 est
823 2925 1000 3016 gloriosius,
1014 2955 1096 3018 prae-

72 3038 214 3103 cucurrit.
241 3037 357 3124 ltaque
378 3058 453 3100 cum
480 3059 536 3123 por
561 3034 737 3100 universam
759 3037 923 3102 convictus
939 3042 1038 3104 nostri
1064 3022 1097 3106 et

70 3145 284 3214 hmilioritatis
299 3156 426 3212 aetutem
448 3167 518 3210 meo
534 3144 681 3233 cogitatio
696 3142 884 3223 volveretur,
902 3149 934 3213 in
952 3147 1006 3214 illo
1021 3175 1098 3238 prae-

69 3257 155 3346 cipue
168 3279 320 3324 sermone
343 3256 413 3342 ejus
430 3253 544 3318 ruentis
562 3276 638 3318 msm
655 3254 769 3318 resedit
789 3255 935 3332 intentio,
953 3281 1016 3346 quo
1032 3259 1097 3328 Cre·

70 3366 169 3433 dium
196 3363 425 3455 superstitiosis
447 3360 634 3428 vanitatibus
657 3363 752 3428 etium
777 3387 865 3430 nunc
890 3365 1095 3440 iuhaerentem

71 3476 278 3567 disputatione
292 3473 474 3564 gravissime
490 3471 531 3538 ed
549 3494 655 3538 verum
675 3471 860 3561 religionem
876 3475 1066 3546 reformavit.

108 3589 144 3656 ll.
164 3586 410 3676 Namnegotii,
424 3597 457 3650 et
471 3583 590 3665 visendi
610 3583 674 3650 mei
693 3585 793 3672 gratio
808 3583 942 3654 Romam
961 3605 1095 3662 conten·

72 3698 164 3776 dent,
182 3698 294 3767 relicte
312 3696 577 3786 domo,·eonjugc
590 3693 711 3770 liberis,
728 3705 760 3760 et
773 3696 859 3784 quod
873 3709 921 3764 est
939 3699 971 3766 io
987 3700 1094 3770 liberis

73 3807 243 3884 mbilius,
264 3808 375 3875 adhue
396 3806 487 3872 aunis
507 3804 741 3880 innocentibus,
756 3815 788 3870 et
809 3805 914 3888 odhuc
934 3809 1096 3880 dimidiata

75 3921 160 3987 serbo
179 3920 390 3993 tentantibus,
411 3913 583 4003 loquelam,
601 3915 667 4002 ipso
690 3913 869 3986 offensantis
882 3917 997 4007 lingum
1011 3921 1095 4011 freg-

886 4029 916 4092 5·
1032 4031 1057 4040 κ
