2522 4608
218 217 282 301 370
531 235 704 284 causaris
730 237 940 286 anaxanoanu

217 357 292 426 uolo
306 356 437 446 pudicas
460 355 605 424 staminas
623 351 777 447 praebere'
791 355 905 424 talium
924 357 1053 424 laudum
1067 377 1187 422 eausam
1201 357 1232 420 iis

217 468 284 558 qui,
296 489 353 556 per
362 467 519 556 ejusmodi
529 465 652 546 laudes,
665 481 701 532 ut
711 469 867 557 probrum
877 459 925 533 eis¹
935 467 1065 534 afferant
1079 477 1229 532 venantur.

216 579 284 647 Nec
299 603 375 644 vero
394 576 497 644 solum
514 575 700 644 calcaneum
718 589 767 643 est
784 578 984 666 prohibitum
1001 577 1171 642 ut'nudent
1184 576 1229 645 tiu

216 689 439 756 verumetiam
455 697 552 775 caput
567 700 603 752 ut
618 698 727 776 tegant
740 701 837 778 atque
851 689 1031 762 obnubunt,
1047 685 1103 751 illis
1119 697 1167 751 est
1182 685 1232 748 im

216 801 376 890 positum:
392 798 597 885 nequeenim
613 798 785 864 honestum
805 810 854 865 est
876 799 1020 887 corporis
1039 795 1232 887 pulchritudi-

216 933 291 978 nem
312 929 380 998 esse
397 901 571 973 'hominum
592 908 776 996 aucupium.
799 909 866 976 Nec
880 933 945 998 par
963 920 1011 974 est
1033 921 1074 972 ut.
1086 928 1232 996 purpureo

216 1032 308 1086 utens
321 1015 389 1086 velo
401 1015 612 1084 seminaretis
623 1013 774 1106 conspici.
788 1017 894 1106 Atque
903 1018 1026 1084 utinam
1036 1030 1141 1106 posset
1150 1017 1230 1081 etiam

216 1158 234 1199 a
252 1144 338 1198 veste
352 1130 447 1196 eximi
464 1151 621 1218 purpura,
641 1151 682 1194 ne
701 1129 735 1194 in
751 1131 910 1196 utentium
927 1129 1041 1196 faciem
1058 1141 1231 1218 spectatores

165 1283 168 1292 ·
217 1253 392 1312 convertat.
408 1241 512 1327 Atque
525 1236 586 1302 illae
598 1239 726 1326 quidem
742 1262 817 1306 cum
832 1237 961 1327 reliquae
970 1239 1064 1304 vestis
1076 1237 1230 1304 admodum

215 1375 329 1444 parum
344 1361 465 1425 texant,
488 1346 632 1414 iecerunt
653 1347 808 1437 quidquid
822 1347 1095 1440 est'purpureum
1111 1371 1178 1414 suas
1191 1349 1229 1412 iu-

214 1464 416 1530 ssammantes
431 1457 586 1525 libidines.
605 1457 687 1538 Quae
708 1470 815 1524 autem
837 1458 887 1523 bis
910 1456 1032 1523 stolidis
1053 1469 1086 1524 et
1100 1455 1229 1523 moibbus

215 1572 364 1663 purpuris
382 1571 523 1659 impense
545 1565 758 1644 delectantur,
774 1592 847 1645 eas,
864 1581 899 1633 ut
920 1581 995 1634 sunt
1014 1569 1110 1634 verba
1129 1567 1226 1640 roae,

213 1707 383 1776 purpurea
398 1682 545 1770 arripuit
565 1703 665 1746 mors.
683 1681 816 1770 Propter
830 1681 914 1746 banc
936 1681 1042 1768 itaque
1062 1699 1229 1768 purpuram,

214 1809 247 1863 ot
262 1795 380 1884 Tyrus,
392 1805 425 1858 et
435 1791 547 1867 Sidon,
561 1803 594 1857 et
609 1815 679 1879 quae
694 1792 781 1880 regio
797 1802 845 1856 est
859 1789 939 1856 mari
956 1788 1135 1878 propinqua
1146 1787 1228 1853 Iaco-

214 1906 301 1980 nico,
317 1902 454 1969 maxime
466 1900 707 1966 desiderantur:
722 1897 895 1987 quinetiam
911 1921 1023 1964 earum
1035 1898 1226 1971 tinctoraaet

213 1999 362 2104 purpurae
376 2009 558 2086 infectores,
575 2022 607 2075 et
625 2011 692 2098 ipso
707 2007 876 2097 conchylia
892 2009 927 2074 in
943 2031 1062 2098 magno
1078 2009 1175 2097 pretio
1187 2007 1227 2072 be

213 2129 343 2199 beatur,
355 2133 521 2211 propterea
531 2121 618 2209 quod
629 2143 741 2186 eorum
753 2119 879 2209 sanguis
890 2118 1048 2207 producat
1060 2141 1225 2208 purpuram.

213 2237 256 2304 At
270 2235 366 2302 etiam
388 2231 529 2297 delicatis
544 2230 656 2319 pannis
675 2229 887 2296 admiscentes
907 2227 1024 2294 dolosae
1037 2226 1227 2301 mulieres‚et

213 2345 354 2436 quisunt
366 2366 405 2408 ex
415 2341 489 2408 viris
502 2339 699 2416 eiioeminati,
708 2337 923 2406 fraudulentas
934 2337 1124 2428 dolosasque
1133 2340 1228 2403 tirou

212 2479 276 2532 ras,
288 2456 398 2520 insano
410 2449 548 2541 quodam
559 2471 668 2516 amore
680 2449 766 2514 modi
779 2448 1003 2536 modestiaeque
1014 2447 1149 2517 limitem
1162 2460 1226 2513 trau

212 2564 333 2639 siliunt,
346 2585 411 2628 non
426 2557 561 2648 amplius
576 2559 672 2625 lintea
689 2581 728 2624 ex
743 2557 894 2648 AEgypto‚
908 2558 965 2625 sed
979 2559 1128 2646 quaedam
1138 2557 1227 2624 atita

211 2688 295 2741 terra
312 2672 520 2737 Hebraeorum
536 2680 569 2733 et
586 2666 723 2734 Cilicum
740 2679 973 2757 comparantes.
993 2669 1166 2758 Am0rgina
1183 2690 1226 2732 aa·

211 2799 277 2852 tem
292 2794 397 2858 taceo,
412 2791 444 2846 et
462 2779 630 2867 abyssina:
645 2777 869 2860 ἀθΙίοἱωλοηίηι
886 2781 952 2868 jam
963 2779 1134 2846 nominum
1149 2780 1227 2846 ratio·

211 2917 287 2962 nem
302 2912 511 2980 supergressae
529 2899 613 2953 sunt.
630 2887 730 2954 Porro
749 2902 857 2956 autem
875 2901 1013 2977 oportet,
1031 2901 1069 2953 ut
1086 2889 1162 2955 mibi
1177 2889 1227 2977 qris

213 3003 286 3069 dom
302 2999 439 3076 videtur,
455 2997 489 3063 id
506 2996 592 3090 quod
611 2999 741 3086 tegitur,
758 3023 797 3064 ex
820 3010 1006 3087 tegumento
1024 2998 1188 3064 ostendere
1203 3019 1227 3062 se

211 3135 281 3179 esse
296 3133 337 3176 eo
354 3107 486 3176 melius:
505 3118 540 3173 ut
556 3107 677 3196 templo
692 3107 877 3197 imaginem,
888 3120 921 3173 et
937 3130 1073 3197 corporo
1091 3109 1226 3178 animan.

211 3233 244 3288 ct
265 3232 350 3288 veste
365 3215 495 3307 corpus.
521 3215 616 3285 Nunc
637 3231 745 3284 autom
767 3229 877 3283 contra
899 3219 1031 3284 omnino
1053 3218 1105 3284 :si
1127 3239 1227 3306 corpus

210 3331 340 3421 quidem
351 3349 462 3393 earum
472 3326 686 3402 venundetur,
699 3349 863 3416 nunquam
880 3325 967 3393 mille
978 3325 1149 3393 drachmas
1160 3327 1228 3394 Atti-

210 3463 264 3507 cas
279 3438 435 3505 invenerit
449 3461 457 3501 :
473 3459 568 3502 unam
584 3448 692 3501 autem
708 3448 829 3503 vestem
842 3434 928 3503 miile
943 3435 1070 3503 talentis
1086 3450 1226 3508 ementes,

210 3552 286 3639 ipsae
308 3572 340 3614 se
355 3548 493 3615 vestibus
515 3543 690 3611 inutiliores
711 3558 743 3611 et
764 3542 889 3612 viliores
910 3557 1057 3635 arguunt.
1079 3545 1148 3611 Gur
1164 3549 1228 3632 ergo

211 3681 283 3747 quae
299 3668 373 3722 sunt
389 3679 459 3722 rara
479 3668 512 3721 et
529 3655 681 3744 pretiosa,
698 3652 769 3743 plus
785 3647 882 3744 quam
897 3679 933 3721 ea
949 3679 1022 3744 quae
1035 3667 1108 3720 sunt
1130 3655 1228 3720 inme

210 3766 263 3834 dio
283 3766 339 3832 sita
359 3779 391 3830 et
409 3764 495 3842 vilia,
514 3763 765 3854 persequimini?
788 3764 948 3845 Quoniam
967 3766 1054 3855 quod
1073 3788 1147 3832 rere
1167 3761 1226 3854 pui-

209 3877 324 3946 cbrum
342 3889 375 3941 et
393 3877 479 3963 quod
502 3900 574 3942 vore
591 3878 712 3943 bonum
732 3889 780 3943 est
797 3876 961 3964 ignoratis,
978 3889 1013 3943 'et
1032 3899 1087 3965 pro
1112 3877 1152 3942 iis
1170 3897 1226 3963 qua
