2570 4614
198 253 256 318 252
507 269 679 317 cususnris
704 268 914 314 sturnorum

195 413 269 464 oum
284 392 418 460 honesto
436 390 546 458 solatio
566 390 628 456 iert
642 387 805 460 auxilium.
830 388 898 457 Rex
913 391 1021 478 itaque
1045 387 1202 456 Christus
1225 411 1248 452 o

137 519 141 526 '
176 497 316 592 'superis
335 501 434 571 risum
450 513 596 568 nostrum
613 498 810 589 spondetur,
835 510 867 566 et
882 500 1071 588 efrnmro,
1096 511 1135 564 nt
1161 497 1248 564 dieit

193 612 372 701 Scriptura,
382 609 800 701 prospieisnt¹.grntisrum
812 609 984 686 ontionem,
995 607 1248 678 otbsnediono

193 743 282 797 nem,
300 733 331 788 et
346 719 585 798 exultationem,
601 732 634 785 et
651 718 806 798 laetitism,
822 730 854 787 et
868 718 962 787 simul
978 719 1075 786 etium
1096 718 1137 785 iis
1154 717 1247 784 auxi·

138 843 140 848 ’
194 833 324 900 linutem
340 831 552 908 tolerantium,
566 843 598 898 et
615 855 728 898 eorum
740 831 1012 919 conjunctionem,
1028 828 1134 898 solnm
1146 849 1247 898 sunm

98 927 103 940 “
193 942 323 1032 respioit
343 941 520 1010 Ecclesiam
544 962 552 1005 t
581 941 752 1008 ostendens
773 940 888 1008 isoiem
910 963 1012 1017 susm,
1028 961 1105 1030 quae
1127 938 1247 1007 deent

194 1049 356 1130 Ecclesiae,
371 1075 442 1142 quse
456 1050 552 1142 regali
571 1039 674 1142 eapite
689 1051 830 1142 perfecta
845 1050 992 1119 efficitur.
1012 1047 1074 1116 Ubi
1091 1061 1170 1116 eret
1185 1071 1246 1116 nu-

194 1178 260 1232 tem
275 1162 426 1240 fenestre,
440 1185 499 1253 per
514 1185 611 1253 quam
625 1163 853 1230 ostendebatur
866 1160 1045 1230 Dominus?
1060 1158 1169 1236 Caro,
1187 1181 1247 1249 per

195 1295 291 1364 quam
305 1272 365 1340 suit
380 1271 608 1340 manifestatus.
624 1270 696 1362 lpse
705 1283 756 1338 est
766 1271 854 1340 letne
869 1269 977 1355 (aliter
987 1269 1074 1336 euim
1086 1269 1246 1359 aenipere

160 1416 163 1430 ·
195 1387 399 1474 possumus),*
413 1383 467 1473 qui
482 1395 531 1450 est
545 1395 641 1472 typus
659 1404 697 1450 oo
711 1381 812 1471 figura
826 1381 967 1450 Domini.
987 1380 1072 1447 Puer
1089 1379 1243 1470 quidem,

195 1507 232 1560 nt
243 1493 342 1569 tilium
357 1505 426 1562 erst
441 1493 527 1562 enim
538 1491 623 1560 filius
635 1491 785 1570 Abrahae,
798 1491 1070 1582 quemadmodum
1088 1490 1243 1560 christus

194 1603 274 1671 Dei:
289 1603 391 1672 hostin
408 1615 529 1679 nutem,
541 1603 624 1670 siout
639 1599 795 1670 Dominus
811 1623 819 1666 ε
839 1601 971 1668 sednon
983 1599 1117 1668 oblutus
1130 1611 1242 1678 est,nt

194 1695 361 1782 Dominus.
379 1713 477 1803 Ligno
498 1710 602 1780 solum
622 1710 769 1782 sacrificii
788 1711 925 1802 portarit
939 1710 1041 1787 Isaeo,
1059 1724 1102 1778 ut
1118 1711 1242 1802 Ιίςιιιιιι

195 1822 362 1892 Dominus.
380 1821 511 1910 Mystico
527 1833 635 1888 nutem
651 1819 732 1898 risit,
744 1820 920 1911 praediosns
937 1820 1005 1888 iore
1019 1833 1056 1888 ut
1073 1821 1238 1890 Dominus

194 1956 253 2000 uos
267 1933 332 2000 risu
347 1931 505 2022 impleret,
521 1931 575 2021 qui
591 1932 744 2021 sunguine
758 1928 887 1999 Domini
903 1933 944 1998 nb
958 1931 1094 1999 interitu
1117 1945 1155 1998 et
1171 1955 1239 2000 eor·

196 2043 344 2132 ruptione
365 2041 522 2131 redempti
544 2059 665 2108 sumus.
688 2037 898 2109 Solummodo
920 2051 1027 2110 sutem
1050 2041 1130 2128 jure
1155 2041 1242 2110 tore

195 2175 261 2220 non
275 2171 383 2242 passus
398 2162 459 2227 est,
476 2151 530 2240 qui
545 2152 664 2241 primes
678 2149 831 2241 passionis
844 2159 952 2242 portes
965 2147 1075 2218 Verbo
1093 2152 1240 2244 uenerit.

197 2263 381 2344 Quinotium
395 2261 554 2352 signifieat
566 2261 695 2329 Domini
710 2259 920 2340 divinitatem,
934 2259 1012 2327 dum
1027 2283 1100 2328 non
1112 2260 1179 2328 ruit
1188 2285 1243 2330 oo·

196 2374 291 2441 nisus.
305 2371 450 2440 Surrexit
463 2372 549 2439 enim
560 2384 632 2461 post
645 2372 729 2460 justa
743 2369 826 2438 saon
838 2370 957 2437 funeris
968 2369 1063 2439 Jesus
1078 2393 1154 2438 non
1169 2395 1242 2462 pm·

56 2493 62 2502 '
196 2505 262 2559 sus,
284 2481 556 2571 quemadmodum
578 2481 667 2548 Isaeo
690 2481 836 2548 dimissus
850 2493 931 2548 este
947 2479 1122 2548 sacrificio.
1142 2481 1241 2548 Porro

196 2603 304 2658 sutem
316 2591 357 2658 ad
368 2593 437 2680 ejus
449 2591 535 2680 quod
546 2591 746 2684 propositum
756 2603 806 2658 est
815 2589 1045 2667 defensionem,
1058 2591 1242 2658 maximum

96 2780 100 2802 ι
196 2725 326 2792 quoque
339 2701 426 2768 uliud
441 2701 581 2770 efferum.
602 2703 711 2792 lpsum
725 2701 900 2768 Dominum
912 2701 1061 2790 puellum
1075 2703 1242 2777 nomint,

197 2813 230 2878 id
245 2835 302 2902 per
316 2812 441 2878 Essiam
455 2813 631 2901 praedieens
643 2811 780 2902 Spiritus
797 2835 805 2877 :
818 2839 830 2873 ι
845 2810 929 2878 Eece
944 2808 1069 2900 puellus
1081 2824 1188 2880 notus
1197 2821 1241 2878 ost

196 2921 328 3000 suebis,
350 2936 383 2989 et
404 2921 488 2988 iilius
509 2922 601 2990 dstus
618 2933 668 2988 est
690 2923 795 2998 nohis,
817 2922 909 3011 cujus
924 2919 1129 3010 principatus
1144 2945 1241 3012 snper

196 3063 210 3096 ι
224 3034 396 3100 humerum
407 3033 489 3121 ejus,
501 3047 534 3100 et
544 3045 693 3100 voontum
704 3043 880 3100 estnomon
891 3033 975 3122 ojus,
987 3031 1099 3120 magni
1114 3031 1243 3099 eonsiiii

130 3142 134 3156 '
197 3141 398 3235 »Angelusffi
425 3142 540 3223 »Quid
566 3156 614 3208 est
640 3165 715 3232 ergo
738 3141 861 3231 puellus
887 3140 1011 3208 inians?
1028 3141 1059 3207 le
1078 3141 1126 3208 ad
1147 3143 1242 3231 cujus

197 3257 369 3347 imaginem
391 3232 454 3322 ¹nos
473 3254 608 3321 inientes
634 3277 755 3320 sumus.
781 3252 841 3318 Per
861 3251 1013 3318 eumdem
1041 3252 1242 3342 prophetam

197 3361 306 3433 narret
317 3367 387 3455 ejus
398 3363 651 3455 magnitudinem
662 3387 670 3428 ε
683 3391 696 3426 ι
707 3361 911 3431 Admiratitis
922 3355 1139 3440 comitiatus,
1156 3364 1242 3431 Deus

198 3503 212 3536 s
226 3489 351 3563 potem,
366 3489 457 3567 poter
471 3487 621 3554 aeternus,
641 3475 789 3564 prinoeps
804 3473 890 3564 ponis
907 3497 916 3538 t
934 3495 974 3540 eo
989 3473 1079 3562 quod
1093 3474 1243 3565 discipli·

198 3605 301 3650 »nem
322 3584 452 3677 implent
471 3609 480 3651 τ
500 3598 533 3652 et
547 3588 634 3675 pnois
649 3587 720 3674 ejus
738 3609 803 3653 non
819 3597 867 3651 est
882 3583 987 3651 finis⁸.
1006 3611 1019 3646 ι
1036 3583 1067 3650 Ο
1082 3607 1242 3676 mngnmn

198 3693 320 3760 Deuml
339 3719 359 3759 o
375 3697 551 3787 perfeetum
568 3700 722 3787 puerum!
744 3695 842 3762 Filius
857 3697 890 3764 in
909 3695 1015 3772 Patro,
1033 3708 1067 3761 et
1090 3695 1191 3764 Putet·
1210 3699 1242 3763 in

198 3797 290 3872 Filio.
309 3807 349 3870 Et
367 3807 528 3894 quomodo
554 3832 619 3875 non
640 3819 688 3874 est
711 3807 849 3898 perfecto
874 3807 970 3896 hujus
991 3807 1084 3896 pueri
1108 3807 1242 3897 puerilis

235 3935 245 3969 ¹
255 3935 348 3987 Gener.
363 3952 432 3999 xxvi,
443 3939 467 3989 8.
476 3965 507 3978 -
516 3939 528 3974 ²
538 3939 596 3992 lsai.
610 3957 645 4001 rx,
657 3939 680 3989 6.
688 3937 734 3978 -¹
744 3939 807 3990 ibid.
