2546 4614
277 296 400 344 marra
423 293 570 342 aaaorru
592 281 633 340 ιτ·
658 291 803 340 narraru-
897 331 902 336 .
991 272 1055 354 435

32 413 138 484 ‹laifice
149 437 284 506 operans
294 426 365 506 quta
375 413 508 482 Deitatis
519 425 606 502 suut,
618 419 754 500 utraque
765 411 936 478 ostendens
951 434 985 479 ae
1000 433 1058 506 per

5 471 98 613 ique
123 523 302 614 dupliciter,
326 523 430 592 divina
454 520 576 588 scilicet
601 535 634 588 et
654 521 806 598 humone,
827 533 994 618 operatum
1010 535 1059 590 est

30 635 202 704 secundum
212 634 371 710 eamdem,
382 657 452 722 quae
465 633 619 700 veraciter
631 655 703 698 vera
715 643 764 698 est
773 643 807 697 et
818 633 969 704 naturalis
980 636 1061 704 suh-

5 744 138 855 pstantia
151 766 160 810 a
174 745 279 810 Deum
294 743 486 810 immensum
502 740 596 810 simul
613 754 646 810 et
661 742 1061 832 circumscriptum'hemi·

5 843 9 854 ⁸
29 849 884 940 nemeristeutemetintellectum,utriusqueperlecto
894 853 1062 942 perfactio·-

28 987 102 1030 nem
111 963 295 1038 habentem,
310 984 386 1028 cum
400 963 512 1028 eadem
524 961 720 1051 epotatione,
733 961 766 1027 iu
776 975 826 1028 cet
836 964 971 1031 naturali
982 991 1061 1056 pro·

5 1039 171 1164 ilprietate,
187 1095 227 1138 ex
241 1072 357 1161 quibus
373 1082 556 1140 manentem
574 1092 699 1160 semper
717 1071 893 1140 secundum
914 1087 1064 1143 naturam
1163 1143 1167 1149 ,

28 1183 95 1250 siue
116 1180 380 1250 convertibilitate
393 1203 505 1248 earum
526 1178 737 1248 differentiam
751 1181 886 1256 acimum
907 1183 965 1250 aed
979 1207 1060 1259 non,

5 1295 109 1372 „sicut
120 1292 249 1383 quidam
260 1292 363 1367 aiunt,
374 1290 553 1358 secundum
562 1288 846 1378 comparationem,
859 1311 902 1356 ne
911 1291 1062 1359 eumdem

27 1405 88 1472 sibi
99 1404 276 1470 secundum
287 1402 390 1492 ipsum
400 1413 516 1491 praeter
526 1397 612 1487 quod
622 1408 762 1487 oportet,
775 1399 932 1487 majorem
943 1421 982 1468 ac
998 1401 1063 1467 mi-

5 1545 11 1558 ·
28 1537 139 1582 norem
154 1514 305 1580 dicamus.
323 1507 586 1578 connaturalium
598 1508 729 1596 quippe,
741 1519 774 1574 et
785 1531 851 1576 uon
865 1533 1061 1601 eorumquae

26 1623 154 1690 alterius
164 1633 238 1690 sunt
245 1633 379 1697 naturae,
391 1620 646 1708 comparationes
657 1617 807 1683 existunt.
821 1618 890 1686 Deo
901 1621 988 1686 enim
999 1621 1063 1690 fic·

5 1733 88 1804 uteri
110 1732 255 1796 omnium
275 1730 444 1800 iacturum,
465 1725 654 1812 infinitoque
674 1724 845 1802 finitivum,
863 1737 897 1792 et
915 1728 1062 1798 infinitati

5 1839 100 1907 *finis
115 1837 292 1906 secuudum
306 1833 427 1900 nullam
443 1843 648 1922 comparatur
664 1833 832 1908 rationem,
846 1855 920 1900 cum
937 1859 1064 1928 sempor

5 1949 59 2016 tet
74 1971 133 2039 per
148 1945 255 2014 omnia
269 1941 456 2012 naturaliter
470 1944 510 2009 ab
527 1941 677 2016 invicem,
693 1941 751 2008 sed
767 1965 833 2022 non
848 1948 1064 2035 comparative

5 2021 185 2126 ‘’differant.
209 2056 402 2144 Quanquam
423 2051 590 2121 ineffabilis
617 2052 762 2142 quasdam
783 2066 820 2120 et·
838 2056 1063 2150 indirumpibi-

21 2168 61 2235 lis
79 2168 114 2236 in
131 2187 229 2234 unam
246 2163 456 2232 substantiam
471 2163 636 2254 utriusque
650 2161 732 2229 iacta
749 2163 791 2230 sit
805 2165 920 2245 unitas,
931 2191 1062 2238 omnem

5 2279 155 2376 ppenitua
176 2277 279 2344 omnia
303 2274 377 2342 uati
394 2273 564 2342 scientiam
580 2273 713 2362 fugiens.
731 2273 885 2344 Divinitas
904 2279 1003 2358 enim,
1025 2295 1063 2349 ua

5 2399 95 2484 ,erat
107 2399 180 2454 ante
195 2385 460 2462 incarnationem,
473 2395 522 2450 est
531 2395 565 2449 et
580 2393 652 2472 port
666 2381 933 2464 incarnationem,
944 2411 1063 2458 secun.

5 2497 105 2614 palum
124 2507 271 2565 naturam
287 2492 422 2570 infinita,
436 2492 778 2582 incomprehensibilia,
788 2495 1003 2585 impassibilis,
1015 2501 1063 2567 in.

19 2604 256 2682 convertibilis,
265 2629 322 2695 per
333 2629 366 2671 se
377 2618 490 2695 potens
501 2616 547 2682 et,
558 2616 593 2669 ut
603 2614 709 2670 totum
720 2604 877 2686 dicamus,
888 2610 1062 2681 amantem

15 2715 250 2794 substantialia,
263 2715 330 2782 sola
341 2715 471 2783 inlinitae
482 2715 607 2782 virtutis
622 2717 753 2784 bouum.

267 2883 418 2951 Ejusdem,
431 2903 470 2939 ex
482 2884 580 2941 eodem
595 2883 737 2942 Sermone.
750 2883 797 2940 11.

61 3025 189 3099 Factus
202 3045 280 3113 ergo
292 3022 446 3090 veraciter
458 3023 634 3090 secundum
645 3021 839 3112 Scripturas,
851 3049 917 3094 non
929 3050 1060 3114 conver.

11 3161 76 3208 sua
88 3137 311 3204 universorum
322 3133 408 3201 Deua
418 3134 518 3204 homo
530 3135 597 3201 sinc
610 3143 808 3224 pcccato„ut
822 3137 910 3204 norit
923 3138 992 3229 ipsc
1005 3165 1060 3211 so-

7 3249 85 3326 lua,
98 3268 175 3314 cum
186 3246 226 3312 ait
236 3244 348 3311 artilex
357 3239 509 3310 naturalis
519 3266 631 3326 eorum
642 3266 712 3331 quae
724 3254 799 3310 sunt
809 3267 902 3335 supra
915 3271 1058 3332 sensum,

5 3361 51 3428 in
82 3357 152 3447 ipsa
174 3351 268 3420 simul
293 3351 420 3421 salutari
441 3343 658 3418 incarnatione
677 3352 802 3420 deitatis
822 3377 887 3423 suaa
907 3371 1059 3447 coaptans

6 3466 112 3538 carni
128 3464 360 3554 operationem,
370 3484 437 3528 uon
446 3460 722 3550 circumscriptam
733 3483 769 3526 ca
781 3474 912 3553 propter
922 3489 1059 3538 evacua-

5 3582 157 3652 tionem,
170 3595 231 3642 nec
245 3574 329 3640 sicut
344 3595 384 3638 ex
402 3570 518 3638 deitate
536 3594 606 3647 sua,
624 3571 666 3638 ita
687 3582 719 3638 et
735 3594 776 3639 ex
790 3572 1058 3662 ipsanaturaliter

5 3685 195 3776 cognitum,
209 3682 266 3750 sed
281 3682 313 3748 iu
326 3681 579 3769 quibuscumque
591 3681 774 3748 incarnatus
786 3682 898 3750 deifica
908 3702 1058 3776 optatus

5 3811 81 3876 est,
93 3820 152 3886 por
166 3796 267 3885 ipsam
280 3791 482 3860 declaratam.
499 3791 570 3858 Non
581 3791 668 3857 enim
679 3814 753 3858 caro
764 3791 847 3860 sucta
862 3805 909 3876 est
925 3820 984 3886 per
997 3823 1058 3868 na.

5 3924 127 3978 turam
143 3905 241 3972 deitas
252 3901 402 3971 translata
415 3913 541 3976 natura,
557 3901 638 3969 sacta
652 3899 797 3970 videlicet
808 3906 985 3976 secuudum
997 3932 1058 3978 ua-

882 4016 932 4083 28.

1163 2317 1185 2360 b
