2614 4628
33 390 40 422 1
476 346 639 392 ocultius.
1014 345 1070 391 tot

23 479 112 533 ratur.
127 465 175 533 lta
188 465 292 554 signo
309 464 420 534 crucis
435 480 490 534 aut
505 467 585 534 rotio
598 465 749 534 naturalis
765 467 923 543 innititur,
936 479 992 534 aut
1005 489 1077 533 res-

24 589 66 641 tra
81 575 190 664 religio
206 576 396 644 formatur.

72 684 178 752 XXX.
197 682 306 750 lllum
328 673 398 776 jam
414 685 507 754 velina
525 689 707 764 convenire,
724 689 777 776 qui
793 688 908 754 initiari
925 709 983 754 nos
998 688 1076 754 dicit

30 806 82 860 snt
95 795 189 862 credit
210 794 256 860 de
283 796 387 862 caede·
397 797 524 866 infantis
541 811 574 864 et
589 799 752 886 sunguine.
770 797 865 864 Putas
880 821 972 887 possa
987 797 1070 876 lieri,

34 916 69 970 ut
82 915 140 968 tam
153 901 267 981 molle,
285 917 358 970 tam
374 905 540 994 parvulum
555 930 672 997 corpus
687 907 749 972 luta
766 907 933 974 vulnerum
949 892 1069 997 cepisti

37 1023 69 1078 ut
87 1012 248 1102 quisquam
276 1011 378 1080 illurn
403 1016 516 1084 rudem
542 1018 729 1106 sanguinem
752 1015 868 1084 novelli
891 1028 923 1084 et
944 1018 1073 1086 vixdum

39 1124 163 1192 bominis
182 1125 312 1202 cedat,
335 1125 460 1202 fundat,
482 1126 668 1194 exhauriat?
685 1127 785 1194 Nemo
804 1128 868 1196 hoe
886 1140 991 1218 potest
1006 1153 1074 1196 ore·

39 1231 119 1311 dere,
138 1235 194 1302 nisi
215 1237 278 1326 qui
302 1237 407 1324 possit
427 1237 555 1304 audere.
580 1235 644 1304 Vos
666 1239 752 1303 enim
775 1239 866 1304 video
890 1253 1072 1329 procreatos

37 1339 111 1408 lilios
125 1369 212 1412 nnnc
235 1345 322 1412 seris
343 1357 377 1412 et
403 1347 514 1413 avibus
534 1369 705 1438 exponere,
729 1370 816 1414 nunc
842 1347 1072 1437 estrangulatos

32 1451 140 1518 misero
155 1455 276 1520 mortis
293 1477 415 1543 genere
428 1453 555 1522 elidere.
573 1453 656 1522 Sunt
668 1456 781 1542 quaein
796 1455 871 1544 ipsis
882 1456 1068 1532 visceribus,

31 1563 298 1635 medicaminibus
317 1565 433 1654 epotis,
445 1565 598 1655 originem
613 1565 710 1632 futuri
723 1565 861 1632 hominis
873 1566 1070 1654 extinguant,

32 1685 62 1738 et
72 1673 285 1761 parricidium
297 1674 416 1742 saciant
428 1687 598 1762 antequam
609 1675 743 1764 pariant.
763 1673 803 1740 Et
819 1675 889 1743 baec
905 1675 1015 1764 utique
1031 1675 1084 1740 de·
1145 1692 1149 1699 '

36 1783 163 1850 deorum
184 1799 371 1855 vestrorum
390 1784 554 1876 disciplina
576 1785 783 1853 descendunt.
811 1785 891 1854 Num
914 1785 1070 1851 Saturnus

37 1890 115 1958 lilios
131 1917 205 1961 suos
219 1919 286 1962 non
302 1895 461 1985 exposuit,
474 1896 530 1963 scd
540 1898 670 1964 voravit.
687 1895 801 1963 Merito
817 1897 847 1962 ei
863 1897 894 1962 in
910 1887 1073 1961 nonnullis¹

42 2002 156 2070 atrise
169 2007 340 2093 partbuss
357 2007 540 2097 parentibus
554 2007 690 2074 infantes
705 2005 964 2083 immolabantur,
981 2004 1070 2072 blun-
1111 2085 1114 2090 ¹

46 2110 130 2178 ditiis
144 2127 177 2178 et
190 2115 296 2182 osculo
309 2117 537 2207 comprimente
549 2118 701 2206 vagitum,
714 2141 754 2185 ne
769 2115 882 2184 ssebilis
894 2117 996 2183 hostia
1011 2117 1068 2182 im·

46 2221 195 2292 moletur.
216 2223 321 2294 Tauris
332 2228 428 2294 ctiam
448 2227 602 2308 Ponticis,
618 2239 650 2293 et
669 2227 818 2316 AEgyptio
834 2225 970 2292 Busiridi
990 2226 1068 2292 ritus

40 2333 99 2400 suit
113 2335 260 2434 'hospites
280 2336 462 2414 immolare,
485 2348 519 2404 et
538 2336 698 2404 Mercurio
719 2335 826 2424 Gallos
850 2336 1005 2402 humanus
1020 2334 1069 2401 vel

37 2445 223 2514 mbnmanas
239 2447 381 2516 victimas
396 2447 529 2516 caedere.
546 2443 682 2516 Romani
700 2445 849 2512 Graecum
863 2459 895 2512 et
911 2445 1071 2522 Graecarn,

35 2553 160 2620 Gallum
171 2567 205 2622 et
216 2554 342 2624 Gallum
353 2555 517 2624 sacrificiis
528 2555 668 2624 viventes
680 2557 819 2622 obruere
832 2577 839 2619 :
854 2553 1014 2644 hodieque
1028 2557 1067 2620 ub

32 2663 106 2751 ipsis
122 2663 258 2732 Latiaris
280 2664 408 2753 Jupiter
427 2665 600 2734 homicidio
623 2661 739 2731 colitur
746 2689 756 2739 ς
781 2675 813 2730 et
832 2663 919 2753 quod
938 2661 1068 2730 Saturni

34 2771 97 2840 lilio
112 2774 248 2865 dignum
262 2786 324 2850 est,
341 2774 416 2842 mali
431 2787 464 2840 et
479 2774 563 2841 noxii
574 2773 711 2842 hominis
726 2774 878 2863 sanguine
893 2772 1065 2862 saginatur.

34 2883 137 2972 lpsum
161 2885 263 2953 oredo
283 2884 431 2951 docuisse
449 2883 608 2974 sanguinis
628 2883 746 2950 sedero
770 2883 938 2971 conjurare
959 2880 1070 2946 Catili-

35 3016 127 3068 nsm3
142 3007 175 3060 et
191 2992 360 3060 Bellonam
382 3017 509 3062 sacrum
533 3015 628 3060 suum
648 2993 764 3062 haustu
789 2991 920 3061 humani
946 2990 1069 3058 cruoris

34 3102 197 3180 imbuere,
222 3116 256 3168 et
278 3101 474 3170 comitialem
500 3106 648 3175 morbum
680 3103 818 3171 bominis
841 3104 1020 3191 sanguine,-
1038 3100 1071 3167 id

34 3225 77 3278 est
93 3216 208 3282 morbo
225 3213 389 3303 graviore,
402 3235 522 3282 sanare.
539 3214 609 3282 Non
625 3213 790 3284 dissimiles
809 3226 841 3283 et
854 3215 907 3302 qui
920 3213 960 3278 da
972 3235 1067 3278 arens

35 3321 109 3388 leros
124 3323 282 3390 &rorant
293 3321 387 3389 illitas
403 3335 436 3388 et
451 3323 581 3390 infectas
597 3347 724 3398 cruore,
738 3321 787 3390 vcl
799 3322 951 3390 membris
968 3321 1070 3390 homi·

37 3433 80 3498 uis
92 3445 126 3498 et
140 3435 262 3500 viscere
283 3435 452 3523 saginatas.
470 3433 567 3502 Nobis
582 3433 792 3506 homicidium
807 3455 872 3500 nec
887 3432 992 3500 ridere
1008 3431 1065 3506 las.

39 3564 92 3610 nec
108 3545 219 3612 andire
233 3569 242 3610 :
256 3557 448 3633 tantumque
463 3547 503 3611 ab
522 3545 663 3612 humano
682 3545 834 3633 sauguine
852 3566 1012 3624 curemus,
1032 3556 1068 3608 ut

39 3674 92 3720 uec
105 3653 250 3722 edulium
265 3677 423 3745 pecorum
441 3656 474 3720 in
489 3655 567 3722 cibis
583 3655 770 3745 sanguinem
788 3655 977 3720 noverimus.

78 3765 198 3838 xxxi.
218 3767 259 3832 Et
275 3769 316 3834 de
333 3767 455 3836 incesto
470 3769 614 3836 convivio
630 3765 770 3836 fabulum
784 3767 936 3856 grandem
952 3769 1067 3834 adver-

42 3895 103 3940 sum
117 3901 172 3943 nos
187 3877 374 3946 daemonum
389 3879 485 3949 coitio
501 3878 633 3948 mentitu
645 3889 705 3955 est,
718 3888 753 3944 ut
765 3877 895 3967 gloriam
908 3877 1069 3967 pudicitiae

43 3981 178 4056 deformis
193 3989 333 4054 infamiae
345 3989 510 4056 aversione
524 3987 699 4058 macularet
717 4001 774 4055 :ut
789 4001 862 4056 ante
873 3986 1072 4076 exploratam
