2412 4596
310 237 502 284 sraouaruu
524 239 575 282 err
599 239 648 286 ιιι.
939 219 998 284 125

5 369 233 447 praeceptorum
250 357 448 435 obedientie,
465 360 572 428 omme
582 409 592 436 ,
602 384 676 449 que
691 383 749 450 per
762 361 999 450 generationem

5 477 115 541 uitur,
144 465 309 536 manifesta
333 466 429 544 facit,
454 479 487 538 et
502 467 667 538 hominem
692 470 840 547 instruit,
865 482 902 536 ut
921 471 1001 560 seip-

5 597 16 642 ι
32 587 230 664 cognoseat,
245 587 280 642 et
293 597 357 664 qua
370 576 495 644 ratione
506 598 638 666 compos
651 575 720 648 iieri
731 578 850 667 pessit,
867 577 996 646 edocet.

5 683 47 750 nd
66 683 156 750 enim
178 681 289 750 oculus
307 695 356 752 ost
377 684 410 750 in
428 707 581 774 corpore,
604 685 669 756 boc
690 697 740 754 est
758 686 790 752 in
805 697 913 754 mente
926 709 1001 776 cog·

5 811 36 856 n.
60 791 175 878 Neque
191 790 298 862 dicam
313 789 514 868 libertatem,
535 815 600 879 que
617 793 688 884 quis
703 791 856 882 voluptati
878 795 996 872 servit,

5 907 27 966 tt
49 896 95 973 ii,
123 898 179 986 qui
202 895 301 968 bilem
324 897 438 966 dicunt
460 897 599 972 dulcem,
628 900 692 976 Not
716 901 803 970 enim
827 901 999 970 didicimus

5 1015 147 1081 rtuem,
169 1028 232 1093 qua
250 1006 409 1077 Dominus
424 1018 533 1074 noster
554 1030 620 1080 nes,
639 1006 775 1086 liberat,
791 1033 810 1076 a
825 1008 1000 1098 voluptati·
1037 1039 1042 1048 ·

13 1161 24 1188 ,
47 1125 86 1186 et
101 1137 120 1180 e
136 1113 367 1201 cupiditatibus
384 1112 502 1184 stetin
519 1117 832 1204 perturbationibus,
856 1116 989 1186 solvens.

5 1221 47 1302 ‚tui
60 1221 157 1297 dicit,
174 1221 253 1288 Novi
268 1222 443 1292 Dominum
453 1271 464 1299 ,
473 1235 513 1289 et
527 1224 678 1292 mandata
697 1225 767 1312 ejus
780 1247 845 1292 uon
860 1237 992 1304 servat,

5 1329 107 1396 eudax
121 1341 187 1405 est,
198 1342 231 1396 et
242 1329 276 1396 in
288 1352 328 1397 eo
341 1331 456 1401 veritas
468 1355 533 1400 non
547 1331 624 1409 est¹,
641 1360 655 1396 ι
669 1332 712 1400 ait
727 1331 877 1400 Joannes.

5 1437 150 1504 idrersus
171 1449 279 1506 autem
304 1436 439 1507 alterum
454 1461 554 1530 genus
576 1438 823 1518 hereticorum,
844 1442 899 1529 qui
919 1465 993 1530 spe·

5 1567 30 1612 te
44 1567 104 1634 per
115 1545 345 1614 continentiam
358 1546 454 1635 impie
471 1571 504 1614 se
514 1558 648 1636 gerunt,
666 1562 735 1616 tum
749 1549 783 1614 in
794 1561 990 1627 creaturam,

5 1652 61 1718 rin
73 1665 222 1720 sanctum
234 1652 412 1741 Opificem,
427 1655 482 1743 qui
496 1667 545 1722 est
559 1654 644 1722 solus
660 1657 746 1722 Deus
763 1657 987 1746 omnipotenst

5 1760 103 1828 licunt
126 1782 193 1828 non
218 1783 288 1828 esse
306 1761 542 1831 admittendum
561 1763 802 1832 matrimonium
819 1775 853 1830 et
868 1763 992 1832 libero-

5 1891 18 1934 u
32 1869 304 1956 procreationem,
321 1889 382 1936 nec
397 1869 429 1936 in
444 1869 604 1936 mundum
620 1893 688 1936 eme
701 1870 900 1938 inducendos
912 1869 990 1940 elios

5 1974 86 2044 ilices
97 1977 240 2054 iuturus,
261 2000 322 2042 nec
339 1977 609 2065 suppeditandum
627 1979 724 2045 morti
740 1979 989 2060 nutrimentum,

5 2096 96 2154 :sunt
110 2085 300 2173 opponenda
316 2108 324 2150 :
342 2085 486 2152 Primum
501 2085 633 2172 quidem
651 2083 731 2153 illud
746 2085 898 2154 Joannis:
917 2115 930 2150 u
947 2091 989 2156 Et

5 2216 50 2261 nc
72 2192 259 2261 Antichristi
286 2191 379 2260 multi
402 2192 477 2262 sacti
501 2205 594 2268 sunt,
620 2194 705 2260 unde
731 2194 869 2272 scimus,
901 2197 989 2284 quod

5 2303 133 2370 »sissima
150 2299 229 2369 bora
246 2313 306 2366 est.
331 2303 378 2368 Ex
392 2301 483 2368 nobis
498 2302 663 2380 renerent,
687 2298 824 2370 sednon
843 2316 934 2372 erent
949 2324 989 2376 ex

6 2411 65 2487 bie.
98 2411 180 2478 Nam
203 2409 379 2478 sifuissent
405 2433 445 2477 ex
467 2410 577 2486 nobis,
605 2409 853 2498 permansissent
879 2412 988 2498 utique

6 2516 182 2588 tiseumt»
201 2516 324 2584 Deinde
339 2529 412 2584 sunt
426 2517 523 2584 etiam
533 2519 712 2594 evertendi,
729 2529 761 2584 et
775 2516 986 2600 dissolvenda,

6 2628 67 2695 tab
91 2627 138 2692 eis
162 2624 355 2701 afferuntur,
379 2622 442 2692 boc
463 2625 563 2692 modo
577 2650 588 2691 ¹:
607 2625 742 2694 Seiomae
757 2625 984 2715 interroganti,

6 2760 87 2823 uque
100 2733 216 2824 rigebit
237 2755 337 2810 mora,
354 2755 419 2801 non
438 2734 528 2820 quasi
551 2734 615 2800 vite
634 2746 718 2800 esset
733 2734 837 2814 malr,
854 2746 887 2802 et
901 2735 985 2806 moia

6 2855 106 2920 uara,
135 2841 304 2918 Dorulaus,
331 2841 549 2928 Quecdusque,
573 2841 690 2928 inquit,
706 2867 756 2910 cos
778 2844 916 2912 mutieres
931 2869 987 2931 pe-

6 2977 28 3028 t,
47 2949 105 3016 sed
129 2949 219 3036 quasi
242 2946 419 3016 naturalem
436 2949 554 3016 docens
575 2952 858 3038 consequentiam:
875 2965 984 3022 ortum

6 3059 173 3134 nomnino
188 3057 331 3143 sequitur
343 3055 499 3122 interitus.
517 3056 595 3124 Vult
610 3081 687 3147 ergo
701 3060 767 3126 Lex
782 3060 912 3148 quidem
926 3085 985 3128 nos

6 3167 92 3237 »liciis
110 3167 265 3254 omnique
280 3167 399 3254 probro
415 3178 448 3232 et
460 3166 617 3232 dedecore
635 3168 785 3234 educere.
810 3171 850 3234 lit
865 3169 919 3236 hic
934 3183 983 3238 est

6 3277 122 3352 .bnis,
150 3287 186 3344 ut
208 3297 268 3340 nos
288 3276 329 3340 ab
351 3275 505 3362 injustitia
525 3276 565 3342 ed
584 3276 739 3364 justitiam
761 3277 958 3344 deducamur
970 3328 982 3368 ,

6 3393 70 3448 esta
85 3377 234 3468 eligendo
246 3378 466 3456 matrimonia,
482 3391 515 3444 et
525 3377 699 3449 liberorum
713 3382 984 3470 procreationem,

6 3511 121 3578 amque
138 3489 209 3554 vitae
225 3486 468 3566 insfltutionem·
483 3487 638 3554 Dominus
654 3500 763 3558 sutem
779 3490 984 3556 pervenitad

7 3597 108 3664 seam
122 3597 251 3684 Legem,
268 3593 320 3662 sed
335 3593 377 3659 ed
393 3594 576 3680 inplendum
595 3595 604 3628 ³
625 3620 635 3659 .·
654 3597 697 3664 ad
715 3595 909 3684 implendum
929 3623 985 3666 au·

11 3757 20 3782 ,
39 3729 105 3772 nen
123 3717 159 3774 ut
172 3703 225 3771 cui
239 3700 360 3792 aliquid
372 3701 514 3780 deesset,
531 3703 587 3768 sed
603 3703 690 3791 quod
700 3705 792 3794 Legis
803 3705 983 3797 prophetiae

7 3851 344 3918 ilcan.n‚4.-'1d.n,
362 3851 719 3922 rt,19.-·Mmu.v,17.
