2532 4608
183 247 246 314 552
501 271 675 318 essumrrs
700 271 914 318 sustinemur

181 391 287 458 reddit
305 413 397 458 snum
417 389 589 470 athletam,
606 393 762 482 inungens
778 395 885 483 ipsum
903 405 937 458 et
952 414 1103 460 exercens
1120 394 1215 462 cbari-

183 513 253 566 tos:
271 499 541 589 quemadmodum
556 501 586 566 ei
604 501 716 566 tribuit
734 503 858 590 justitia
883 514 919 567 nt
935 514 1116 590 portuum
1132 505 1212 570 vitan

184 631 294 674 rerum
313 608 407 674 dicat.
430 610 487 674 Est
501 609 587 676 enim
608 610 737 698 justitie
758 610 992 700 compendium
1013 611 1141 676 dicero:
1157 613 1213 678 Eri

185 717 385 792 restrumltu,
400 715 470 793 Ita,
481 718 608 806 etNoo,
619 717 723 786 Nost
734 719 856 786 Eadem
865 720 1215 810 ratioestetiamtempr·

185 827 304 892 rantiae.
329 825 437 914 Neque
464 827 552 892 enim
577 837 709 916 propter
733 827 866 894 honoris
891 829 1130 917 cupiditatem,
1151 831 1214 896 sius

186 933 310 1002 athletae
324 946 455 1024 propter
473 957 607 1003 coronas
622 947 654 1002 et
667 934 826 1025 gloriam:
846 960 957 1024 neque
980 961 1094 1002 rursus
1108 951 1214 1028 propter

185 1043 328 1134 pecuniae
343 1043 571 1132 cupiditatem,
584 1056 620 1108 ut
635 1043 780 1110 nonnulli
794 1067 862 1133 pree
879 1069 914 1110 se
931 1045 1047 1110 lerunt
1062 1057 1213 1136 temperas

186 1153 287 1229 tiam,
310 1153 397 1242 gravi
417 1153 494 1219 vitio
516 1151 557 1220 ad
578 1155 700 1220 bonum
720 1154 992 1243 persequendum
1012 1154 1146 1244 impulsi.
1166 1157 1210 1222 set

187 1285 291 1350 neque
313 1262 368 1352 qui
389 1274 520 1352 propter
541 1263 683 1351 corporis
702 1263 752 1328 sui
774 1285 925 1330 amorem
949 1265 1098 1330 sanitatis
1117 1266 1207 1354 gratis.

188 1394 291 1458 neque
305 1371 359 1459 qui
374 1383 504 1461 propter
519 1372 726 1438 rusticitatem
738 1384 787 1438 est
799 1371 1000 1447 continens,
1016 1385 1120 1438 etnon
1131 1385 1206 1460 gnta

188 1477 383 1569 voluptates,
400 1477 482 1544 ullus
494 1503 568 1546 rere
583 1492 632 1544 est
644 1492 836 1569 temperans.
856 1481 961 1546 Certe
980 1503 1061 1547 cum
1077 1481 1155 1547 send
1165 1505 1204 1546 ro-
1264 1473 1265 1536 Ῐ

192 1587 326 1678 luptates
341 1588 534 1676 gustaverint
553 1590 607 1676 qui
622 1587 784 1656 laboribus
800 1589 901 1656 sitam
918 1602 1057 1664 terunt,
1070 1592 1197 1657 emblem*
1265 1662 1266 1667 γ

190 1699 242 1764 tiae
256 1697 404 1764 inflexam
415 1697 565 1764 duritiem
575 1697 750 1787 infringunt
763 1699 804 1765 ad
816 1697 1022 1788 voluptates.
1037 1698 1103 1766 lle
1113 1711 1190 1764 auen
1265 1692 1266 1695 ¹

193 1817 271 1872 sunt
283 1807 304 1872 ii
319 1829 445 1894 quoquo
461 1805 516 1894 qui
530 1804 599 1895 lege
610 1818 643 1872 et
655 1818 744 1872 metu
762 1807 988 1896 probibentur
1004 1833 1013 1873 :
1035 1809 1088 1896 qui
1100 1808 1193 1872 drou-
1264 1831 1265 1888 y

192 1917 314 1984 sionem
335 1915 420 1982 nacti
440 1914 559 1981 suerint
581 1915 690 1982 lurtim
712 1913 816 2005 legem
839 1918 1136 2006 transgrediuntur,
1155 1937 1202 2004 qm
1264 1919 1265 2004 g

192 2023 324 2092 honesta
351 2035 425 2090 sunt
449 2024 614 2112 fugientes.
641 2024 723 2105 Quae
742 2035 791 2090 est
813 2037 924 2092 autem
946 2038 1086 2115 propter
1103 2027 1207 2112 seipse
1264 2023 1265 2086 i

192 2132 367 2222 expetenda
378 2132 607 2221 temperantia,
622 2143 657 2198 ut
668 2156 737 2221 quse
748 2157 806 2222 pcr
818 2134 1046 2222 cognitionem
1060 2134 1209 2222 perlidatn
1264 2173 1265 2198 r

192 2253 225 2306 et
240 2263 365 2329 semper
380 2253 526 2320 maneat,
542 2239 708 2308 dominum
719 2255 752 2308 et
766 2242 1000 2331 imperatorem
1021 2242 1118 2308 efficit
1130 2240 1212 2308 boni-

193 2371 287 2426 num,
301 2362 337 2415 ut
348 2350 388 2415 sit
403 2362 582 2438 temperans
594 2349 619 2415 is
635 2349 689 2437 qui
701 2362 748 2416 est
761 2351 933 2434 Gnosticus
943 2401 955 2428 ,
967 2364 1075 2418 etneo
1087 2351 1211 2416 alliciatur

194 2455 466 2546 uoluptatibus,
488 2480 550 2523 nec
564 2456 717 2546 liquescat
742 2457 928 2536 doloribus,
950 2460 1041 2524 sicut
1062 2457 1212 2525 ainutada-

193 2579 336 2634 mantem
355 2567 427 2655 igne
446 2565 578 2632 minimo
600 2564 785 2654 liquescere.
811 2567 936 2633 Horum
956 2591 1038 2657 ergo
1057 2591 1156 2640 carus,
1172 2575 1208 2628 or

192 2673 389 2740 sanctissima
404 2686 437 2738 et
450 2673 595 2739 omnium
610 2674 814 2742 scientiarum
829 2676 997 2765 praecipua
1017 2675 1143 2742 charitas.
1157 2674 1210 2737 Por
1264 2685 1265 2704 t

194 2779 317 2849 cultum
331 2781 418 2847 enim
437 2782 506 2870 ejus
525 2782 613 2870 quod
624 2794 674 2847 est
689 2783 848 2872 optimum
868 2795 901 2850 et
914 2783 1212 2856 excellentissimum,

195 2889 281 2978 quod
298 2913 337 2956 ex
355 2890 419 2954 uno
439 2889 658 2956 characterem
677 2891 810 2980 accipit,
823 2891 965 2958 amicum
982 2892 1078 2960 simul
1092 2906 1121 2957 et
1135 2891 1214 2956 lilim

194 2999 292 3066 efficit
309 2997 515 3070 Gnosticum;
537 2999 703 3090 personum
717 3022 825 3066 revera
837 2999 956 3078 uirum,
980 3015 1019 3066 ut
1038 3003 1091 3091 qui
1106 2999 1215 3066 eser&

197 3107 229 3172 in
243 3129 415 3172 murorum
430 3105 528 3172 etatis
538 3105 560 3172 ².
580 3107 763 3188 Quinotium
779 3131 851 3196 quae
861 3110 1006 3175 estcirca
1016 3110 1217 3176 eamdemren

196 3215 364 3283 concordia
378 3227 426 3280 ost
441 3214 606 3280 consensio
622 3237 629 3279 :
650 3215 737 3303 quod
752 3227 860 3282 autom
876 3217 963 3282 idem
979 3229 1047 3294 est,
1066 3241 1162 3283 unum
1174 3227 1216 3282 cst

197 3323 344 3391 Amicitia
359 3321 645 3411 nutemporlicitur
656 3347 715 3412 per
726 3322 990 3402 similitudinem,
1007 3349 1083 3392 oum
1093 3347 1219 3392 commu

196 3432 278 3498 nitas
291 3431 348 3496 situ
363 3429 403 3495 sit
418 3429 451 3494 in
467 3453 541 3495 uno.
564 3430 735 3496 Gnosticus
750 3431 858 3520 igitur,
875 3456 953 3500 cum
975 3433 1085 3524 diligat
1097 3431 1220 3519 campi

198 3561 271 3606 vere
290 3550 337 3604 est
355 3561 437 3603 unus
451 3538 555 3614 Deus,
573 3549 605 3604 et
616 3538 663 3604 vir
680 3550 726 3604 est
744 3563 815 3606 vere
830 3541 1015 3628 perfectus,
1037 3555 1071 3608 et
1087 3543 1146 3610 Dei
1160 3541 1220 3608 sni·

199 3670 275 3724 cus,
295 3659 327 3712 et
349 3645 456 3713 insilii
478 3645 586 3713 locum
601 3659 790 3736 cooptatus:
815 3647 886 3714 haec
908 3651 999 3716 onim
1016 3665 1093 3718 sunt
1114 3651 1219 3717 nonin

198 3753 370 3822 nobilitatis
393 3767 425 3821 et
449 3755 653 3845 cognitionis,
675 3767 708 3821 et
732 3755 937 3844 perfectionis
959 3761 995 3828 in
1020 3761 1082 3828 Dei
1104 3760 1218 3828 risiom

240 3889 248 3916 ¹
262 3891 352 3946 Maron.
369 3913 395 3960 v,
409 3895 452 3964 37.
461 3899 514 3948 Jse.
526 3913 551 3961 r,
564 3895 763 3963 12.·-'Ephes.
775 3913 816 3961 rr,
832 3900 872 3948 13.
