2478 4594
147 230 210 302 ⁵86
464 245 636 302 cucusum
661 255 871 305 smxsrnmsr

138 378 267 468 utrique.
280 373 393 446 enimse
404 374 540 444 sormam
549 388 584 444 et
598 375 819 444 merocmrem
831 378 1002 452 tribuunt,
1017 399 1059 443 es
1072 379 1167 466 quib

139 509 202 552 uns
224 481 354 576 quidem
374 487 576 576 cognoscitur
592 509 661 552 esse
682 485 877 578 glorificata,
894 484 999 554 altere
1016 509 1092 552 vcro
1109 510 1170 554 ese

140 595 299 662 demente.
314 593 409 660 Certe
421 593 502 660 sicut
513 617 553 660 ex
563 594 626 662 vin
638 595 726 684 juste
742 607 833 671 ecta,
849 606 936 662 etex
949 618 990 660 ee
1002 617 1074 684 qne
1087 598 1172 662 coni-

139 714 252 768 neuter
272 702 301 766 ei
326 700 545 770 intercedebat
567 725 643 768 cum
663 702 733 770 Deo
754 700 907 792 loquente
936 704 1171 780 consuetudin,

138 809 232 876 llosis
253 807 353 876 vultui
371 809 528 879 insidebat
549 808 726 900 glorificate
741 811 887 900 quedem
906 808 1030 876 coleris
1048 812 1171 902 spen'es.

138 907 182 984 ita
194 917 289 984 etiem
299 918 393 1006 justae
404 917 517 986 nnimae
530 913 635 986 divine
645 919 792 1007 qtraedem
802 920 849 984 ris
862 919 1023 986 boninus
1038 919 1173 988 inim

135 1033 195 1116 'per
218 1026 468 1115 inspectionem,
493 1026 718 1116 prophetiam..
742 1039 776 1094 et
801 1025 1086 1109 administrantem
1111 1030 1173 1104 rin,

138 1134 226 1224 qussi
254 1133 333 1200 rodii
360 1131 598 1216 intellectualis,
627 1135 761 1226 perinde
786 1149 884 1224 ntque
916 1129 1041 1226 colons
1061 1136 1172 1218 snlsr‘s,

138 1241 291 1334 quiddam
305 1243 461 1332 imprimit
476 1245 685 1333 conspicuum
699 1245 831 1332 justitiae
839 1243 1172 1335 signacsdum‚.lucen

139 1350 253 1418 animo
272 1351 395 1420 unitam
412 1373 470 1442 per
492 1348 679 1440 charitatem
694 1351 904 1430 continuem,
923 1378 1003 1444 quae
1017 1355 1114 1422 Deum
1126 1355 1170 1422 lut

139 1469 173 1526 et
198 1458 300 1526 nDco
321 1457 432 1526 fertur.
457 1459 541 1526 Hinc
557 1481 627 1548 que
648 1460 808 1530 Servatori
827 1461 902 1529 Deo
928 1461 972 1528 fit
992 1462 1167 1538 annuato.

139 1567 281 1632 exoritur
298 1565 473 1646 Gnostico‚
488 1566 689 1658 quiquidem
706 1571 804 1652 evssit
822 1570 1025 1658 perlectus,
1042 1586 1164 1660 quotu

139 1663 215 1746 licet
225 1675 373 1745 humone
387 1683 530 1754 nature,
542 1675 621 1744 sicut
632 1689 731 1763 peter,
748 1677 875 1766 lnquit,
892 1678 951 1766 qui
969 1691 1018 1746 est
1033 1678 1059 1745 is
1071 1680 1156 1746 κάλ’.

186 1783 252 1865 Qui
265 1782 361 1873 ergo²
374 1784 516 1874 primum
529 1784 595 1852 suis
605 1785 805 1876 pensionibus
815 1787 1019 1855 moderatus
1028 1799 1159 1876 cutm

139 1885 283 1959 exercuit
299 1903 332 1957 ut
350 1891 533 1983 impetibilis
553 1894 686 1971 eredat,
702 1905 736 1961 et
756 1895 855 1962 erevit
877 1895 927 1962 nd
947 1896 1161 1964 benelioestim

140 2000 299 2068 Gnosticae
310 2000 512 2090 perfectionis
522 2051 533 2080 ,
544 2013 592 2068 est
603 1999 658 2070 hie
672 1999 801 2092 quidem
812 1999 953 2092 equalis
964 2003 1085 2096 Angelis
1092 2031 1101 2070 ε
1109 2007 1160 2094 pn

139 2119 248 2176 eutem
261 2106 408 2188 lucidus,
434 2119 468 2176 et
481 2119 634 2198 tunquam
648 2105 922 2200 sol'resplendens
937 2136 1003 2202 per
1017 2113 1155 2182 tudun

140 2215 237 2292 tiam,
261 2217 426 2284 contendit
443 2217 527 2306 juste
547 2218 727 2306 cognitione
741 2240 798 2307 per
818 2219 881 2286 Dei
909 2217 1154 2296 dilectionen.sl

140 2334 283 2390 sanctum
298 2323 516 2402 mensionem.
529 2325 611 2394 sicut
622 2323 806 2415 Apostoli...
822 2326 921 2395 lieet
935 2332 1036 2420 ergo¹
1047 2327 1157 2396 nunoeis

140 2454 290 2524 quoquc,
307 2432 361 2522 qui
376 2453 410 2498 se
432 2432 466 2500 in
489 2432 664 2500 Dominicis
678 2455 851 2501 exercuere
869 2437 1052 2514 mmdass,
1065 2451 1160 2526 αμα·

140 2539 222 2607 lecte
243 2559 280 2608 se
304 2540 453 2608 Gnostiee
477 2539 582 2608 uixere
604 2541 831 2609 convenienter
850 2544 1046 2634 Evangelio,
1068 2543 1158 2612 emili

47 2689 52 2702 ·
139 2647 172 2718 in
187 2671 357 2716 numerum
371 2645 606 2740 Apostolorum.
629 2649 691 2718 llic
705 2662 753 2716 est
767 2671 877 2718 revers
892 2657 1054 2745 pressus
1062 2649 1156 2720 Emit·

140 2755 211 2834 sis,
228 2767 260 2822 et
274 2779 368 2823 verus
386 2757 557 2835 diaeonus,
575 2757 692 2838 idest,
711 2760 857 2826 minister
873 2759 940 2828 Dei
956 2757 1159 2835 volonum

140 2863 234 2932 saciet
248 2876 281 2930 et
296 2865 411 2934 decent
422 2888 492 2954 quse
504 2877 578 2932 sunt
593 2865 743 2948 Domini,
754 2891 821 2934 non
837 2879 875 2934 ut
890 2869 951 2958 qui
970 2867 1162 2938 ordineturslt

139 2969 342 3052 hominihus,
359 2997 463 3064 neque
478 2973 565 3062 quod
579 2973 619 3039 sit
632 2977 800 3064 presbyter
810 2976 921 3065 justus
933 2991 1110 3054 consectum
1120 2973 1162 3042 rod

139 3082 227 3169 quod
242 3082 282 3148 sit
300 3082 403 3172 justus
420 3080 576 3149 reseretur
590 3081 624 3150 in
645 3085 917 3172 presbyteratum.
941 3089 987 3155 Et
1001 3087 1073 3155 licet
1083 3085 1128 3154 hic
1138 3085 1164 3150 iu

139 3189 231 3256 terris
247 3213 312 3258 non
323 3189 419 3256 luerit
436 3190 539 3280 primu
553 3191 629 3257 sede
647 3188 843 3272 honoratus,
860 3192 991 3262 sedebit
1005 3198 1038 3264 in
1052 3208 1165 3286 qmtnu

140 3310 175 3364 et
190 3299 298 3387 viginti
322 3297 444 3366 thmuis
466 3297 621 3388 populum
642 3299 808 3389 judicans,
838 3314 876 3368 ut
897 3303 980 3372 dicit
999 3302 1165 3371 loannesin

141 3405 369 3497 Apocalypsi...
391 3407 471 3474 Nam
488 3405 543 3474 hic
562 3429 688 3498 quoque
707 3409 902 3498 inEcclesis
925 3414 1165 3504 progressiones.

140 3515 382 3606 cpiscoporum,
413 3516 693 3607 presbytororum,
714 3517 930 3593 diaconorum
950 3535 1050 3602 sunt,
1073 3535 1105 3589 ut
1124 3541 1166 3588 er·

181 3689 289 3745 'Mattio
303 3714 333 3752 v.
348 3699 390 3758 lt.

178 3784 255 3853 'Pap
267 3802 329 3856 79²·

34 3883 37 3890 ’
178 3877 405 3944 'hermeus
