2478 4594
153 267 215 332 266
455 289 628 334 clausuras
654 290 877 334 insusurras.

149 420 292 474 montem
308 409 525 497 pervenerint,
547 409 714 476 confusam
729 409 844 476 audi-e
864 429 1007 486 vocem,
1028 431 1095 475 nou
1112 431 1194 478 serae

150 541 247 606 quam
259 518 285 581 si
296 515 393 582 millia
405 517 569 584 hominurn
588 517 709 607 aliquot
719 518 898 586 clamorem
911 519 1054 584 ederent
1065 518 1101 584 in
1112 519 1190 584 acie:

151 625 192 692 ad
210 625 349 692 medium
372 637 480 692 autem
502 627 557 692 ubi
576 639 625 692 est
644 639 854 716 perventum,
876 629 1046 716 majorem
1060 625 1153 690 simul
1166 641 1191 692 rt

151 734 377 800 evidentiorem
390 735 558 823 strepitum
572 735 759 824 percipere:
774 736 905 802 tandem
920 749 1038 802 antem
1050 735 1189 802 audircia

152 843 215 908 line
231 853 380 908 canentes
394 865 522 930 μω,
538 844 669 931 perinde
692 867 730 910 ac
747 845 773 908 si
790 845 951 910 vicissent.
975 842 1133 931 cujusvis
1143 868 1189 908 ae-

150 964 215 1017 tem
226 951 294 1016 soni
306 973 401 1016 causa
409 963 458 1016 est
471 1000 480 1028 ,
498 963 534 1015 ut
544 952 709 1027 existimo,
726 963 759 1016 et
770 950 919 1019 locorum
931 951 1063 1018 laevitas
1074 963 1109 1016 et
1123 974 1189 1018 em»

152 1059 279 1126 caritas.
294 1059 446 1146 Rejectus
458 1060 564 1146 itaque
579 1061 633 1147 qui
649 1061 808 1149 ingressus
823 1073 871 1126 est
885 1060 1024 1149 spiritus
1036 1109 1047 1136 ‚
1061 1059 1096 1126 in
1110 1083 1188 1126 eu}

150 1168 224 1234 dem
240 1166 349 1234 locum
364 1169 541 1257 procedens
551 1219 561 1244 ‚
572 1181 663 1236 sonat
677 1169 908 1234 vehementius.
923 1171 968 1234 Et
978 1168 1056 1235 hae
1071 1169 1186 1256 quiden

149 1275 192 1340 ita
204 1299 237 1342 se
248 1275 379 1342 hahent.
390 1276 476 1342 Deus
488 1288 594 1342 autem
609 1277 810 1364 omnipotens
818 1325 831 1352 ,
846 1276 907 1342 etsi
922 1273 1008 1340 nihil
1023 1275 1069 1340 sit
1082 1276 1187 1340 eisnb-

147 1384 291 1472 jectum‚
310 1395 416 1472 potest
435 1407 547 1450 vocem
563 1396 597 1449 et
618 1385 771 1452 visionem
791 1383 903 1450 auditu
927 1383 1136 1472 ingonem,
1156 1395 1184 1448 d

148 1516 240 1558 suam
256 1491 399 1558 indicans
413 1494 632 1580 majestatem,
650 1505 765 1581 praeter
781 1490 963 1558 naturalem
979 1491 1181 1578 eonffiquand

148 1601 314 1675 ordinem,
337 1600 378 1666 ad
401 1601 648 1668 convertendam
663 1625 735 1668 eam
750 1623 821 1688 quae
836 1600 987 1666 nondum
1010 1599 1111 1666 eredit
1123 1599 1178 1664 mi·

148 1735 255 1788 mam,
280 1722 314 1776 ut
329 1710 463 1798 accipiat
481 1710 514 1776 id
536 1711 623 1799 quod
643 1711 737 1776 datur
759 1721 969 1799 praeceptum,
989 1709 1076 1774 Cum
1088 1719 1171 1772 aum

150 1831 232 1886 esset
244 1821 343 1886 nubes
355 1830 388 1884 et
398 1841 491 1886 mona
506 1819 607 1897 altus,
620 1841 718 1907 qamre
729 1842 795 1886 nou
806 1831 934 1907 poterat
945 1819 1172 1883 dirersruerau·

152 1927 211 1994 diri
227 1929 367 2004 sonitus,
379 1928 457 1994 dum
472 1951 530 2016 per
545 1940 731 2017 operantem
747 1950 874 1996 eausam
893 1939 1081 1994 moueretur
1097 1927 1174 2014 spiri-

150 2039 226 2102 tus?
238 2039 456 2118 Quamobrem
469 2037 545 2102 dicit
555 2037 653 2103 etiam
663 2036 822 2124 Propheta
835 2060 844 2102 :
856 2063 869 2097 ι
879 2035 1012 2104 Vocem
1022 2039 1172 2102 verberum

148 2169 226 2209 aros
238 2146 394 2222 audiistis,
403 2157 435 2210 et
446 2144 685 2210 similitudinem
697 2167 762 2210 non
775 2145 893 2212 vidistis
907 2143 931 2210 ¹.
944 2173 959 2206 a
974 2144 1061 2212 Vides
1070 2166 1167 2229 quun·

148 2253 321 2320 admodum
349 2277 409 2318 vox
429 2254 616 2330 Dominica,
635 2253 776 2320 Verbum
798 2253 1061 2342 expers-ligura,
1077 2251 1163 2318 Verlu'

147 2363 264 2440 virtus,
277 2362 420 2429 Verbum
432 2363 561 2430 Domini
576 2361 738 2438 lucidum,
754 2361 877 2430 Veritas
895 2387 973 2451 quae
989 2364 1030 2429 dc
1042 2359 1110 2428 escle
1122 2360 1169 2424 da-

147 2495 243 2562 auper
258 2473 299 2538 ad
321 2473 597 2562 congregationem
616 2473 701 2538 venit
723 2469 891 2549 Ecclesiae,
914 2495 977 2561 per
997 2471 1169 2540 lucidnmac
1208 2557 1210 2563 y

146 2583 361 2670 propinquum
376 2583 567 2670 operabatur
581 2581 804 2648 ministerium.

190 2689 256 2755 Sed
270 2702 302 2754 et
318 2688 405 2755 aliud
419 2712 547 2777 quoque
560 2690 756 2757 inveniemus
766 2687 1008 2765 testimouium,
1022 2689 1062 2754 ad
1071 2685 1169 2753 aab

146 2799 318 2874 mnndum,
332 2799 506 2887 quodcum
518 2798 766 2888 prestantissimi
779 2795 965 2886 Philosophi
975 2796 1169 2886 pulcherrim

146 2929 185 2973 cx
201 2908 237 2972 iis
249 2929 319 2996 quaa
335 2919 408 2972 aunt
420 2906 504 2996 apud
515 2929 570 2972 eoa
586 2907 733 2996 dogmata
746 2932 764 2972 a
775 2907 868 2972 nobis
877 2907 1093 2995 sumpserint,
1105 2905 1171 2969 iisse

147 3015 244 3084 veluti
267 3017 387 3104 jactent
410 3027 442 3081 et
461 3014 635 3104 glorientur
653 3040 661 3082 :
683 3037 799 3104 nempe
813 3015 900 3102 quod
918 3038 962 3082 ex
976 3014 1050 3082 aliis
1065 3032 1173 3102 quoqu

147 3124 295 3191 Barbaria
311 3125 456 3212 quadam
469 3101 685 3214 decerpserint
699 3145 769 3211 quae
784 3123 824 3190 ad
840 3145 1098 3211 unamquamque
1108 3141 1172 3186 oru-

147 3235 254 3301 lerunt
269 3245 407 3308 sectum,
420 3233 557 3298 maxime
574 3244 682 3298 autem
696 3256 735 3298 ex
745 3231 920 3322 AEgyptiis,
937 3253 1016 3297 cum
1032 3229 1173 3303 allatu!

148 3343 263 3433 dogma
276 3343 316 3408 de
330 3342 518 3432 migratione
531 3343 644 3409 animae
656 3343 688 3408 in
701 3365 845 3431 corpora.
865 3340 967 3408 Suam
977 3340 1065 3406 enirn
1075 3358 1174 3425 quan-

150 3451 224 3518 ‹lam
241 3475 280 3517 ac
300 3447 492 3539 peculiarem
514 3463 664 3519 exercent
688 3449 827 3539 AEgyptii
845 3446 1093 3535 Philosophiam.
1115 3445 1173 3508 lloe

106 3555 116 3580 ⁸
149 3571 257 3625 autem
268 3559 405 3625 maxime
416 3557 588 3624 ostendunt
600 3581 696 3624 sacrae
710 3581 823 3624 eoram
837 3556 1048 3624 caeremonia.
1066 3553 1172 3620 raons

150 3678 255 3734 autem
267 3667 412 3755 procedit
429 3665 560 3743 Cantor,
578 3689 679 3732 unum
693 3665 822 3754 aliquod
834 3665 971 3734 afferens
984 3687 1024 3730 ex
1038 3657 1172 3751 symtnb

70 3769 74 3778 ’
147 3774 286 3844 llusicae.
309 3776 392 3842 Eum
410 3775 521 3842 dicunt
535 3789 682 3864 oportue
694 3776 838 3864 accipere
850 3765 1170 3842 duoslihroserlibrir

183 3915 273 3968 ‘Deua
287 3933 321 3977 rs,
336 3935 374 3967 η.
