2574 4628
215 201 274 265 soc
520 219 693 268 cnsuaurrs
719 219 926 297 auaxaannrar

210 337 391 402 damonum
405 338 597 402 inveneram
609 337 748 427 pruritus
761 335 846 402 domi
863 358 927 402 suaa
942 334 1127 424 depingunt.
1146 333 1233 401 Adeo
1259 349 1276 435 ᾗ

210 447 296 512 enim
312 446 324 481 ¹
340 446 438 513 dediti
453 446 689 536 sunt-lascivia,
712 459 747 512 ut
761 447 853 536 pictis
868 444 1058 535 quibusdam
1078 441 1231 510 tabellise
1259 438 1276 499 4

210 556 336 624 sublimi
358 556 516 646 suspensis
534 556 688 623 thalamos
711 579 784 623 suos
805 567 931 632 ornent,
952 567 985 620 et
1006 552 1231 644 impudicitiam
1260 570 1276 613 a·

209 691 268 756 pro
289 668 405 755 pietate
419 667 568 734 habeant.
589 665 662 746 Quo
678 665 727 744 lit,
748 667 831 732 utin
850 662 948 732 cubili
963 665 1102 752 jacentes
1117 661 1232 728 nudam
1261 672 1276 720 t

209 775 294 844 illam
307 767 478 854 Venerem,
490 801 560 866 quae
571 777 604 842 in
616 777 769 843 adulterio
782 773 913 843 vinculis
923 771 1231 849 constricta‘dicitur,
1263 758 1276 873 l*

209 909 283 953 suos
304 887 389 953 inter
414 885 597 978 complexus
620 887 799 976 respiciant.
826 883 1010 965 Quinetiam
1034 879 1233 948 libidinosam
1261 890 1276 991 p

208 997 295 1064 illam
306 1019 397 1064 avem
411 997 531 1065 Ledam
545 996 827 1066 circumvolantem
838 997 872 1062 in
886 992 1075 1062 annulorum
1091 989 1169 1080 palis
1183 989 1232 1056 de
1257 1000 1276 1077 t

208 1107 362 1196 pingunt,
385 1117 581 1195 utunturque
602 1105 708 1200 sigillis
735 1129 805 1194 quae
827 1105 913 1172 lovis
934 1101 1165 1192 impudicitiam
1184 1122 1232 1165 re·

208 1227 417 1306 presentant3
435 1239 496 1282 nec
516 1213 610 1282 aliam
628 1217 669 1281 ob
687 1238 815 1283 causam
829 1212 1013 1305 hujusmodi
1034 1213 1175 1302 picturas
1189 1234 1231 1276 re-

209 1326 345 1416 cipiunt,
367 1346 463 1414 quam
479 1325 565 1414 quod
586 1325 787 1392 effeminatae
803 1326 866 1390 sint
885 1335 980 1412 atque
996 1323 1141 1413 impuras.
1162 1321 1230 1386 Hac

209 1445 284 1500 sunt
310 1432 494 1522 voluptariae
516 1445 627 1500 vestre
649 1457 688 1502 ac
710 1433 852 1502 delicata
874 1434 945 1500 vitae
965 1416 1182 1520 exemplaria:
1201 1428 1229 1494 bi
1274 1473 1276 1480 ‹

209 1543 304 1609 vestri
322 1565 497 1618 sermones,
516 1543 631 1630 quibus
654 1541 861 1632 petulantiam
878 1541 984 1608 divino
998 1541 1123 1608 bonore
1137 1538 1230 1606 affici·
1275 1607 1276 1610 ,

208 1652 250 1720 tis
269 1677 277 1719 ε
297 1653 361 1729 bae,
378 1654 527 1741 denique,
544 1653 677 1720 deorum
693 1653 746 1742 qui
764 1677 826 1721 una
842 1654 1007 1722 vobiscum
1021 1665 1134 1743 stupro
1150 1674 1183 1718 se
1196 1673 1229 1718 ac

208 1763 332 1831 libidini
358 1762 491 1839 dedunt,
513 1763 676 1832 doctrinae.
701 1764 782 1831 Nam
804 1765 891 1850 quod
912 1762 1048 1852 quilibet
1064 1763 1153 1839 oult,
1178 1761 1229 1828 ltoc

207 1874 311 1939 ctiam
329 1873 445 1948 eradit,
464 1884 500 1937 ut
514 1872 557 1938 ait
576 1885 683 1950 orator
698 1871 908 1940 Atheniensis.
932 1872 1093 1938 Caeterum
1109 1869 1231 1960 relique

208 1994 320 2050 vestrae
335 1983 487 2072 imagines
504 1983 684 2072 cujusmodi
699 1983 829 2059 tandem
845 1981 941 2056 sunt?
955 1981 1078 2049 Panisci
1094 1981 1229 2069 quidam,

208 2104 242 2162 ct
261 2092 355 2190 nudae
375 2090 502 2182 puellm,
519 2105 553 2158 et
570 2093 650 2158 ebrii
672 2091 789 2182 Satyri,
810 2105 842 2159 et
859 2102 965 2162 erecta
983 2091 1153 2194 pudendam
1170 2113 1233 2179 qua

208 2202 352 2291 quidem,
369 2200 446 2276 licat
466 2204 509 2269 ob
528 2202 693 2276 libidinem
711 2202 900 2293 reprehendi
920 2214 1116 2278 mereantur,
1133 2213 1233 2266 tamen

207 2313 241 2388 in
256 2311 379 2380 tabellis
394 2312 480 2389 nuda
494 2312 622 2403 depingi
637 2312 749 2385 soleat.
766 2312 949 2400 Quinetiam
960 2312 1123 2386 universas
1134 2310 1233 2399 impu-

208 2421 324 2488 dicitiae
348 2421 466 2512 ligures
493 2434 600 2510 aperte
623 2423 795 2512 descriptas
819 2419 990 2511 publicitus
1012 2420 1131 2493 intueri
1155 2419 1233 2489 haud

209 2530 408 2604 erubescitis,
423 2528 479 2595 sed
500 2554 664 2620 suspensas
677 2555 715 2598 eo
727 2529 906 2620 diligentius
923 2529 1104 2603 asservatis
1122 2528 1232 2618 quippe

209 2641 263 2730 qui
277 2636 363 2706 velut
374 2639 508 2705 deorum
517 2639 681 2729 imagines,
693 2640 750 2706 has
762 2639 966 2733 impudicitiae
978 2636 1233 2710 columnasdomi

208 2749 400 2822 consecretis
407 2772 417 2824 ς
437 2771 498 2825 nec
517 2749 623 2815 minus
649 2747 782 2821 sollicite
804 2747 983 2820 Philaenidis
1005 2759 1233 2837 motus,‚quam

207 2857 353 2936 Herculis
368 2857 493 2936 labores
509 2860 625 2926 emetis
640 2858 865 2950 depingendos.
885 2857 1031 2937 Quarum
1047 2882 1158 2924 rerum
1176 2880 1233 2926 non

208 2968 305 3036 modo
328 2990 434 3045 usum,
450 2968 506 3042 sed
524 2969 622 3044 etium
642 2981 807 3058 aspectum
822 2981 854 3034 et
878 2969 1076 3044 auditionem
1091 2991 1161 3035 esse
1174 2970 1234 3058 jam

207 3078 333 3167 penitus
349 3076 572 3159 oblitteranda,
588 3090 620 3145 et
635 3080 796 3152 memoriae
815 3078 981 3149 eximenda
996 3081 1230 3156 annuntiamus.

207 3185 363 3252 Scortatae
373 3199 446 3252 sunt
458 3210 549 3255 aures
560 3199 684 3266 vestrae,
694 3187 779 3280 oculi
787 3212 913 3278 quoque
925 3202 1070 3277 stuprum
1079 3189 1232 3266 lecerunt,

208 3305 241 3360 et
256 3295 342 3383 quod
356 3296 454 3385 magis
470 3296 648 3382 inauditum
663 3310 724 3373 est,
741 3298 799 3387 ipsi
812 3296 916 3364 vultus
934 3309 1007 3368 ante
1029 3302 1234 3366 concubitum

210 3404 441 3478 commiserunt
461 3404 663 3476 adulterium.
688 3407 718 3474 0
738 3408 793 3496 qui
808 3408 955 3474 humane
971 3418 1094 3476 naturae
1114 3411 1177 3475 rim
1191 3410 1234 3475 in·

209 3510 335 3590 tulistis,
359 3526 393 3580 et
406 3513 493 3603 quod
511 3513 544 3580 in
563 3512 615 3580 illa
632 3527 776 3582 creatura
793 3515 963 3582 divinitatis
984 3515 1066 3582 inest
1089 3516 1234 3583 dedecori

209 3631 303 3709 atque
314 3623 445 3710 probro,
463 3621 557 3689 veluti
571 3624 725 3712 primitias
737 3624 901 3712 quasdam,
915 3620 1092 3690 obtulistis!
1106 3624 1232 3691 Prorsus

207 3728 364 3806 increduli
383 3733 472 3813 estis,
490 3743 526 3799 ut
536 3732 701 3802 affectibus
719 3735 827 3805 vestris
845 3733 1081 3825 obsequamini3
1097 3747 1130 3802 et
1144 3735 1233 3804 simu·

243 3857 328 3909 ’vide
338 3855 371 3908 D.
385 3857 496 3920 Gnidon,
508 3875 534 3926 p.
548 3861 604 3912 aaz.
691 3899 694 3908 .
