<?xml version="1.0" encoding="UTF-8"?>
<!DOCTYPE html PUBLIC "-//W3C//DTD XHTML 1.0 Transitional//EN"
    "http://www.w3.org/TR/xhtml1/DTD/xhtml1-transitional.dtd">
<html xmlns="http://www.w3.org/1999/xhtml" xml:lang="en" lang="en">
 <head>
  <title>
</title>
<meta http-equiv="Content-Type" content="text/html;charset=utf-8" />
  <meta name='ocr-system' content='tesseract 3.04.00' />
  <meta name='ocr-capabilities' content='ocr_page ocr_carea ocr_par ocr_line ocrx_word'/>
</head>
<body>
  <div class='ocr_page' id='page_1' title='image "./collectioselect00guilgoog_0343.png"; bbox 0 0 2522 4608; ppageno 0'>
   <div class='ocr_carea' id='block_1_1' title="bbox 338 275 1030 366">
    <p class='ocr_par' dir='ltr' id='par_1_1' title="bbox 338 275 1030 366">
     <span class='ocr_line' id='line_1_1' title="bbox 338 275 1030 366; baseline -0.003 -23"><span class='ocrx_word' id='word_1_1' title='bbox 338 299 539 352; x_wconf 71' lang='lat' dir='ltr'>ranaooous,</span> <span class='ocrx_word' id='word_1_2' title='bbox 562 299 622 342; x_wconf 78' lang='lat' dir='ltr'>nra.</span> <span class='ocrx_word' id='word_1_3' title='bbox 651 300 684 341; x_wconf 89' lang='grc' dir='ltr'>ιι.</span> <span class='ocrx_word' id='word_1_4' title='bbox 732 317 736 326; x_wconf 90' lang='lat'>·</span> <span class='ocrx_word' id='word_1_5' title='bbox 968 275 1030 366; x_wconf 75' lang='lat'>557</span> 
     </span>
    </p>
   </div>
   <div class='ocr_carea' id='block_1_2' title="bbox 15 413 1101 3924">
    <p class='ocr_par' dir='ltr' id='par_1_2' title="bbox 30 413 1036 1501">
     <span class='ocr_line' id='line_1_2' title="bbox 35 413 1030 508; baseline -0.004 -22"><span class='ocrx_word' id='word_1_6' title='bbox 35 431 172 508; x_wconf 86' lang='lat' dir='ltr'>unguento</span> <span class='ocrx_word' id='word_1_7' title='bbox 191 443 226 485; x_wconf 84' lang='lat' dir='ltr'>ex</span> <span class='ocrx_word' id='word_1_8' title='bbox 240 415 320 494; x_wconf 84' lang='lat' dir='ltr'>liliis,</span> <span class='ocrx_word' id='word_1_9' title='bbox 339 430 372 483; x_wconf 82' lang='lat' dir='ltr'>et</span> <span class='ocrx_word' id='word_1_10' title='bbox 390 441 408 483; x_wconf 91' lang='lat' dir='ltr'>e</span> <span class='ocrx_word' id='word_1_11' title='bbox 430 439 552 506; x_wconf 86' lang='lat' dir='ltr'>cypro:</span> <span class='ocrx_word' id='word_1_12' title='bbox 566 427 599 482; x_wconf 89' lang='lat' dir='ltr'>et</span> <span class='ocrx_word' id='word_1_13' title='bbox 614 414 732 482; x_wconf 86' lang='lat' dir='ltr'>nardus</span> <span class='ocrx_word' id='word_1_14' title='bbox 752 413 838 503; x_wconf 88' lang='lat' dir='ltr'>apud</span> <span class='ocrx_word' id='word_1_15' title='bbox 858 435 914 480; x_wconf 88' lang='lat' dir='ltr'>eoa</span> <span class='ocrx_word' id='word_1_16' title='bbox 929 427 978 481; x_wconf 90' lang='lat' dir='ltr'>eat</span> <span class='ocrx_word' id='word_1_17' title='bbox 996 416 1030 482; x_wconf 88' lang='lat' dir='ltr'>in</span> 
     </span>
     <span class='ocr_line' id='line_1_3' title="bbox 33 525 1031 618; baseline -0.001 -24"><span class='ocrx_word' id='word_1_18' title='bbox 33 529 149 594; x_wconf 76' lang='lat' dir='ltr'>uanmo</span> <span class='ocrx_word' id='word_1_19' title='bbox 157 529 251 618; x_wconf 89' lang='lat' dir='ltr'>pretio</span> <span class='ocrx_word' id='word_1_20' title='bbox 263 553 272 593; x_wconf 75' lang='lat' dir='ltr'><strong><em>z</em></strong></span> <span class='ocrx_word' id='word_1_21' title='bbox 286 525 485 617; x_wconf 86' lang='lat' dir='ltr'>unguentum</span> <span class='ocrx_word' id='word_1_22' title='bbox 497 547 626 616; x_wconf 86' lang='lat' dir='ltr'>quoquo</span> <span class='ocrx_word' id='word_1_23' title='bbox 636 549 676 592; x_wconf 85' lang='lat' dir='ltr'>ex</span> <span class='ocrx_word' id='word_1_24' title='bbox 686 526 778 603; x_wconf 81' lang='lat' dir='ltr'>rosis,</span> <span class='ocrx_word' id='word_1_25' title='bbox 792 537 825 592; x_wconf 87' lang='lat' dir='ltr'>et</span> <span class='ocrx_word' id='word_1_26' title='bbox 837 526 898 594; x_wconf 88' lang='lat' dir='ltr'>alia</span> <span class='ocrx_word' id='word_1_27' title='bbox 913 527 1031 616; x_wconf 90' lang='lat' dir='ltr'>quibua</span> 
     </span>
     <span class='ocr_line' id='line_1_4' title="bbox 34 631 1032 728; baseline 0 -26"><span class='ocrx_word' id='word_1_28' title='bbox 34 631 145 704; x_wconf 71' lang='lat' dir='ltr'>utuutrb</span> <span class='ocrx_word' id='word_1_29' title='bbox 153 639 303 717; x_wconf 86' lang='lat' dir='ltr'>mulieres,</span> <span class='ocrx_word' id='word_1_30' title='bbox 317 652 351 705; x_wconf 88' lang='lat' dir='ltr'>et</span> <span class='ocrx_word' id='word_1_31' title='bbox 366 637 511 716; x_wconf 89' lang='lat' dir='ltr'>humida,</span> <span class='ocrx_word' id='word_1_32' title='bbox 526 649 560 704; x_wconf 92' lang='lat' dir='ltr'>et</span> <span class='ocrx_word' id='word_1_33' title='bbox 577 639 674 714; x_wconf 83' lang='lat' dir='ltr'>sicca,</span> <span class='ocrx_word' id='word_1_34' title='bbox 689 650 722 703; x_wconf 89' lang='lat' dir='ltr'>et</span> <span class='ocrx_word' id='word_1_35' title='bbox 738 661 808 725; x_wconf 84' lang='lat' dir='ltr'>quae</span> <span class='ocrx_word' id='word_1_36' title='bbox 820 648 1032 728; x_wconf 85' lang='lat' dir='ltr'>asperguntur</span> 
     </span>
     <span class='ocr_line' id='line_1_5' title="bbox 32 748 1032 840; baseline 0 -26"><span class='ocrx_word' id='word_1_37' title='bbox 32 761 180 838; x_wconf 82' lang='lat' dir='ltr'>mguenta,</span> <span class='ocrx_word' id='word_1_38' title='bbox 192 763 223 817; x_wconf 89' lang='lat' dir='ltr'>et</span> <span class='ocrx_word' id='word_1_39' title='bbox 235 752 347 840; x_wconf 91' lang='lat' dir='ltr'>quibus</span> <span class='ocrx_word' id='word_1_40' title='bbox 363 749 445 816; x_wconf 88' lang='lat' dir='ltr'>liunt</span> <span class='ocrx_word' id='word_1_41' title='bbox 460 748 606 814; x_wconf 86' lang='lat' dir='ltr'>sullitus:</span> <span class='ocrx_word' id='word_1_42' title='bbox 622 748 722 814; x_wconf 88' lang='lat' dir='ltr'>indies</span> <span class='ocrx_word' id='word_1_43' title='bbox 737 749 824 814; x_wconf 88' lang='lat' dir='ltr'>enim</span> <span class='ocrx_word' id='word_1_44' title='bbox 838 750 936 816; x_wconf 86' lang='lat' dir='ltr'>abeis</span> <span class='ocrx_word' id='word_1_45' title='bbox 951 769 1032 815; x_wconf 83' lang='lat' dir='ltr'>nora</span> 
     </span>
     <span class='ocr_line' id='line_1_6' title="bbox 30 857 1036 949; baseline 0.004 -25"><span class='ocrx_word' id='word_1_46' title='bbox 30 859 230 948; x_wconf 71' lang='lat' dir='ltr'>mugiuntur,</span> <span class='ocrx_word' id='word_1_47' title='bbox 246 871 280 924; x_wconf 93' lang='lat' dir='ltr'>ut</span> <span class='ocrx_word' id='word_1_48' title='bbox 294 857 474 949; x_wconf 76' lang='lat' dir='ltr'>inexplebili</span> <span class='ocrx_word' id='word_1_49' title='bbox 495 859 662 947; x_wconf 72' lang='lat' dir='ltr'>cupiditati</span> <span class='ocrx_word' id='word_1_50' title='bbox 683 858 840 925; x_wconf 79' lang='lat' dir='ltr'>inl&#39;mitam</span> <span class='ocrx_word' id='word_1_51' title='bbox 862 860 969 928; x_wconf 86' lang='lat' dir='ltr'>odoris</span> <span class='ocrx_word' id='word_1_52' title='bbox 983 885 1036 928; x_wconf 83' lang='lat' dir='ltr'>va·</span> 
     </span>
     <span class='ocr_line' id='line_1_7' title="bbox 32 967 1034 1059; baseline 0.009 -28"><span class='ocrx_word' id='word_1_53' title='bbox 32 967 151 1032; x_wconf 64' lang='lat' dir='ltr'>rientem</span> <span class='ocrx_word' id='word_1_54' title='bbox 164 968 377 1057; x_wconf 83' lang='lat' dir='ltr'>gratificentur</span> <span class='ocrx_word' id='word_1_55' title='bbox 394 991 402 1034; x_wconf 92' lang='lat'><strong>:</strong></span> <span class='ocrx_word' id='word_1_56' title='bbox 420 968 571 1056; x_wconf 74' lang='lat' dir='ltr'>quocirca</span> <span class='ocrx_word' id='word_1_57' title='bbox 587 969 720 1036; x_wconf 83' lang='lat' dir='ltr'>nimiam</span> <span class='ocrx_word' id='word_1_58' title='bbox 731 971 910 1059; x_wconf 77' lang='lat' dir='ltr'>,quamdam</span> <span class='ocrx_word' id='word_1_59' title='bbox 925 971 1034 1040; x_wconf 82' lang='lat' dir='ltr'>decori</span> 
     </span>
     <span class='ocr_line' id='line_1_8' title="bbox 33 1075 1035 1174; baseline 0.008 -32"><span class='ocrx_word' id='word_1_60' title='bbox 33 1075 191 1166; x_wconf 75' lang='lat' dir='ltr'>pulchrique</span> <span class='ocrx_word' id='word_1_61' title='bbox 204 1102 314 1146; x_wconf 90' lang='lat' dir='ltr'>euram</span> <span class='ocrx_word' id='word_1_62' title='bbox 329 1077 484 1146; x_wconf 78' lang='lat' dir='ltr'>redolent.</span> <span class='ocrx_word' id='word_1_63' title='bbox 500 1080 604 1168; x_wconf 81' lang='lat' dir='ltr'>Atque</span> <span class='ocrx_word' id='word_1_64' title='bbox 620 1101 666 1146; x_wconf 82' lang='lat' dir='ltr'>eae</span> <span class='ocrx_word' id='word_1_65' title='bbox 681 1081 812 1174; x_wconf 89' lang='lat' dir='ltr'>quidem</span> <span class='ocrx_word' id='word_1_66' title='bbox 825 1094 858 1148; x_wconf 86' lang='lat' dir='ltr'>et</span> <span class='ocrx_word' id='word_1_67' title='bbox 873 1105 929 1149; x_wconf 88' lang='lat' dir='ltr'>sua</span> <span class='ocrx_word' id='word_1_68' title='bbox 943 1086 1035 1150; x_wconf 85' lang='lat' dir='ltr'>resti·</span> 
     </span>
     <span class='ocr_line' id='line_1_9' title="bbox 33 1189 1034 1284; baseline 0.005 -28"><span class='ocrx_word' id='word_1_69' title='bbox 33 1201 129 1266; x_wconf 85' lang='lat' dir='ltr'>uentu,</span> <span class='ocrx_word' id='word_1_70' title='bbox 143 1201 173 1256; x_wconf 88' lang='lat' dir='ltr'>et</span> <span class='ocrx_word' id='word_1_71' title='bbox 185 1201 284 1257; x_wconf 85' lang='lat' dir='ltr'>vestes</span> <span class='ocrx_word' id='word_1_72' title='bbox 304 1189 472 1280; x_wconf 80' lang='lat' dir='ltr'>stragulae,</span> <span class='ocrx_word' id='word_1_73' title='bbox 494 1191 670 1279; x_wconf 84' lang='lat' dir='ltr'>domosque</span> <span class='ocrx_word' id='word_1_74' title='bbox 692 1215 764 1258; x_wconf 85' lang='lat' dir='ltr'>suas</span> <span class='ocrx_word' id='word_1_75' title='bbox 779 1191 985 1284; x_wconf 79' lang='lat' dir='ltr'>suffumigent</span> <span class='ocrx_word' id='word_1_76' title='bbox 999 1207 1034 1261; x_wconf 88' lang='lat' dir='ltr'>et</span> 
     </span>
     <span class='ocr_line' id='line_1_10' title="bbox 34 1298 1033 1391; baseline 0.005 -26"><span class='ocrx_word' id='word_1_77' title='bbox 34 1313 190 1388; x_wconf 83' lang='lat' dir='ltr'>aspergunt:</span> <span class='ocrx_word' id='word_1_78' title='bbox 199 1313 293 1389; x_wconf 85' lang='lat' dir='ltr'>atque</span> <span class='ocrx_word' id='word_1_79' title='bbox 305 1301 385 1368; x_wconf 89' lang='lat' dir='ltr'>adeo</span> <span class='ocrx_word' id='word_1_80' title='bbox 397 1298 446 1367; x_wconf 82' lang='lat' dir='ltr'>vcl</span> <span class='ocrx_word' id='word_1_81' title='bbox 458 1300 541 1391; x_wconf 84' lang='lat' dir='ltr'>ipsas</span> <span class='ocrx_word' id='word_1_82' title='bbox 552 1300 785 1389; x_wconf 85' lang='lat' dir='ltr'>propemodum</span> <span class='ocrx_word' id='word_1_83' title='bbox 798 1299 932 1369; x_wconf 80' lang='lat' dir='ltr'>matulae</span> <span class='ocrx_word' id='word_1_84' title='bbox 945 1303 1033 1370; x_wconf 85' lang='lat' dir='ltr'>olera</span> 
     </span>
     <span class='ocr_line' id='line_1_11' title="bbox 33 1410 1034 1501; baseline 0.006 -26"><span class='ocrx_word' id='word_1_85' title='bbox 33 1423 129 1498; x_wconf 81' lang='lat' dir='ltr'>coguut</span> <span class='ocrx_word' id='word_1_86' title='bbox 142 1424 334 1501; x_wconf 74' lang='lat' dir='ltr'>unguentum</span> <span class='ocrx_word' id='word_1_87' title='bbox 349 1410 481 1478; x_wconf 82' lang='lat' dir='ltr'>deliciae.</span> <span class='ocrx_word' id='word_1_88' title='bbox 497 1412 717 1491; x_wconf 84' lang='lat' dir='ltr'>Quamobrem</span> <span class='ocrx_word' id='word_1_89' title='bbox 730 1424 817 1478; x_wconf 90' lang='lat' dir='ltr'>reete</span> <span class='ocrx_word' id='word_1_90' title='bbox 832 1412 909 1478; x_wconf 91' lang='lat' dir='ltr'>mibi</span> <span class='ocrx_word' id='word_1_91' title='bbox 925 1412 1034 1482; x_wconf 85' lang='lat' dir='ltr'>riden-</span> 
     </span>
    </p>

    <p class='ocr_par' dir='ltr' id='par_1_3' title="bbox 15 1495 1101 3924">
     <span class='ocr_line' id='line_1_12' title="bbox 36 1495 1101 1609; baseline 0.004 -27"><span class='ocrx_word' id='word_1_92' title='bbox 36 1528 77 1582; x_wconf 86' lang='lat' dir='ltr'>tur</span> <span class='ocrx_word' id='word_1_93' title='bbox 88 1518 228 1595; x_wconf 87' lang='lat' dir='ltr'>nonnulli,</span> <span class='ocrx_word' id='word_1_94' title='bbox 245 1542 321 1586; x_wconf 90' lang='lat' dir='ltr'>cum</span> <span class='ocrx_word' id='word_1_95' title='bbox 337 1543 421 1609; x_wconf 75' lang='lat' dir='ltr'>aegre</span> <span class='ocrx_word' id='word_1_96' title='bbox 435 1518 553 1585; x_wconf 79' lang='lat' dir='ltr'>ferrent</span> <span class='ocrx_word' id='word_1_97' title='bbox 570 1529 693 1584; x_wconf 89' lang='lat' dir='ltr'>tuntum</span> <span class='ocrx_word' id='word_1_98' title='bbox 712 1519 807 1584; x_wconf 89' lang='lat' dir='ltr'>studii</span> <span class='ocrx_word' id='word_1_99' title='bbox 821 1519 856 1585; x_wconf 92' lang='lat' dir='ltr'>in</span> <span class='ocrx_word' id='word_1_100' title='bbox 872 1533 1034 1609; x_wconf 85' lang='lat' dir='ltr'>unguenta</span> <span class='ocrx_word' id='word_1_101' title='bbox 1094 1495 1101 1512; x_wconf 55' lang='lat'><em>⁰</em></span> 
     </span>
     <span class='ocr_line' id='line_1_13' title="bbox 32 1627 1035 1718; baseline 0.005 -25"><span class='ocrx_word' id='word_1_102' title='bbox 32 1629 155 1706; x_wconf 74' lang='lat' dir='ltr'>wnirrri,</span> <span class='ocrx_word' id='word_1_103' title='bbox 170 1636 213 1695; x_wconf 76' lang='lat' dir='ltr'>ut&#39;</span> <span class='ocrx_word' id='word_1_104' title='bbox 224 1628 274 1696; x_wconf 82' lang='lat' dir='ltr'>vel</span> <span class='ocrx_word' id='word_1_105' title='bbox 293 1627 473 1696; x_wconf 85' lang='lat' dir='ltr'>virilitatem</span> <span class='ocrx_word' id='word_1_106' title='bbox 490 1630 590 1718; x_wconf 88' lang='lat' dir='ltr'>ipsam</span> <span class='ocrx_word' id='word_1_107' title='bbox 608 1628 860 1704; x_wconf 84' lang='lat' dir='ltr'>elloeminarent,</span> <span class='ocrx_word' id='word_1_108' title='bbox 871 1643 905 1695; x_wconf 87' lang='lat' dir='ltr'>et</span> <span class='ocrx_word' id='word_1_109' title='bbox 922 1652 1035 1699; x_wconf 86' lang='lat' dir='ltr'>eorum</span> 
     </span>
     <span class='ocr_line' id='line_1_14' title="bbox 32 1735 1036 1828; baseline 0.004 -26"><span class='ocrx_word' id='word_1_110' title='bbox 32 1735 156 1814; x_wconf 70' lang='lat' dir='ltr'>mitras,</span> <span class='ocrx_word' id='word_1_111' title='bbox 171 1759 285 1828; x_wconf 87' lang='lat' dir='ltr'>nempe</span> <span class='ocrx_word' id='word_1_112' title='bbox 300 1737 552 1826; x_wconf 62' lang='lat' dir='ltr'>unguentarios:¹</span> <span class='ocrx_word' id='word_1_113' title='bbox 557 1761 575 1802; x_wconf 90' lang='lat' dir='ltr'>a</span> <span class='ocrx_word' id='word_1_114' title='bbox 589 1738 671 1803; x_wconf 88' lang='lat' dir='ltr'>bene</span> <span class='ocrx_word' id='word_1_115' title='bbox 688 1737 839 1804; x_wconf 85' lang='lat' dir='ltr'>institutis</span> <span class='ocrx_word' id='word_1_116' title='bbox 855 1738 1036 1806; x_wconf 78' lang='lat' dir='ltr'>civitatibus</span> 
     </span>
     <span class='ocr_line' id='line_1_15' title="bbox 29 1842 1037 1935; baseline 0.004 -26"><span class='ocrx_word' id='word_1_117' title='bbox 29 1844 173 1933; x_wconf 62' lang='lat' dir='ltr'>armllere,</span> <span class='ocrx_word' id='word_1_118' title='bbox 197 1855 293 1933; x_wconf 85' lang='lat' dir='ltr'>utque</span> <span class='ocrx_word' id='word_1_119' title='bbox 307 1847 394 1935; x_wconf 82' lang='lat' dir='ltr'>ipsos</span> <span class='ocrx_word' id='word_1_120' title='bbox 415 1845 512 1910; x_wconf 89' lang='lat' dir='ltr'>etiam</span> <span class='ocrx_word' id='word_1_121' title='bbox 528 1842 716 1910; x_wconf 78' lang='lat' dir='ltr'>floridorum</span> <span class='ocrx_word' id='word_1_122' title='bbox 735 1842 881 1911; x_wconf 90' lang='lat' dir='ltr'>lunarum</span> <span class='ocrx_word' id='word_1_123' title='bbox 901 1845 1037 1914; x_wconf 81' lang='lat' dir='ltr'>inlecto-</span> 
     </span>
     <span class='ocr_line' id='line_1_16' title="bbox 31 1953 1038 2043; baseline 0.003 -23"><span class='ocrx_word' id='word_1_124' title='bbox 31 1978 83 2020; x_wconf 85' lang='lat' dir='ltr'>rea.</span> <span class='ocrx_word' id='word_1_125' title='bbox 101 1955 181 2022; x_wconf 84' lang='lat' dir='ltr'>llefaa</span> <span class='ocrx_word' id='word_1_126' title='bbox 191 1967 239 2023; x_wconf 86' lang='lat' dir='ltr'>est</span> <span class='ocrx_word' id='word_1_127' title='bbox 253 1955 341 2021; x_wconf 89' lang='lat' dir='ltr'>enim</span> <span class='ocrx_word' id='word_1_128' title='bbox 357 1953 466 2021; x_wconf 86' lang='lat' dir='ltr'>dolosa</span> <span class='ocrx_word' id='word_1_129' title='bbox 481 1954 668 2020; x_wconf 83' lang='lat' dir='ltr'>vestimenta</span> <span class='ocrx_word' id='word_1_130' title='bbox 684 1966 717 2020; x_wconf 90' lang='lat' dir='ltr'>et</span> <span class='ocrx_word' id='word_1_131' title='bbox 732 1968 894 2043; x_wconf 85' lang='lat' dir='ltr'>unguenta</span> <span class='ocrx_word' id='word_1_132' title='bbox 908 1956 1038 2022; x_wconf 84' lang='lat' dir='ltr'>incivi-</span> 
     </span>
     <span class='ocr_line' id='line_1_17' title="bbox 31 2063 1036 2157; baseline 0.002 -25"><span class='ocrx_word' id='word_1_133' title='bbox 31 2067 251 2134; x_wconf 82' lang='lat' dir='ltr'>tatemreritatia</span> <span class='ocrx_word' id='word_1_134' title='bbox 268 2066 391 2156; x_wconf 75' lang='lat' dir='ltr'>ingredi</span> <span class='ocrx_word' id='word_1_135' title='bbox 407 2089 415 2131; x_wconf 90' lang='lat'><strong>:</strong></span> <span class='ocrx_word' id='word_1_136' title='bbox 429 2075 556 2155; x_wconf 91' lang='lat' dir='ltr'>oportet</span> <span class='ocrx_word' id='word_1_137' title='bbox 568 2072 675 2131; x_wconf 77' lang='lat' dir='ltr'>autem</span> <span class='ocrx_word' id='word_1_138' title='bbox 689 2063 769 2130; x_wconf 84' lang='lat' dir='ltr'>viros</span> <span class='ocrx_word' id='word_1_139' title='bbox 781 2066 814 2131; x_wconf 91' lang='lat' dir='ltr'>in</span> <span class='ocrx_word' id='word_1_140' title='bbox 829 2067 939 2154; x_wconf 91' lang='lat' dir='ltr'>primis</span> <span class='ocrx_word' id='word_1_141' title='bbox 949 2069 1036 2157; x_wconf 89' lang='lat' dir='ltr'>apud</span> 
     </span>
     <span class='ocr_line' id='line_1_18' title="bbox 31 2177 1037 2270; baseline 0 -24"><span class='ocrx_word' id='word_1_142' title='bbox 31 2203 84 2246; x_wconf 86' lang='lat' dir='ltr'>nos</span> <span class='ocrx_word' id='word_1_143' title='bbox 98 2193 237 2270; x_wconf 85' lang='lat' dir='ltr'>unguenta</span> <span class='ocrx_word' id='word_1_144' title='bbox 248 2204 314 2246; x_wconf 94' lang='lat' dir='ltr'>non</span> <span class='ocrx_word' id='word_1_145' title='bbox 325 2177 426 2255; x_wconf 85' lang='lat' dir='ltr'>olere,</span> <span class='ocrx_word' id='word_1_146' title='bbox 442 2179 497 2244; x_wconf 88' lang='lat' dir='ltr'>sed</span> <span class='ocrx_word' id='word_1_147' title='bbox 509 2179 581 2244; x_wconf 83' lang='lat' dir='ltr'>ritae</span> <span class='ocrx_word' id='word_1_148' title='bbox 596 2179 789 2268; x_wconf 70' lang='lat' dir='ltr'>probitatem</span> <span class='ocrx_word' id='word_1_149' title='bbox 801 2201 810 2244; x_wconf 72' lang='grc' dir='ltr'><strong>ε</strong></span> <span class='ocrx_word' id='word_1_150' title='bbox 822 2181 919 2267; x_wconf 86' lang='lat' dir='ltr'>spiret</span> <span class='ocrx_word' id='word_1_151' title='bbox 929 2193 1037 2248; x_wconf 87' lang='lat' dir='ltr'>autem</span> 
     </span>
     <span class='ocr_line' id='line_1_19' title="bbox 31 2286 1039 2379; baseline 0 -24"><span class='ocrx_word' id='word_1_152' title='bbox 31 2289 139 2357; x_wconf 76' lang='lat' dir='ltr'>lumina</span> <span class='ocrx_word' id='word_1_153' title='bbox 153 2289 324 2366; x_wconf 79' lang='lat' dir='ltr'>Christum,</span> <span class='ocrx_word' id='word_1_154' title='bbox 340 2289 395 2379; x_wconf 91' lang='lat' dir='ltr'>qui</span> <span class='ocrx_word' id='word_1_155' title='bbox 408 2301 457 2354; x_wconf 89' lang='lat' dir='ltr'>est</span> <span class='ocrx_word' id='word_1_156' title='bbox 469 2286 582 2378; x_wconf 85' lang='lat' dir='ltr'>regalis</span> <span class='ocrx_word' id='word_1_157' title='bbox 598 2287 718 2359; x_wconf 88' lang='lat' dir='ltr'>unctio,</span> <span class='ocrx_word' id='word_1_158' title='bbox 739 2309 804 2352; x_wconf 89' lang='lat' dir='ltr'>non</span> <span class='ocrx_word' id='word_1_159' title='bbox 823 2301 984 2377; x_wconf 86' lang='lat' dir='ltr'>unguenta</span> <span class='ocrx_word' id='word_1_160' title='bbox 1005 2301 1039 2355; x_wconf 92' lang='lat' dir='ltr'>et</span> 
     </span>
     <span class='ocr_line' id='line_1_20' title="bbox 27 2397 1039 2490; baseline -0.001 -22"><span class='ocrx_word' id='word_1_161' title='bbox 27 2399 199 2490; x_wconf 60' lang='lat' dir='ltr'>&amp;pearata</span> <span class='ocrx_word' id='word_1_162' title='bbox 212 2425 222 2468; x_wconf 80' lang='lat' dir='ltr'>t</span> <span class='ocrx_word' id='word_1_163' title='bbox 234 2401 341 2467; x_wconf 84' lang='lat' dir='ltr'>divina</span> <span class='ocrx_word' id='word_1_164' title='bbox 357 2411 465 2466; x_wconf 89' lang='lat' dir='ltr'>autem</span> <span class='ocrx_word' id='word_1_165' title='bbox 483 2422 609 2487; x_wconf 86' lang='lat' dir='ltr'>semper</span> <span class='ocrx_word' id='word_1_166' title='bbox 630 2408 766 2487; x_wconf 88' lang='lat' dir='ltr'>ungatur</span> <span class='ocrx_word' id='word_1_167' title='bbox 786 2397 948 2487; x_wconf 68' lang='lat' dir='ltr'>pudicitiae</span> <span class='ocrx_word' id='word_1_168' title='bbox 963 2421 1039 2467; x_wconf 83' lang='lat' dir='ltr'>unc·</span> 
     </span>
     <span class='ocr_line' id='line_1_21' title="bbox 15 2507 1040 2598; baseline -0.003 -20"><span class='ocrx_word' id='word_1_169' title='bbox 15 2509 115 2588; x_wconf 71' lang='lat' dir='ltr'>atara,</span> <span class='ocrx_word' id='word_1_170' title='bbox 133 2523 242 2580; x_wconf 85' lang='lat' dir='ltr'>sancto</span> <span class='ocrx_word' id='word_1_171' title='bbox 268 2508 425 2576; x_wconf 88' lang='lat' dir='ltr'>delectata</span> <span class='ocrx_word' id='word_1_172' title='bbox 452 2517 629 2598; x_wconf 89' lang='lat' dir='ltr'>unguento,</span> <span class='ocrx_word' id='word_1_173' title='bbox 651 2529 766 2595; x_wconf 90' lang='lat' dir='ltr'>nempe</span> <span class='ocrx_word' id='word_1_174' title='bbox 792 2507 924 2597; x_wconf 60' lang='lat' dir='ltr'>Spiritu,</span> <span class='ocrx_word' id='word_1_175' title='bbox 947 2509 1040 2576; x_wconf 83' lang='lat' dir='ltr'>Hunc</span> 
     </span>
     <span class='ocr_line' id='line_1_22' title="bbox 25 2599 1038 2709; baseline -0.006 -19"><span class='ocrx_word' id='word_1_176' title='bbox 25 2623 113 2690; x_wconf 71' lang='lat' dir='ltr'>turis</span> <span class='ocrx_word' id='word_1_177' title='bbox 123 2623 230 2690; x_wconf 81' lang='lat' dir='ltr'>odoris</span> <span class='ocrx_word' id='word_1_178' title='bbox 245 2622 430 2688; x_wconf 88' lang='lat' dir='ltr'>unctionem</span> <span class='ocrx_word' id='word_1_179' title='bbox 447 2619 609 2709; x_wconf 81' lang='lat' dir='ltr'>discipulis</span> <span class='ocrx_word' id='word_1_180' title='bbox 627 2599 692 2684; x_wconf 86' lang='lat' dir='ltr'>suis</span> <span class='ocrx_word' id='word_1_181' title='bbox 714 2617 868 2697; x_wconf 73' lang='lat' dir='ltr'>Christus</span> <span class='ocrx_word' id='word_1_182' title='bbox 878 2631 981 2707; x_wconf 90' lang='lat' dir='ltr'>parat,</span> <span class='ocrx_word' id='word_1_183' title='bbox 998 2643 1038 2684; x_wconf 77' lang='lat' dir='ltr'>ex</span> 
     </span>
     <span class='ocr_line' id='line_1_23' title="bbox 23 2730 1039 2820; baseline -0.002 -20"><span class='ocrx_word' id='word_1_184' title='bbox 23 2735 200 2800; x_wconf 69' lang='lat' dir='ltr'>aromatibus</span> <span class='ocrx_word' id='word_1_185' title='bbox 220 2730 412 2820; x_wconf 30' lang='lat' dir='ltr'>caelestibus·</span> <span class='ocrx_word' id='word_1_186' title='bbox 426 2731 489 2797; x_wconf 88' lang='lat' dir='ltr'>boo</span> <span class='ocrx_word' id='word_1_187' title='bbox 510 2743 710 2820; x_wconf 83' lang='lat' dir='ltr'>unguentum</span> <span class='ocrx_word' id='word_1_188' title='bbox 734 2753 938 2819; x_wconf 89' lang='lat' dir='ltr'>componens.</span> <span class='ocrx_word' id='word_1_189' title='bbox 969 2732 1039 2798; x_wconf 87' lang='lat' dir='ltr'>Hoc</span> 
     </span>
     <span class='ocr_line' id='line_1_24' title="bbox 18 2841 1039 2934; baseline -0.003 -23"><span class='ocrx_word' id='word_1_190' title='bbox 18 2855 115 2911; x_wconf 77' lang='lat' dir='ltr'>¹tatem</span> <span class='ocrx_word' id='word_1_191' title='bbox 131 2855 297 2934; x_wconf 86' lang='lat' dir='ltr'>unguento</span> <span class='ocrx_word' id='word_1_192' title='bbox 315 2843 385 2933; x_wconf 86' lang='lat' dir='ltr'>ipse</span> <span class='ocrx_word' id='word_1_193' title='bbox 400 2865 527 2931; x_wconf 87' lang='lat' dir='ltr'>quoque</span> <span class='ocrx_word' id='word_1_194' title='bbox 547 2841 703 2909; x_wconf 85' lang='lat' dir='ltr'>Dominus</span> <span class='ocrx_word' id='word_1_195' title='bbox 720 2843 861 2931; x_wconf 88' lang='lat' dir='ltr'>ungitur,</span> <span class='ocrx_word' id='word_1_196' title='bbox 881 2843 964 2928; x_wconf 85' lang='lat' dir='ltr'>sicut</span> <span class='ocrx_word' id='word_1_197' title='bbox 981 2867 1039 2932; x_wconf 90' lang='lat' dir='ltr'>per</span> 
     </span>
     <span class='ocr_line' id='line_1_25' title="bbox 23 2949 1039 3040; baseline -0.001 -20"><span class='ocrx_word' id='word_1_198' title='bbox 23 2949 111 3020; x_wconf 80' lang='lat' dir='ltr'>llarid</span> <span class='ocrx_word' id='word_1_199' title='bbox 118 2953 258 3020; x_wconf 84' lang='lat' dir='ltr'>declarat</span> <span class='ocrx_word' id='word_1_200' title='bbox 274 2977 281 3018; x_wconf 94' lang='lat'><strong>:</strong></span> <span class='ocrx_word' id='word_1_201' title='bbox 304 2952 501 3040; x_wconf 85' lang='lat' dir='ltr'>«Propterea</span> <span class='ocrx_word' id='word_1_202' title='bbox 512 2949 603 3016; x_wconf 81' lang='lat' dir='ltr'>unxit</span> <span class='ocrx_word' id='word_1_203' title='bbox 614 2964 645 3016; x_wconf 86' lang='lat' dir='ltr'>te</span> <span class='ocrx_word' id='word_1_204' title='bbox 656 2951 755 3027; x_wconf 87' lang='lat' dir='ltr'>Deus,</span> <span class='ocrx_word' id='word_1_205' title='bbox 770 2952 856 3017; x_wconf 87' lang='lat' dir='ltr'>Deus</span> <span class='ocrx_word' id='word_1_206' title='bbox 867 2965 954 3028; x_wconf 88' lang='lat' dir='ltr'>tuus,</span> <span class='ocrx_word' id='word_1_207' title='bbox 967 2952 1039 3019; x_wconf 91' lang='lat' dir='ltr'>oleo</span> 
     </span>
     <span class='ocr_line' id='line_1_26' title="bbox 24 3061 1035 3153; baseline 0.004 -27"><span class='ocrx_word' id='word_1_208' title='bbox 24 3061 150 3131; x_wconf 72' lang='lat' dir='ltr'>alntitite</span> <span class='ocrx_word' id='word_1_209' title='bbox 164 3087 230 3153; x_wconf 73' lang='lat' dir='ltr'>prae</span> <span class='ocrx_word' id='word_1_210' title='bbox 245 3063 451 3152; x_wconf 82' lang='lat' dir='ltr'>participibus</span> <span class='ocrx_word' id='word_1_211' title='bbox 474 3063 547 3127; x_wconf 84' lang='lat' dir='ltr'>tuis.</span> <span class='ocrx_word' id='word_1_212' title='bbox 566 3061 708 3151; x_wconf 81' lang='lat' dir='ltr'>Myrrha,</span> <span class='ocrx_word' id='word_1_213' title='bbox 728 3074 761 3128; x_wconf 87' lang='lat' dir='ltr'>et</span> <span class='ocrx_word' id='word_1_214' title='bbox 776 3075 888 3138; x_wconf 87' lang='lat' dir='ltr'>stacte,</span> <span class='ocrx_word' id='word_1_215' title='bbox 904 3077 937 3128; x_wconf 88' lang='lat' dir='ltr'>et</span> <span class='ocrx_word' id='word_1_216' title='bbox 952 3067 1035 3130; x_wconf 86' lang='lat' dir='ltr'>casia</span> 
     </span>
     <span class='ocr_line' id='line_1_27' title="bbox 26 3171 1042 3241; baseline 0.006 -7"><span class='ocrx_word' id='word_1_217' title='bbox 26 3182 66 3238; x_wconf 76' lang='lat' dir='ltr'>»a</span> <span class='ocrx_word' id='word_1_218' title='bbox 81 3173 271 3241; x_wconf 76' lang='lat' dir='ltr'>vestimentis</span> <span class='ocrx_word' id='word_1_219' title='bbox 285 3171 378 3238; x_wconf 88' lang='lat' dir='ltr'>tuis¹.</span> <span class='ocrx_word' id='word_1_220' title='bbox 394 3171 577 3236; x_wconf 64' lang='lat' dir='ltr'>»Caeterum</span> <span class='ocrx_word' id='word_1_221' title='bbox 588 3195 629 3238; x_wconf 88' lang='lat' dir='ltr'>ne</span> <span class='ocrx_word' id='word_1_222' title='bbox 640 3172 722 3238; x_wconf 83' lang='lat' dir='ltr'>sorte</span> <span class='ocrx_word' id='word_1_223' title='bbox 734 3171 816 3237; x_wconf 90' lang='lat' dir='ltr'>sicut</span> <span class='ocrx_word' id='word_1_224' title='bbox 827 3171 968 3238; x_wconf 86' lang='lat' dir='ltr'>vultures</span> <span class='ocrx_word' id='word_1_225' title='bbox 981 3198 1042 3240; x_wconf 94' lang='lat' dir='ltr'>un-</span> 
     </span>
     <span class='ocr_line' id='line_1_28' title="bbox 21 3281 1042 3372; baseline 0 -22"><span class='ocrx_word' id='word_1_226' title='bbox 21 3296 123 3372; x_wconf 82' lang='lat' dir='ltr'>guenta</span> <span class='ocrx_word' id='word_1_227' title='bbox 132 3285 376 3359; x_wconf 82' lang='lat' dir='ltr'>abhorreamus,</span> <span class='ocrx_word' id='word_1_228' title='bbox 388 3293 443 3347; x_wconf 87' lang='lat' dir='ltr'>aut</span> <span class='ocrx_word' id='word_1_229' title='bbox 460 3282 546 3347; x_wconf 86' lang='lat' dir='ltr'>sicut</span> <span class='ocrx_word' id='word_1_230' title='bbox 555 3282 704 3350; x_wconf 77' lang='lat' dir='ltr'>scarabaei</span> <span class='ocrx_word' id='word_1_231' title='bbox 718 3281 798 3368; x_wconf 90' lang='lat' dir='ltr'>(hos</span> <span class='ocrx_word' id='word_1_232' title='bbox 812 3283 899 3348; x_wconf 89' lang='lat' dir='ltr'>enim</span> <span class='ocrx_word' id='word_1_233' title='bbox 911 3306 1042 3351; x_wconf 87' lang='lat' dir='ltr'>rosaceo</span> 
     </span>
     <span class='ocr_line' id='line_1_29' title="bbox 21 3390 1040 3484; baseline 0.003 -28"><span class='ocrx_word' id='word_1_234' title='bbox 21 3399 170 3484; x_wconf 51' lang='lat' dir='ltr'>‘ungitento</span> <span class='ocrx_word' id='word_1_235' title='bbox 185 3390 347 3459; x_wconf 87' lang='lat' dir='ltr'>delibutos</span> <span class='ocrx_word' id='word_1_236' title='bbox 361 3391 442 3457; x_wconf 93' lang='lat' dir='ltr'>mori</span> <span class='ocrx_word' id='word_1_237' title='bbox 458 3390 581 3480; x_wconf 89' lang='lat' dir='ltr'>aiunt),</span> <span class='ocrx_word' id='word_1_238' title='bbox 596 3413 697 3479; x_wconf 84' lang='lat' dir='ltr'>pauca</span> <span class='ocrx_word' id='word_1_239' title='bbox 715 3390 860 3478; x_wconf 68' lang='lat' dir='ltr'>quaedum</span> <span class='ocrx_word' id='word_1_240' title='bbox 873 3415 912 3456; x_wconf 81' lang='lat' dir='ltr'>ex</span> <span class='ocrx_word' id='word_1_241' title='bbox 923 3392 971 3458; x_wconf 85' lang='lat' dir='ltr'>his</span> <span class='ocrx_word' id='word_1_242' title='bbox 985 3415 1040 3459; x_wconf 91' lang='lat' dir='ltr'>un-</span> 
     </span>
     <span class='ocr_line' id='line_1_30' title="bbox 15 3486 1037 3593; baseline -0.002 -23"><span class='ocrx_word' id='word_1_243' title='bbox 15 3486 133 3592; x_wconf 78' lang='lat' dir='ltr'>guentis</span> <span class='ocrx_word' id='word_1_244' title='bbox 159 3515 236 3570; x_wconf 90' lang='lat' dir='ltr'>aunt</span> <span class='ocrx_word' id='word_1_245' title='bbox 262 3499 406 3592; x_wconf 79' lang='lat' dir='ltr'>eligenda</span> <span class='ocrx_word' id='word_1_246' title='bbox 429 3500 578 3577; x_wconf 86' lang='lat' dir='ltr'>soeminis,</span> <span class='ocrx_word' id='word_1_247' title='bbox 602 3524 672 3590; x_wconf 86' lang='lat' dir='ltr'>quae</span> <span class='ocrx_word' id='word_1_248' title='bbox 695 3501 764 3566; x_wconf 79' lang='lat' dir='ltr'>viro</span> <span class='ocrx_word' id='word_1_249' title='bbox 788 3500 919 3570; x_wconf 88' lang='lat' dir='ltr'>minime</span> <span class='ocrx_word' id='word_1_250' title='bbox 941 3517 1037 3593; x_wconf 90' lang='lat' dir='ltr'>caput</span> 
     </span>
     <span class='ocr_line' id='line_1_31' title="bbox 22 3611 1041 3703; baseline 0 -22"><span class='ocrx_word' id='word_1_251' title='bbox 22 3628 151 3703; x_wconf 76' lang='lat' dir='ltr'>gravent.</span> <span class='ocrx_word' id='word_1_252' title='bbox 176 3613 292 3681; x_wconf 70' lang='lat' dir='ltr'>Nimize</span> <span class='ocrx_word' id='word_1_253' title='bbox 316 3613 404 3678; x_wconf 91' lang='lat' dir='ltr'>enim</span> <span class='ocrx_word' id='word_1_254' title='bbox 425 3623 659 3702; x_wconf 85' lang='lat' dir='ltr'>unguentorum</span> <span class='ocrx_word' id='word_1_255' title='bbox 676 3611 854 3688; x_wconf 84' lang='lat' dir='ltr'>unctiones,</span> <span class='ocrx_word' id='word_1_256' title='bbox 870 3613 954 3700; x_wconf 90' lang='lat' dir='ltr'>justa</span> <span class='ocrx_word' id='word_1_257' title='bbox 972 3625 1041 3703; x_wconf 72' lang='lat' dir='ltr'>quac</span> 
     </span>
     <span class='ocr_line' id='line_1_32' title="bbox 19 3701 1046 3811; baseline 0.006 -25"><span class='ocrx_word' id='word_1_258' title='bbox 19 3719 94 3789; x_wconf 86' lang='lat' dir='ltr'>liunt</span> <span class='ocrx_word' id='word_1_259' title='bbox 107 3722 243 3789; x_wconf 83' lang='lat' dir='ltr'>mortuis</span> <span class='ocrx_word' id='word_1_260' title='bbox 264 3723 368 3811; x_wconf 86' lang='lat' dir='ltr'>potius</span> <span class='ocrx_word' id='word_1_261' title='bbox 384 3744 488 3809; x_wconf 90' lang='lat' dir='ltr'>quam</span> <span class='ocrx_word' id='word_1_262' title='bbox 505 3717 693 3786; x_wconf 78' lang='lat' dir='ltr'>familiarem</span> <span class='ocrx_word' id='word_1_263' title='bbox 713 3720 784 3786; x_wconf 76' lang='lat' dir='ltr'>ritae</span> <span class='ocrx_word' id='word_1_264' title='bbox 803 3720 948 3790; x_wconf 89' lang='lat' dir='ltr'>redolent</span> <span class='ocrx_word' id='word_1_265' title='bbox 968 3701 1046 3792; x_wconf 33' lang='lat' dir='ltr'>con-¹</span> 
     </span>
     <span class='ocr_line' id='line_1_33' title="bbox 18 3830 1044 3924; baseline 0.006 -26"><span class='ocrx_word' id='word_1_266' title='bbox 18 3835 221 3900; x_wconf 83' lang='lat' dir='ltr'>suetudinem.</span> <span class='ocrx_word' id='word_1_267' title='bbox 247 3834 439 3921; x_wconf 83' lang='lat' dir='ltr'>Quanquam</span> <span class='ocrx_word' id='word_1_268' title='bbox 470 3832 573 3920; x_wconf 90' lang='lat' dir='ltr'>ipsum</span> <span class='ocrx_word' id='word_1_269' title='bbox 600 3853 727 3920; x_wconf 91' lang='lat' dir='ltr'>quoquo</span> <span class='ocrx_word' id='word_1_270' title='bbox 751 3830 856 3900; x_wconf 89' lang='lat' dir='ltr'>oleum</span> <span class='ocrx_word' id='word_1_271' title='bbox 878 3835 990 3924; x_wconf 88' lang='lat' dir='ltr'>apibus</span> <span class='ocrx_word' id='word_1_272' title='bbox 1011 3847 1044 3904; x_wconf 88' lang='lat' dir='ltr'>et</span> 
     </span>
    </p>
   </div>
   <div class='ocr_carea' id='block_1_3' title="bbox 46 3974 869 4128">
    <p class='ocr_par' dir='ltr' id='par_1_4' title="bbox 46 3974 869 4128">
     <span class='ocr_line' id='line_1_34' title="bbox 46 3974 276 4038; baseline -0.017 -13"><span class='ocrx_word' id='word_1_273' title='bbox 46 3974 54 4008; x_wconf 83' lang='lat'><strong>¹</strong></span> <span class='ocrx_word' id='word_1_274' title='bbox 68 3975 130 4025; x_wconf 67' lang='lat' dir='ltr'>l‘aal.</span> <span class='ocrx_word' id='word_1_275' title='bbox 142 3990 201 4033; x_wconf 76' lang='lat' dir='ltr'>xer,</span> <span class='ocrx_word' id='word_1_276' title='bbox 213 3993 240 4038; x_wconf 83' lang='lat'>7,</span> <span class='ocrx_word' id='word_1_277' title='bbox 251 3976 276 4024; x_wconf 86' lang='lat'>8.</span> 
     </span>
     <span class='ocr_line' id='line_1_35' title="bbox 190 4083 869 4128; baseline 0.001 -1"><span class='ocrx_word' id='word_1_278' title='bbox 190 4083 240 4128; x_wconf 85' lang='lat' dir='ltr'>lll·</span> <span class='ocrx_word' id='word_1_279' title='bbox 832 4087 869 4128; x_wconf 78' lang='lat'>22</span> 
     </span>
    </p>
   </div>
   <div class='ocr_carea' id='block_1_4' title="bbox 0 0 1268 4608">
    <p class='ocr_par' dir='ltr' id='par_1_5' title="bbox 0 0 1268 4608">
     <span class='ocr_line' id='line_1_36' title="bbox 0 0 1268 4608; baseline 0 0"><span class='ocrx_word' id='word_1_280' title='bbox 0 0 1268 4608; x_wconf 95' lang='lat' dir='ltr'> </span> 
     </span>
    </p>
   </div>
  </div>
 </body>
</html>
