2532 4608
259 259 324 347 578
572 283 744 330 curasan
768 284 962 332 aanaarnrnr

253 403 380 481 Deum,
397 403 423 470 ai
440 417 608 495 propterca
623 405 814 474 imbecillior
830 407 890 472 luit
901 406 975 497 quod
990 405 1172 502 aliquarepm

254 533 289 578 ae
308 511 459 580 obtulerit
479 514 623 604 species,
647 514 853 582 efficiendum
872 528 917 582 est
936 529 966 582 ut
982 517 1032 581 sint
1049 519 1074 582 iu
1089 537 1173 610 ponpa

254 620 375 710 species
386 620 552 690 rationales
567 645 576 688 a
589 623 638 689 sin
650 635 758 690 autem
764 645 856 690 more
867 624 917 712 qui
927 624 1001 713 prins
1009 624 1172 703 invaluitricta

253 727 388 818 vulgaris
402 779 412 806 ,
428 743 464 796 ut
479 731 523 796 eit
537 732 720 822 Scriptura,
740 731 847 799 lactus
862 732 962 807 luerit,
976 729 1110 798 curandum
1122 749 1173 802 eata

253 859 322 904 mos
337 836 381 904 illi
396 839 521 928 penitus
537 839 724 917 aboleatur,
743 853 779 906 et
797 852 835 905 nt
851 839 1174 916 eiectamenta

252 946 366 1014 anima.
384 946 419 1012 Si
434 960 542 1014 autem
559 949 731 1038 pugnantia
746 971 877 1038 quoque
891 947 983 1036 aliqua
993 946 1174 1036 dognuatidtta

249 1053 428 1132 attrahere,
449 1079 488 1122 ea
504 1069 581 1122 sunt
598 1057 827 1135 subducenda,
843 1069 876 1123 et
890 1056 1017 1122 eundum
1028 1057 1173 1144 eatadeap‘

250 1163 356 1249 quieta
367 1162 517 1253 dogmata
532 1165 686 1243 affluunt,
699 1178 732 1231 et
746 1165 865 1234 divinis
877 1165 1077 1256 scripturiseos
1086 1166 1171 1232 incrtat

248 1269 390 1360 quisunt
407 1273 504 1338 rudes
520 1284 553 1339 et
569 1274 707 1364 imperiti
718 1325 728 1352 ,
740 1286 775 1340 et
786 1273 954 1364 strepitum
968 1275 1171 1362 pertineantpa

248 1389 511 1448 testamentorum
535 1383 797 1472 consequentiam
819 1383 867 1448 eis
889 1382 1037 1448 veritatem
1050 1377 1165 1468 erplm

248 1488 334 1567 Sed,
351 1502 387 1554 ut
404 1490 547 1568 videtur,
563 1493 663 1581 magis
680 1490 880 1559 declinamus
895 1491 936 1558 ad
948 1513 984 1556 ea
994 1488 1165 1576 queauttpir

248 1595 340 1675 bilia,
355 1599 478 1665 etiamsi
493 1598 554 1666 sint
570 1599 751 1678 contraria,
768 1622 868 1689 quam
884 1599 925 1665 ad
937 1597 1159 1664 redtatenaatun

244 1701 296 1772 illa
314 1717 438 1774 austera
452 1707 628 1796 gravisque.
650 1706 754 1796 Atque
769 1731 848 1774 cum
864 1707 927 1772 sint
942 1704 1092 1793 quidenna
1102 1699 1154 1764 uim

243 1813 447 1891 affectiones,
462 1815 640 1904 ignoratio,
654 1816 784 1907 opinio,
800 1815 935 1882 scientia
949 1837 957 1879 :
971 1811 1019 1901 qui
1030 1807 1160 1898 inquorum

241 1921 372 2010 quidem
383 1935 568 2000 versantur,
580 1936 654 1990 sunt
665 1935 776 2013 gentes
792 1947 803 1990 a
818 1922 875 2013 qui
887 1934 991 1989 autem
1001 1915 1164 1988 inscientiam

241 2029 408 2099 Ecclesia:
427 2033 481 2120 qui
506 2055 581 2098 tero
602 2033 635 2098 in
656 2031 825 2120 opinione,
844 2030 937 2120 iiqui
951 2021 1164 2095 seetmturlams

242 2137 348 2208 Nihilo
363 2161 440 2228 ergo
458 2141 596 2229 apertius
612 2140 756 2206 ridemus
770 2139 967 2206 affirmantes
980 2157 1028 2201 eoa
1039 2131 1075 2220 qi
1086 2123 1166 2193 null

240 2245 279 2312 iis
291 2268 362 2334 quae
379 2246 504 2325 sciunt,
520 2271 618 2337 quam
632 2247 691 2314 hos
709 2245 749 2312 de
765 2247 804 2314 iis
820 2270 894 2336 quaa
909 2231 1168 2336 opinantusqntti

240 2355 352 2422 netad
368 2355 590 2424 affirmandum
607 2358 727 2443 absque
745 2353 1020 2422 demonstratione.
1035 2347 1066 2415 sa
1080 2337 1167 2430 iltuit

240 2464 344 2531 ricem
361 2463 538 2555 despiciunt
553 2476 585 2531 et
598 2463 749 2540 irrident,
763 2463 866 2551 fitque
882 2473 917 2528 ut
933 2459 1011 2527 idem
1024 2443 1167 2522 sentudllt

240 2573 371 2661 quidem
390 2572 423 2638 in
443 2572 580 2640 marimo
594 2571 716 2639 honore
730 2570 911 2648 habeatur,
930 2572 970 2638 ab
983 2564 1041 2634 aliis
1053 2555 1161 2630 tamt*

119 2713 125 2726 ·
240 2667 506 2748 neturamentiae.
524 2679 620 2768 Atqui
633 2679 801 2748 didicimus
813 2677 903 2746 aliud
914 2675 1034 2767 quidem
1046 2659 1158 2776 estid*

238 2799 325 2866 tem,
338 2811 408 2876 quae
419 2800 467 2854 est
479 2787 679 2855 attribuenda
693 2769 864 2878 gentibus}
880 2785 965 2853 aliud
974 2779 1160 2850 adunamur

239 2920 315 2966 nem
329 2919 399 2986 quae
414 2896 448 2964 in
461 2897 634 2964 heresibus
648 2896 867 2986 preponitur:
883 2893 967 2960 aliud
979 2868 1166 2980 gradituri·

238 3017 276 3071 ut
290 3006 475 3097 proprium,
491 3019 539 3072 ost
557 3003 705 3073 Eccleuae
724 3003 949 3092 assignandum
967 2978 1168 3067 :aliudautmlt

238 3113 359 3191 titiam,
373 3136 442 3203 quae
460 3114 564 3181 danda
580 3127 628 3179 est
645 3135 720 3180 aero
735 3113 901 3179 Gnostico.
920 3095 1170 3200 Quemadmodue

236 3231 303 3286 tem
312 3218 337 3284 si
346 3219 415 3308 quis
427 3217 636 3285 Ischomache
646 3241 680 3284 se
694 3217 817 3283 dederit
829 3211 1045 3282 instituendum
1054 3255 1061 3281 ,
1070 3193 1172 3315 tultis*l

237 3326 432 3417 agricolam:
452 3327 523 3393 etsi
543 3325 705 3415 Lampidi,
723 3335 881 3392 nautam:
899 3336 932 3390 et
947 3316 1111 3388 Charidem,
1122 3315 1173 3384 npt

236 3447 375 3504 ratorem
392 3460 402 3502 ε
418 3447 451 3502 et
471 3435 615 3511 Simoni,
636 3433 799 3522 equitandi
817 3455 951 3522 gnarum
964 3455 972 3496 ι
984 3438 1014 3493 et
1025 3413 1174 3527 Perditis·m

235 3567 354 3636 ponem
369 3569 377 3611 ι
392 3556 425 3610 et
440 3541 580 3610 Grohulo
598 3542 802 3631 opsoniorum
817 3541 1007 3608 conditorem
1020 3540 1065 3598 :et
1075 3511 1172 3630 Arellii·

233 3649 416 3720 saltatorem
431 3677 439 3719 a
454 3664 487 3718 et
505 3653 663 3728 Homero,
687 3657 814 3738 potitam
828 3673 836 3715 ι
850 3661 883 3714 et
898 3640 1054 3738 Pyrrhoni,
1071 3631 1173 3748 mnan

233 3783 305 3829 sum
317 3785 325 3825 :
335 3773 368 3828 et
379 3761 599 3839 Demostheni,
608 3772 764 3828 oratorem
775 3781 784 3828 a
797 3770 830 3826 ct
842 3758 1020 3847 Chrysippo,
1032 3741 1171 3814 ditlfflllm

231 3883 264 3944 ct
279 3868 461 3949 Aristoteli,
479 3869 645 3961 physicum
661 3893 669 3937 a
683 3880 716 3936 et
725 3865 869 3947 Platoni,
888 3859 1079 3957 philosophum
1092 3871 1099 3914 :
1110 3827 1172 3920 itali
