2452 4602
246 275 312 363 59⁴
557 293 731 340 cununrrrs
755 295 967 341 numeremur

248 417 299 482 vix
315 411 395 480 ullus
411 413 498 480 domi
512 413 630 480 luerint
644 416 790 481 reveriti.¹
801 416 883 496 Qnte
905 417 938 481 in
958 414 1085 505 publico
1103 430 1183 484 auten
1198 454 1214 477 s:

245 525 454 615 impudentia,
468 536 603 592 testetur
615 547 685 592 eam
705 549 776 614 quae
791 527 885 592 estin
901 529 1037 593 obscuro
1052 528 1084 593 in
1098 529 1222 596 summli·

246 638 349 704 oentin
362 631 538 702 libidinem.
555 635 618 716 Qui
630 635 761 701 enimin
772 635 937 702 manifeste
945 635 1018 702 solis
1028 635 1100 704 luce
1109 638 1185 704 virun
1208 680 1210 693 ε

250 760 357 837 neget,
373 747 496 813 clerum
508 758 556 812 est
565 769 640 811 eum
655 759 753 812 noctu
764 746 910 812 convinci
921 745 1096 814 mulierem.
1108 776 1119 808 r
1131 747 1183 815 llon
1194 782 1224 802 -=

248 885 262 920 ι
277 859 496 933 autem,diaeit
508 857 611 947 Logor
619 879 678 946 per
686 857 812 934 Mosen,
823 859 975 924 meretrix
984 881 1023 922 ex
1030 857 1144 924 filiabus
1152 857 1222 932 lurdt

250 999 265 1032 ι
279 987 312 1036 et
326 993 392 1035 non
407 969 468 1034 erit
489 980 630 1034 scortum
653 991 693 1033 ex
712 966 785 1034 filiis
808 966 935 1034 lsrael¹.
961 968 1030 1036 »At
1043 969 1097 1057 pix
1109 971 1206 1056 jnvrt‚'
1223 1010 1226 1021 ι

248 1081 384 1170 quiunt:
398 1081 463 1144 imo
483 1103 557 1145 vero
576 1078 651 1146 lacit
675 1090 709 1143 ut
725 1078 795 1166 quis
810 1076 894 1142 mele
918 1077 1034 1144 audiet.
1056 1077 1146 1144 Nemo
1158 1101 1180 1142 rr
1197 1120 1203 1131 ==
1221 1060 1226 1117 ,³

246 1213 332 1255 sance
341 1187 456 1254 mentis
470 1185 564 1252 vellet
578 1200 720 1254 scortum
731 1188 843 1263 videri,
858 1187 918 1253 nisi
929 1210 969 1253 eo
981 1189 1095 1253 morbo
1105 1186 1129 1252 ln
1138 1219 1141 1243 ι
1154 1220 1158 1244 ι
1201 1222 1207 1241 ·,

247 1310 281 1365 et
290 1295 419 1363 studere
436 1307 470 1360 nt
484 1295 617 1385 pulchre
637 1297 740 1386 imago
752 1298 956 1386 vituperetur.
972 1325 984 1357 ι
1003 1297 1038 1364 Si
1056 1321 1109 1363 eos
1124 1299 1186 1362 enin
1216 1298 1224 1329 '³

248 1437 263 1472 s
277 1411 351 1474 sunt
365 1406 468 1473 vuenti
478 1406 655 1472 secundum
665 1408 877 1497 propositum,
885 1407 971 1474 Deus
983 1408 1133 1496 prescivit
1143 1405 1224 1472 oonlr

250 1540 344 1593 »mes
358 1517 488 1606 imagini
502 1517 552 1581 sni
567 1513 698 1592 Filii²‚s
715 1527 846 1606 propter
859 1539 952 1604 quos,
968 1528 1005 1581 ut
1018 1515 1088 1580 vult
1097 1513 1222 1605 Apostnh

248 1630 481 1720 predestinavit
496 1629 643 1705 Beatum,
659 1655 673 1690 r
693 1639 728 1694 ut
743 1631 783 1695 sit
797 1630 863 1718 ipse
878 1630 1110 1718 primogenitus
1123 1631 1148 1694 in
1165 1660 1200 1683 uu

250 1740 427 1805 »frutribus
447 1763 456 1804 :
477 1767 490 1800 ι
505 1737 666 1825 quomodo
688 1761 752 1803 non
767 1750 842 1804 snut
856 1739 944 1827 impii
959 1740 1015 1826 qui
1037 1739 1176 1805 consume
1191 1746 1208 1791 ¹1

253 1852 340 1935 mino
357 1872 472 1938 corpus
494 1850 610 1937 injuria
631 1847 796 1914 afficiunt?
812 1849 849 1914 Ei
864 1862 971 1914 autem
991 1850 1046 1938 qui
1063 1848 1169 1938 pnlcler
1184 1878 1201 1901 ν
1224 1876 1225 1879 ¹

248 1958 336 2038 velit,
357 1961 442 2049 quod
463 1961 564 2041 estin
584 1959 714 2025 bomine
735 1959 988 2049 pulcherrimum
1008 1961 1168 2025 ornundnn
1182 1967 1223 2030 ut.

249 2093 364 2160 nempe
376 2092 479 2144 mens,
491 2092 586 2157 quum
598 2080 723 2157 oportet
735 2069 877 2157 quotidie
889 2067 1107 2158 pulchriorem
1116 2068 1222 2134 eunus

247 2177 392 2250 Vellendi
403 2190 511 2248 nutem
523 2190 598 2246 sunt
608 2203 672 2244 non
682 2177 751 2267 pili,
762 2179 818 2244 sed
829 2179 1029 2267 cupiditates.
1045 2179 1120 2244 Mihi
1129 2201 1183 2243 reru
1197 2216 1198 2229 ι

248 2292 345 2358 uereri
365 2291 451 2357 subit
466 2311 660 2378 mangonum
674 2289 835 2377 pusiones,
852 2290 906 2377 qui
922 2289 963 2354 ad
978 2289 1185 2356 contumeliam
1209 2324 1210 2327 ¹

249 2403 392 2468 tiendum
404 2412 559 2466 ornantur
570 2421 578 2463 ε
591 2411 624 2464 et
638 2410 745 2464 temen
755 2399 874 2486 probro
889 2411 922 2463 et
936 2399 1053 2487 injurie
1067 2422 1151 2465 nona
1165 2428 1185 2454 ν,
1216 2406 1220 2411 ’

249 2509 445 2586 efficiuntur,
458 2506 515 2573 sed
529 2509 617 2596 jussu
633 2505 735 2572 alieno
749 2507 790 2571 nd
805 2517 932 2595 turpem
948 2522 1104 2597 quaestum
1115 2505 1194 2572 miseri

248 2631 376 2686 nentur.
403 2618 468 2699 Qui
491 2630 597 2683 eutem
612 2616 745 2683 libentes
766 2639 803 2680 eu
818 2617 939 2682 fuciunt
954 2617 996 2682 ud
1011 2640 1083 2705 quae
1098 2617 1122 2682 si
1138 2650 1157 2672 νι
1167 2646 1189 2695 ;«
1203 2656 1206 2661 <

248 2742 302 2794 tur
322 2741 425 2794 morte
447 2727 657 2804 vindicarent,
673 2728 697 2793 si
719 2727 778 2794 viri
800 2738 917 2800 essent,
934 2727 1100 2816 quomodo
1120 2750 1172 2792 non
1189 2758 1196 2777 2

249 2839 443 2908 execrandi?
458 2841 501 2907 At
516 2862 603 2906 nune
618 2837 746 2925 quidem
761 2837 822 2903 vita
836 2860 875 2903 eo
895 2838 1052 2928 prooessit
1072 2839 1191 2902 intem

248 2951 310 3025 tiae,
327 2949 498 3016 insultante
518 2962 550 3014 et
568 2947 749 3015 lasciviente
764 2948 953 3034 iniquitute⁸
974 2971 983 3012 ε
1005 2960 1041 3014 et
1059 2945 1192 3037 quidquid
1208 2988 1211 2993 =

248 3061 458 3151 impudicum,
472 3058 622 3125 diffusum
637 3069 685 3122 est
699 3057 732 3122 in
743 3057 935 3134 civitatibus,
949 3058 1059 3146 etjam
1072 3054 1191 3147 prolege

248 3172 353 3240 betur.
373 3170 467 3259 Apud
481 3170 566 3257 ipsos
582 3179 668 3234 stant
682 3168 715 3234 in
729 3167 851 3234 fornice
866 3167 1028 3244 mulieres,
1045 3190 1166 3234 curnem
1184 3196 1196 3213 „
1223 3230 1225 3233 .

248 3281 291 3347 ud
303 3283 457 3372 probrum
472 3278 641 3367 voluptatis
656 3277 871 3345 venundantes
893 3302 901 3343 :
921 3289 953 3343 et
968 3279 1058 3368 pueri
1080 3275 1159 3342 dooti
1176 3306 1199 3327 1¹

249 3413 324 3479 gere
335 3401 494 3464 naturum,
511 3385 658 3453 mulieres
669 3385 830 3452 simulant.
849 3385 965 3453 Omnia
977 3382 1168 3452 immutavitl
1184 3412 1225 3439 ν»

249 3499 413 3565 hominem
438 3499 555 3587 probro
581 3496 686 3562 allecit
706 3521 714 3560 :
737 3494 840 3562 mollis
865 3509 897 3561 et
922 3494 1084 3562 luxuriosa
1123 3577 1126 3587 Ι

196 3613 199 3618 ’
249 3611 360 3697 quaerit
374 3611 492 3688 omnia,
510 3608 615 3676 omniu
638 3607 829 3696 aggreditur,
845 3620 992 3673 naturum
1008 3614 1132 3673 coe'roet
1142 3625 1149 3668 ε
1160 3603 1213 3667 ho

248 3739 305 3783 nes
319 3721 483 3807 putinntur
503 3718 683 3795 muliebria,
700 3730 732 3784 et
746 3717 884 3784 soemiute
898 3730 1012 3806 preter
1029 3728 1169 3785 naturum
1188 3742 1189 3745 ¹

279 3885 289 3919 ¹
302 3889 375 3940 Dent.
390 3907 463 3951 mn,
479 3909 517 3958 17.
527 3918 557 3928 -
567 3889 580 3924 ²
590 3891 664 3940 Rom.
679 3907 735 3950 vrrs,
748 3885 788 3950 ¹8,
802 3905 841 3955 ²9.

279 3967 291 4002 ⁸
304 3965 367 4017 Vide
377 3967 408 4017 D.
420 3967 533 4031 Gnidon,
546 3983 571 4033 p.
587 3966 640 4027 430.
