2452 4602
197 241 259 309 586
506 261 679 308 cnunnrrrrs
702 263 913 308 inexoratum

196 407 294 452 »eam
308 383 428 450 nudam
441 367 595 449 ostonditss
607 383 713 451 Bellos
727 385 825 452 habet
836 386 1083 454 donteei’rideat
1099 412 1206 457 novero

196 509 292 570 rest,
309 505 344 560 ut
363 505 533 584 praesenter
556 492 683 562 videant
698 519 795 585 quam
817 498 858 562 sit
875 498 905 562 oi
925 521 960 565 oa
976 511 1166 567 venustum:
1183 515 1207 566 et

197 607 366 695 »quamvis
380 603 451 670 laeta
468 627 534 672 non
550 605 604 681 sit,
617 615 684 672 toto
704 617 812 675 tamen
827 608 879 674 die
894 609 988 686 ridet,
1008 609 1040 676 in
1058 609 1153 677 labris
1164 613 1207 678 ln-

197 747 211 782 »
226 719 304 784 beno
322 727 453 782 tenuem
472 715 621 803 myrsineo
635 713 797 792 tabellam,
811 729 847 781 ut
861 716 935 784 velit
949 718 1029 785 nolit
1044 743 1084 785 ea
1099 722 1208 787 tanda

197 857 211 892 r
225 839 357 916 cogatur
372 825 533 892 diducere.
546 826 643 891 »llaeo
657 826 699 890 ad
713 825 948 893 dehortaudum
963 829 1105 895 nimium
1119 833 1162 896 aui
1174 853 1209 896 or

195 949 289 1006 natur
299 937 440 1003 studium
451 959 490 1002 ox
500 936 661 1002 mundana
673 934 788 1002 adduxi
800 938 965 1027 sapientia,
975 939 1208 1007 eumvelitomni

196 1048 321 1115 rationo
334 1070 393 1113 nos
408 1067 595 1112 conservare
614 1046 740 1136 Logos:
760 1061 956 1116 morantem
971 1050 1092 1116 divinis
1105 1075 1209 1140 quoquo

198 1157 371 1248 Scripturis
395 1155 428 1222 id
450 1157 602 1221 muniam.
627 1154 715 1222 Solet
736 1170 844 1224 autem
862 1161 917 1248 qui
937 1183 1003 1226 non
1019 1160 1123 1239 latet,
1138 1187 1211 1253 pror

197 1279 247 1332 tor
264 1263 545 1356 reprehensionum
562 1262 702 1330 dedecus
722 1266 879 1332 abstinere
901 1293 918 1332 a
938 1271 1096 1356 peccatis.
1118 1271 1210 1350 Quen·

199 1374 372 1445 admodum
387 1385 494 1439 autem
509 1373 617 1438 manui
635 1372 819 1462 impositum
839 1373 1046 1465 cataplasma,
1066 1391 1100 1443 et
1112 1379 1210 1445 inuncti

198 1485 300 1563 oculi,
322 1481 371 1550 rel
394 1484 461 1574 ipso
482 1495 613 1574 aspectu
637 1486 782 1572 praebent
803 1487 908 1552 morbi
927 1487 1164 1577 suspicionem:
1182 1489 1211 1556 itt

197 1597 261 1663 fuci
271 1647 281 1672 ,
293 1596 455 1670 tincturae,
470 1604 503 1658 et
518 1591 641 1659 colores
658 1591 739 1669 illiti,
759 1595 897 1660 animam
913 1596 1112 1663 intrinsecus
1132 1621 1210 1686 egro·

196 1719 264 1772 tore
279 1704 465 1795 significant.
478 1702 525 1768 Ne
535 1703 576 1768 ad
587 1703 736 1768 alienum
745 1715 852 1770 autem
863 1703 1014 1794 fluvium
1022 1709 1210 1784 aradum,

198 1817 290 1882 nohis
313 1815 425 1880 suadet
439 1813 655 1903 Paedagogus:
677 1837 735 1903 per
756 1814 896 1880 alienum
921 1814 1083 1893 fluvium,
1106 1819 1210 1885 atum

198 2057 309 2103 omnes
325 2034 481 2107 dimanet,
493 2045 526 2099 et
536 2057 594 2122 per
608 2034 819 2099 meretriciam
830 2034 1116 2124 intemperantiam
1130 2039 1212 2104 inan

138 2189 143 2198 ·
195 2147 286 2213 nium
297 2143 492 2234 voluptatem
503 2143 702 2210 effundatur:
714 2171 728 2204 r
740 2145 789 2210 Ab
804 2143 918 2218 aliena,
931 2147 1061 2233 inquit,
1077 2169 1155 2236 aqua
1164 2149 1215 2213 rl*

199 2285 214 2319 ι
229 2256 308 2329 tino.
331 2264 365 2319 et
379 2277 419 2319 ex
433 2252 520 2319 sonte
533 2251 637 2318 alieno
652 2275 693 2317 ne
708 2253 826 2319 biberis
842 2275 851 2318 τ
870 2283 884 2318 r
899 2252 1122 2322 delectationis
1133 2256 1215 2348 sian·

200 2383 271 2433 rum
289 2387 347 2430 nos
368 2362 467 2428 vitare
489 2358 676 2438 admonens,
700 2374 735 2426 ut
751 2389 764 2422 ι
781 2360 875 2452 longo
897 2375 1044 2454 tompore
1069 2367 1214 2432 riramrn:

198 2507 212 2541 ι
229 2476 419 2565 adjiciantur
435 2484 542 2554 autem
559 2470 651 2537 nobie
668 2473 742 2538 anni
759 2473 843 2550 vitm,
861 2473 951 2539 reive
970 2473 1112 2541 alienam
1125 2475 1216 2564 rolm-

198 2599 307 2653 tatem·
319 2609 385 2650 nou
406 2582 607 2656 venantibus,
631 2583 697 2648 sive
711 2582 808 2647 etiam
825 2581 960 2648 haereses
983 2584 1218 2652 deelinantilur

198 2697 297 2763 Porro
311 2694 384 2760 cibo
398 2692 448 2760 vel
460 2693 535 2759 vino
551 2693 644 2788 nimis
661 2691 803 2758 deditum
817 2715 898 2770 esse,
913 2693 972 2759 etsi
985 2693 1050 2759 sint
1061 2691 1221 2786 magnati·

197 2805 253 2882 tia,
265 2827 330 2869 non
348 2814 454 2868 tamen
468 2812 557 2868 tanta
569 2813 722 2891 quantum
735 2814 785 2868 est
799 2801 933 2869 nimium
947 2805 997 2869 sui
1011 2808 1152 2872 ornandi
1164 2815 1221 2870 stu-2

196 2917 294 2984 dium.
308 2913 439 2979 «Mensa
453 2911 558 3002 plena,
575 2924 609 2978 et
629 2913 808 3002 frequentes
827 2913 955 2990 oalioes,
971 2943 986 2978 r
1004 2917 1084 2980 eatis
1100 2927 1173 2982 sunt
1185 2909 1222 2980 d

200 3023 396 3115 implendam
415 3021 609 3112 ingluviem:
632 3035 663 3088 at
682 3024 735 3111 qui
754 3023 839 3098 auri,
855 3045 1022 3113 purpura,
1039 3039 1075 3091 et
1094 3045 1224 3115 gem

198 3159 270 3202 rum
294 3134 392 3234 nimio
414 3131 518 3197 studio
542 3143 704 3204 tenentur,
729 3131 770 3196 iis
791 3154 851 3198 neo
868 3132 955 3220 quod
982 3157 1082 3222 super
1104 3147 1196 3198 terra¹
1223 3188 1226 3193 ,

198 3269 259 3312 neo
275 3242 361 3333 quod
376 3243 434 3309 suh
451 3252 534 3306 terra
545 3251 606 3316 est,
622 3263 737 3306 aurum
751 3241 928 3317 sufficerem
946 3265 1054 3330 neque
1068 3239 1193 3308 maret

198 3357 295 3430 rium,
312 3376 373 3419 nee
387 3376 457 3440 quae
469 3351 508 3416 ab
520 3350 607 3416 ludis
622 3362 655 3416 et
670 3350 871 3441 AEthiopilrus
887 3353 1100 3441 deportantur

199 3467 254 3531 sed
267 3488 329 3530 neo
343 3460 502 3534 Pactolus.
517 3461 699 3550 eujussunt
710 3461 830 3528 lluenta
845 3485 957 3528 aurea:
974 3463 1031 3528 sod
1047 3465 1149 3530 neesi
1172 3495 1177 3515 ν
1194 3494 1198 3517 i

198 3597 309 3640 eorum
322 3573 423 3639 Midas
435 3571 517 3636 sorte
531 3570 679 3645 evaserit,
692 3569 814 3659 implori
825 3572 955 3660 poterit,
968 3572 1025 3637 sod
1038 3572 1142 3638 adhuc
1153 3594 1196 3659 pa

197 3705 255 3772 per
271 3683 343 3756 erit.
360 3681 435 3748 olias
456 3704 532 3770 opes
550 3680 752 3747 desiderans:
772 3681 880 3747 sedet
902 3679 964 3749 nna
988 3705 1167 3750 cumauro
1210 3726 1215 3737 ι

198 3792 352 3860 commori
371 3793 473 3882 parati
493 3803 578 3859 sunt.
599 3790 734 3870 Quodsi
751 3813 854 3857 caeeus
874 3790 914 3856 sit
928 3789 1053 3868 Plutus,
1071 3803 1106 3856 ut
1122 3813 1160 3856 re
1171 3822 1198 3845 a

232 3925 326 3975 ¹l'ror.
341 3939 375 3981 rx,
392 3923 429 3973 ιθ.
