2532 4608
415 291 421 298 ·
445 287 635 334 sanemus
657 289 720 332 ars.
748 287 801 332 ru.
1077 263 1141 352 575

98 433 291 479 'communes
315 408 459 476 notiones
480 407 661 498 exprimunt
689 405 722 472 id
746 405 833 495 quod
859 417 907 472 est
932 403 1056 472 meiius.
1086 407 1142 474 Sie

101 542 179 610 ergo
195 543 252 586 nos
274 541 401 609 quoque
416 541 462 584 ex
481 518 555 606 ipsis
578 517 618 582 de
638 516 712 606 ipsis
732 516 905 604 Scripturis
921 516 1061 605 perfecte
1083 517 1141 582 de-

100 641 335 705 monstrantes,
351 649 391 693 ex
405 626 469 692 fide
483 625 709 716 persuademus
725 625 981 692 demonstrative.
1002 625 1140 705 Quodsi

100 735 299 826 propheticis
315 758 443 824 quoque
455 733 627 823 Scripturis
641 735 686 800 uti
702 734 768 801 ausi
782 733 900 800 suerint
909 733 963 821 qui
978 745 1140 800 sectantur

100 841 257 920 haereses,
272 841 412 932 primum
434 839 564 929 quidem
586 863 652 906 non
666 839 831 916 omuibus,
851 837 966 906 deinde
985 862 1051 906 non
1065 863 1140 928 per-

96 949 207 1028 fectis,
231 973 335 1038 neque
358 963 394 1015 ut
416 949 515 1016 dictat
537 971 652 1038 eorpus
674 959 706 1014 et
729 958 915 1014 contextura
937 948 1136 1036 Prophetiaet

96 1081 211 1126 ,verum
228 1057 380 1148 eligentes
395 1082 433 1126 ea
447 1079 517 1147 quae
534 1056 618 1124 dicto
633 1067 707 1124 sunt
722 1057 888 1146 ambigue,
906 1055 1080 1122 traducunt
1098 1057 1139 1124 ad

97 1165 242 1254 proprias
262 1163 448 1254 opiniones,
471 1185 588 1253 paucas
611 1185 702 1231 voces
720 1163 852 1252 sparsim
870 1174 1055 1252 carpentes,
1078 1187 1138 1230 ne-

10 1315 12 1328 =
97 1296 162 1361 que
173 1271 541 1360 idcousiderantesquod
552 1295 591 1338 ex
602 1271 675 1362 ipsis
687 1270 893 1360 significatur,
907 1271 1040 1360 sedipsa
1051 1273 1137 1340 nuda

9 1403 13 1466 t
95 1381 240 1447 dictione
253 1393 385 1448 utentes.
402 1382 481 1448 Nem
495 1381 528 1446 in
540 1380 690 1449 omnihus
705 1380 853 1469 fereque
865 1379 1027 1446 adducunt
1042 1381 1133 1460 locis,

97 1489 181 1577 ipsos
201 1487 267 1557 sola
289 1490 404 1556 intueri
426 1489 546 1556 videbis
566 1489 717 1566 nomina,
742 1499 777 1556 ut
798 1488 853 1578 qui
874 1499 1000 1556 mutent
1016 1489 1135 1580 signifi·

80 1608 183 1674 ,eam
202 1619 307 1686 neque
328 1597 598 1686 quemadmodum
621 1596 773 1684 dicuntur
795 1608 1008 1687 cognoscant,
1029 1585 1133 1687 neque

89 1703 129 1770 iis
144 1727 222 1794 quas
239 1706 376 1772 afferunt
393 1705 652 1794 allegationibus,
668 1705 731 1781 ita,
751 1717 787 1770 ut
805 1727 924 1772 earum
935 1717 1048 1773 natura
1062 1732 1132 1797 pos·

5 1825 9 1888 ξ
91 1811 192 1887 trdat,
209 1824 350 1878 utantur.
367 1813 492 1879 Veritas
503 1824 611 1878 autem
623 1835 690 1878 non
700 1812 861 1878 invenitur
875 1813 908 1877 in
927 1812 1130 1882 translatione

91 1917 360 2008 significationum
375 1918 437 2005 (sie
455 1919 541 1986 enim
552 1937 683 1984 emnem·
699 1942 805 1986 veram
820 1931 999 1986 everterent
1017 1921 1131 1989 doctri-

2 2067 4 2102 s
90 2029 209 2117 nam),
225 2027 280 2093 sed
291 2027 324 2093 in
335 2049 375 2092 eo
388 2025 477 2115 quod
491 2025 560 2114 quis
578 2024 757 2092 consideret
773 2027 851 2115 quid
864 2029 1002 2094 Domino
1016 2040 1049 2094 et
1064 2053 1131 2097 om-

88 2135 247 2225 nipotenti
261 2136 331 2201 Deo
346 2134 486 2224 perfecte
503 2133 693 2210 conveniat,
709 2147 741 2200 et
759 2158 834 2200 eum
850 2135 980 2214 deceat,
999 2149 1031 2203 et
1044 2137 1076 2204 in
1089 2163 1127 2206 eo

88 2255 126 2308 ut
150 2243 321 2310 confirmet
340 2241 591 2330 unumquodque
606 2264 646 2306 ex
660 2241 696 2307 iis
712 2266 781 2330 quae
797 2235 1055 2312 demonstrantur
1069 2271 1128 2338 per

83 2349 285 2441 Scripturas,
302 2375 342 2418 ex
349 2351 424 2441 ipsis
435 2374 543 2416 rursus
558 2349 713 2416 similibus
729 2350 912 2440 Seripturis.
927 2353 1037 2443 Neque
1048 2379 1125 2446 ergo

86 2459 199 2527 volunt
213 2462 355 2528 converti
371 2461 411 2528 ad
423 2461 606 2535 veritatem,
626 2471 660 2525 ut
671 2482 751 2548 quos
761 2460 881 2550 pudeat
896 2461 944 2526 sui
957 2462 990 2527 in
1007 2465 1124 2552 seipsos

84 2571 203 2636 emeris
224 2569 383 2660 deponere
394 2569 657 2658 prerogativam:
678 2589 784 2657 neque
805 2569 986 2658 sciuntque
1002 2572 1123 2640 ratione

79 2679 206 2768 possint
229 2701 300 2744 suas
323 2676 462 2745 stabilire
478 2676 662 2764 opiniones,
674 2675 848 2768 Scripturis
863 2677 927 2746 vim
942 2677 1119 2749 afferentes.

80 2789 167 2852 Cum
187 2799 292 2854 autem
306 2786 349 2854 ad
364 2785 440 2852 salsa
456 2785 489 2850 in
512 2783 624 2875 vulgus
640 2784 867 2873 proferendum
882 2786 1029 2876 dogmata
1043 2811 1121 2878 pre-

82 2896 247 2971 cesserint,
259 2919 334 2962 cum
346 2885 569 2962 omnibusseie
577 2894 1119 2986 Scripturisevidenterpugnantes,

79 3015 115 3068 et
133 3025 258 3090 semper
276 3027 293 3068 a
309 3003 398 3068 nobis
416 3003 470 3091 qui
486 3014 669 3069 contraeas
691 3002 826 3068 dicimus
846 3005 1018 3082 confutati,
1032 3009 1119 3095 quod

80 3107 241 3197 reliquum
259 3119 326 3186 est,
350 3131 436 3183 nunc
459 3109 563 3176 adhuc
580 3132 709 3199 quoque
727 3123 864 3201 pergunt
883 3135 917 3177 se
933 3135 1116 3204 opponere,

76 3219 194 3308 pnrtim
206 3218 335 3306 quidem
350 3241 389 3282 ex
403 3217 597 3305 Propheticis
612 3217 717 3306 aliqua
733 3243 798 3286 non
809 3219 1029 3300 admittendo,
1046 3249 1118 3314 par-

76 3329 136 3393 tim
154 3340 261 3395 nutem
280 3349 358 3404 nos,
373 3327 463 3415 quasi
483 3326 582 3392 simus
598 3326 727 3393 alterius
743 3342 883 3406 naturas,
903 3344 1022 3420 atquae
1042 3347 1116 3402 sunt

74 3435 203 3502 illorum
227 3436 354 3525 propria
380 3457 447 3500 nen
472 3434 628 3523 possimus
650 3435 849 3526 intelligere,
877 3437 1111 3510 calumniando.

75 3545 312 3632 Nonnunquam
330 3555 437 3610 autem
450 3543 546 3610 etiam
565 3567 640 3610 cum
656 3545 908 3624 convincuntur,
924 3571 983 3615 sun
999 3565 1113 3642 negant
1213 3553 1224 3566 '

73 3651 242 3742 dogmata,
258 3663 365 3744 aperte
376 3651 522 3720 confiteri
538 3654 761 3719 erubesoentes
776 3649 846 3743 que}
861 3679 895 3721 se
910 3680 1052 3730 seorsum
1067 3663 1113 3730 sio

72 3761 189 3828 doecre
208 3759 391 3851 gloriantur.
415 3760 453 3828 ld
472 3761 558 3827 enim
579 3760 612 3828 in
636 3761 785 3829 omnibus
808 3761 979 3840 heresibus
1004 3771 1110 3840 sidere

71 3870 167 3950 iicet,
190 3872 215 3939 si
236 3872 376 3972 ipsorum
399 3869 588 3962 dogmatum
610 3871 680 3962 quis
704 3887 912 3964 persequatur
938 3879 1106 3970 nequitias.
