2522 4608
280 317 473 370 renseoeos,
499 317 558 361 un.
582 317 617 358 n.
898 295 961 361 555

22 450 117 496 uuum.
133 428 170 492 Ea
193 425 229 490 de
250 445 339 489 causa
359 435 519 512 quaesunt
540 424 611 488 vitae
631 421 796 489 utilissima
818 425 963 513 praecipit

22 537 112 630 pientia
127 534 208 602 :rNe
222 535 343 623 ungeris
353 534 386 599 in
402 529 606 599 multitudine
621 533 783 598 seniorum
796 532 818 599 ¹.
835 535 963 614 »Quin—
1019 520 1023 528 ¹

22 669 59 714 au
70 669 153 736 nugas
170 657 283 710 nostras
302 644 452 710 radicitus
470 644 689 720 excindens,a
706 645 774 710 Deo
794 644 961 734 incipiens,

26 756 157 822 moderate
169 779 221 821 nos
236 778 392 844 geramus,
408 755 472 821 boo
487 755 584 820 modo
600 756 764 822 constituit
782 755 963 822 :asermo-

71 888 103 930 ne
112 865 255 930 iteraveris
267 865 299 930 in
310 845 452 930 oratione
467 875 532 930 tua.
549 863 782 955 ›poppysmata
795 877 915 944 autem,
931 881 965 932 et

22 975 59 1049 di,
71 987 96 1040 et
108 975 199 1064 digitis
215 975 352 1063 expressi
373 975 455 1050 soni,
477 975 593 1063 quibus
613 987 823 1042 accersuntur
838 967 962 1052 famuli,

22 1085 123 1174 nsigna
142 1084 198 1150 sint
217 1086 372 1150 eratione
391 1083 505 1161 aliena,
526 1086 650 1151 ratione
668 1087 808 1174 praeditis
824 1085 964 1154 homini-

22 1194 137 1262 sritrudi
153 1206 231 1260 sunt.
249 1194 448 1282 Frequenter
470 1197 567 1262 etiam
591 1219 719 1285 spuere,
742 1209 775 1262 et
796 1195 963 1264 violentius

22 1325 110 1380 enam,
126 1315 156 1368 et
175 1305 266 1370 etiem
289 1328 463 1394 emungere
487 1306 520 1371 in
545 1306 703 1384 convivio,
723 1307 887 1374 vitandum
901 1319 959 1373 est.

22 1413 151 1480 rurirarum
160 1417 241 1480 enirn
252 1415 400 1510 babenda
415 1427 464 1482 est
476 1417 586 1504 utique
599 1417 693 1492 ratio,
711 1441 752 1484 ne
768 1441 833 1507 prae
847 1442 964 1484 nausea

22 1517 63 1587 bn
78 1537 231 1592 arersentur
255 1526 501 1616 turpitudinem,
528 1549 598 1614 quae
625 1527 728 1615 arguit
747 1527 964 1618 intemperan-

22 1652 56 1698 ω.
70 1631 123 1698 Non
136 1635 211 1700 enim
231 1637 316 1703 sicut
330 1637 434 1703 bobus
449 1647 483 1700 et
499 1636 606 1711 asinis,
628 1636 748 1702 ibidem
762 1651 811 1704 est
824 1661 965 1729 praesepe

25 1741 211 1828 sterquilinium
225 1770 233 1810 :
246 1744 341 1812 multi
354 1745 440 1813 enim
453 1743 567 1811 eodem
576 1756 718 1834 tempore
729 1771 762 1812 se
773 1759 963 1838 emungunt,
1051 1825 1052 1830 η

22 1862 89 1926 runt,
99 1863 126 1917 et
135 1865 261 1921 cenant.
276 1854 475 1921 sternutatio
492 1865 599 1919 autem
614 1855 639 1918 si
651 1853 704 1921 eui
717 1856 872 1933 evenerit,
885 1859 966 1924 siout

22 1957 66 2022 um
83 1975 179 2039 ruetus,
201 1988 265 2031 non
292 1965 456 2054 oportebit
481 1988 559 2030 sono
577 1964 737 2055 proximos
759 1965 855 2042 ciere,
879 1967 967 2055 quod

22 2067 105 2134 ssime
115 2074 360 2142 ertinstitutionis
375 2075 594 2141 testimonium
610 2100 618 2140 ε
637 2075 693 2141 sed
712 2088 822 2141 ructus
836 2077 966 2163 quidem

22 2197 54 2240 un
68 2180 175 2267 expirato
186 2191 255 2250 atre
269 2197 323 2251 est
337 2185 617 2260 transmittendus,
634 2208 689 2250 ore
704 2184 855 2252 decenter
876 2209 967 2253 oom-

22 2288 84 2364 rito,
95 2315 139 2358 nee
148 2295 234 2363 instar
250 2295 415 2363 larvarum
430 2297 626 2386 tragiearum
647 2295 781 2362 diducto
799 2306 832 2360 et
845 2295 964 2362 hiante.

22 2403 182 2472 emulationis
194 2421 302 2475 autem
317 2409 373 2496 qui
388 2410 560 2475 conturbat
579 2407 743 2496 strepitus,
761 2407 968 2496 respiratione

22 2509 78 2574 riter
87 2535 204 2602 repressa
223 2541 260 2585 ae
281 2527 423 2594 retenta,
440 2517 631 2584 auferendus
645 2527 703 2582 est.
724 2517 792 2584 Hae
813 2517 900 2584 enim
917 2543 969 2586 rn-

22 2637 64 2694 ν,
76 2643 150 2708 quam
162 2625 381 2693 honestissime
397 2625 466 2692 [ieri
481 2627 610 2716 poterit,
627 2624 968 2719 conglobataespiritus

22 2723 61 2792 be
77 2731 144 2798 intus
165 2749 234 2803 sunt
249 2737 487 2826 extinguendas,
503 2735 700 2826 providendo
716 2749 751 2801 ut
770 2737 813 2803 ita
829 2748 969 2808 transeat

28 2837 99 2904 ¹tlirlu
108 2855 223 2912 caeteros
238 2845 345 2913 celare
361 2857 507 2921 conetur,
521 2845 545 2912 si
558 2846 763 2936 viexpressus
776 2855 830 2915 adr
840 2847 968 2940 aliquod

22 2967 73 3013 arn
82 2969 301 3024 excrementum
324 2955 480 3024 eduxerit.
499 2956 696 3047 Arrogantiae
712 2971 819 3025 eutem
833 2973 865 3026 et
880 2961 969 3026 inso-

22 3055 70 3122 ttia
83 3061 187 3150 signum
211 3077 271 3145 est,
300 3067 377 3157 ipsis
390 3064 481 3133 ¹velie
506 3067 590 3133 sonis
613 3065 732 3156 aliquid
754 3069 884 3145 addere,
903 3095 969 3136 non

22 3174 73 3232 teu
87 3171 243 3244 detrahere.
263 3179 338 3244 Jam
353 3201 428 3243 vero
444 3179 498 3266 qui
514 3178 624 3244 dentes
640 3177 799 3267 scalpunt,
814 3191 847 3244 et
863 3177 970 3246 ulcera

22 3291 127 3358 munt,
140 3297 204 3351 tum
218 3288 356 3377 sibiipsis
371 3285 496 3354 molesti
512 3299 597 3363 sunt,
615 3300 686 3353 tum
699 3286 790 3353 invisi
804 3289 966 3376 proximis.

22 3403 64 3450 m
79 3403 165 3460 autem
183 3399 309 3463 aurium
329 3420 456 3486 quoque
477 3395 670 3472 fricationes,
687 3407 719 3463 et
736 3408 972 3464 sternutamen-

22 3511 71 3559 tum
89 3500 273 3583 irritationes,
297 3518 372 3574 suut
393 3505 476 3573 suilli
498 3507 639 3597 pruritus
661 3519 694 3570 et
714 3507 969 3584 consrieutiones,

22 3605 288 3702 eintemperantem
306 3617 502 3684 meditantur
527 3617 780 3683 fornicationem.
799 3616 970 3706 Fugiendae

22 3731 166 3802 trusum
185 3730 399 3820 turpitudines
421 3754 491 3817 quae
514 3729 575 3794 sub
596 3737 761 3816 aspectum
782 3728 913 3807 cadunt,
937 3743 970 3797 et

22 3845 70 3913 ‘pes
82 3835 125 3920 qui
138 3835 174 3904 de
189 3839 234 3908 eis
249 3841 331 3909 fiunt
345 3864 518 3908 sermones.
538 3839 586 3934 Sit
602 3850 710 3906 autem
725 3840 828 3928 gravis
842 3864 971 3929 quoque

22 3963 88 4026 M·
99 3995 138 4042 vn,
151 3985 185 4043 rt.
