<?xml version="1.0" encoding="UTF-8"?>
<!DOCTYPE html PUBLIC "-//W3C//DTD XHTML 1.0 Transitional//EN"
    "http://www.w3.org/TR/xhtml1/DTD/xhtml1-transitional.dtd">
<html xmlns="http://www.w3.org/1999/xhtml" xml:lang="en" lang="en">
 <head>
  <title>
</title>
<meta http-equiv="Content-Type" content="text/html;charset=utf-8" />
  <meta name='ocr-system' content='tesseract 3.04.00' />
  <meta name='ocr-capabilities' content='ocr_page ocr_carea ocr_par ocr_line ocrx_word'/>
</head>
<body>
  <div class='ocr_page' id='page_1' title='image "./collectioselect00guilgoog_0184.png"; bbox 0 0 2574 4628; ppageno 0'>
   <div class='ocr_carea' id='block_1_1' title="bbox 197 269 913 354">
    <p class='ocr_par' dir='ltr' id='par_1_1' title="bbox 197 269 913 354">
     <span class='ocr_line' id='line_1_1' title="bbox 197 269 913 354; baseline 0.003 -22"><span class='ocrx_word' id='word_1_1' title='bbox 197 269 257 354; x_wconf 75' lang='grc' dir='ltr'>ηδ</span> <span class='ocrx_word' id='word_1_2' title='bbox 503 286 678 332; x_wconf 78' lang='lat' dir='ltr'>curuarrrs</span> <span class='ocrx_word' id='word_1_3' title='bbox 702 289 913 336; x_wconf 70' lang='lat' dir='ltr'>absumatur</span> 
     </span>
    </p>
   </div>
   <div class='ocr_carea' id='block_1_2' title="bbox 146 404 1264 1562">
    <p class='ocr_par' dir='ltr' id='par_1_2' title="bbox 271 387 1006 499">
     <span class='ocr_line' id='line_1_2' title="bbox 271 404 1006 499; baseline -0.003 -32"><span class='ocrx_word' id='word_1_4' title='bbox 271 411 353 469; x_wconf 85' lang='lat' dir='ltr'>Unus</span> <span class='ocrx_word' id='word_1_5' title='bbox 368 404 498 484; x_wconf 72' lang='lat' dir='ltr'>prdecto</span> <span class='ocrx_word' id='word_1_6' title='bbox 514 415 568 478; x_wconf 78' lang='lat' dir='ltr'>est,</span> <span class='ocrx_word' id='word_1_7' title='bbox 581 423 657 464; x_wconf 83' lang='lat' dir='ltr'>uuus</span> <span class='ocrx_word' id='word_1_8' title='bbox 667 417 712 464; x_wconf 86' lang='lat' dir='ltr'>est</span> <span class='ocrx_word' id='word_1_9' title='bbox 725 418 837 464; x_wconf 87' lang='lat' dir='ltr'>tantum</span> <span class='ocrx_word' id='word_1_10' title='bbox 848 411 941 478; x_wconf 87' lang='lat' dir='ltr'>Deus,</span> <span class='ocrx_word' id='word_1_11' title='bbox 996 475 1006 499; x_wconf 34' lang='grc' dir='ltr'>ἱ</span> 
     </span>
    </p>

    <p class='ocr_par' dir='ltr' id='par_1_3' title="bbox 269 505 875 586">
     <span class='ocr_line' id='line_1_3' title="bbox 269 505 875 586; baseline -0.003 -18"><span class='ocrx_word' id='word_1_12' title='bbox 269 508 343 568; x_wconf 87' lang='lat' dir='ltr'>Coeli</span> <span class='ocrx_word' id='word_1_13' title='bbox 352 506 465 586; x_wconf 81' lang='lat' dir='ltr'>solique</span> <span class='ocrx_word' id='word_1_14' title='bbox 479 505 642 565; x_wconf 88' lang='lat' dir='ltr'>machinam</span> <span class='ocrx_word' id='word_1_15' title='bbox 658 507 710 585; x_wconf 89' lang='lat' dir='ltr'>qui</span> <span class='ocrx_word' id='word_1_16' title='bbox 725 507 875 581; x_wconf 85' lang='lat' dir='ltr'>condidit,</span> 
     </span>
    </p>

    <p class='ocr_par' dir='ltr' id='par_1_4' title="bbox 272 607 948 688">
     <span class='ocr_line' id='line_1_4' title="bbox 272 607 948 688; baseline 0.001 -21"><span class='ocrx_word' id='word_1_17' title='bbox 272 607 448 686; x_wconf 74' lang='lat' dir='ltr'>vadumque</span> <span class='ocrx_word' id='word_1_18' title='bbox 457 607 540 686; x_wconf 88' lang='lat' dir='ltr'>ponti</span> <span class='ocrx_word' id='word_1_19' title='bbox 549 607 698 681; x_wconf 72' lang='lat' dir='ltr'>carulum,</span> <span class='ocrx_word' id='word_1_20' title='bbox 707 621 736 667; x_wconf 88' lang='lat' dir='ltr'>et</span> <span class='ocrx_word' id='word_1_21' title='bbox 750 610 809 668; x_wconf 85' lang='lat' dir='ltr'>vim</span> <span class='ocrx_word' id='word_1_22' title='bbox 820 610 948 688; x_wconf 87' lang='lat' dir='ltr'>spiritus.</span> 
     </span>
    </p>

    <p class='ocr_par' dir='ltr' id='par_1_5' title="bbox 275 708 878 788">
     <span class='ocr_line' id='line_1_5' title="bbox 275 708 878 788; baseline 0.005 -22"><span class='ocrx_word' id='word_1_23' title='bbox 275 708 412 788; x_wconf 29' lang='lat' dir='ltr'>Atflducta</span> <span class='ocrx_word' id='word_1_24' title='bbox 422 727 500 768; x_wconf 69' lang='lat' dir='ltr'>ceco</span> <span class='ocrx_word' id='word_1_25' title='bbox 514 708 619 787; x_wconf 88' lang='lat' dir='ltr'>spiritu</span> <span class='ocrx_word' id='word_1_26' title='bbox 631 729 701 787; x_wconf 83' lang='lat' dir='ltr'>gens</span> <span class='ocrx_word' id='word_1_27' title='bbox 715 711 878 770; x_wconf 72' lang='lat' dir='ltr'><strong>mortalium</strong></span> 
     </span>
    </p>

    <p class='ocr_par' dir='ltr' id='par_1_6' title="bbox 270 806 867 869">
     <span class='ocr_line' id='line_1_6' title="bbox 270 806 867 869; baseline 0.002 -1"><span class='ocrx_word' id='word_1_28' title='bbox 270 813 441 868; x_wconf 77' lang='lat' dir='ltr'>Commenta</span> <span class='ocrx_word' id='word_1_29' title='bbox 452 806 542 866; x_wconf 82' lang='lat' dir='ltr'>cladis</span> <span class='ocrx_word' id='word_1_30' title='bbox 556 808 586 866; x_wconf 89' lang='lat' dir='ltr'>in</span> <span class='ocrx_word' id='word_1_31' title='bbox 600 825 660 866; x_wconf 82' lang='lat' dir='ltr'>suae</span> <span class='ocrx_word' id='word_1_32' title='bbox 672 809 810 868; x_wconf 88' lang='lat' dir='ltr'>solatium</span> <span class='ocrx_word' id='word_1_33' title='bbox 822 823 867 869; x_wconf 87' lang='lat' dir='ltr'>est</span> 
     </span>
    </p>

    <p class='ocr_par' dir='ltr' id='par_1_7' title="bbox 271 907 920 984">
     <span class='ocr_line' id='line_1_7' title="bbox 271 907 920 984; baseline 0 -14"><span class='ocrx_word' id='word_1_34' title='bbox 271 909 431 970; x_wconf 82' lang='lat' dir='ltr'>Simulaera</span> <span class='ocrx_word' id='word_1_35' title='bbox 442 907 556 982; x_wconf 69' lang='lat' dir='ltr'>duum,</span> <span class='ocrx_word' id='word_1_36' title='bbox 564 908 639 968; x_wconf 82' lang='lat' dir='ltr'>iacta</span> <span class='ocrx_word' id='word_1_37' title='bbox 653 929 725 969; x_wconf 79' lang='lat' dir='ltr'>saxo</span> <span class='ocrx_word' id='word_1_38' title='bbox 734 921 787 972; x_wconf 77' lang='lat' dir='ltr'>eut</span> <span class='ocrx_word' id='word_1_39' title='bbox 800 911 920 984; x_wconf 76' lang='lat' dir='ltr'>arbore,</span> 
     </span>
    </p>

    <p class='ocr_par' dir='ltr' id='par_1_8' title="bbox 273 1009 899 1092">
     <span class='ocr_line' id='line_1_8' title="bbox 273 1009 899 1092; baseline 0 -21"><span class='ocrx_word' id='word_1_40' title='bbox 273 1013 328 1071; x_wconf 82' lang='lat' dir='ltr'>Vel</span> <span class='ocrx_word' id='word_1_41' title='bbox 339 1011 469 1092; x_wconf 90' lang='lat' dir='ltr'>pondere</span> <span class='ocrx_word' id='word_1_42' title='bbox 478 1011 560 1085; x_wconf 87' lang='lat' dir='ltr'>auri,</span> <span class='ocrx_word' id='word_1_43' title='bbox 571 1009 658 1070; x_wconf 88' lang='lat' dir='ltr'>deute</span> <span class='ocrx_word' id='word_1_44' title='bbox 666 1012 711 1070; x_wconf 81' lang='lat' dir='ltr'>vel</span> <span class='ocrx_word' id='word_1_45' title='bbox 723 1013 798 1071; x_wconf 63' lang='lat' dir='ltr'>lum,-</span> <span class='ocrx_word' id='word_1_46' title='bbox 809 1011 899 1072; x_wconf 83' lang='lat' dir='ltr'>bovis.</span> 
     </span>
    </p>

    <p class='ocr_par' dir='ltr' id='par_1_9' title="bbox 270 1113 952 1192">
     <span class='ocr_line' id='line_1_9' title="bbox 270 1113 952 1192; baseline 0 -17"><span class='ocrx_word' id='word_1_47' title='bbox 270 1117 324 1175; x_wconf 83' lang='lat' dir='ltr'>llis</span> <span class='ocrx_word' id='word_1_48' title='bbox 334 1115 518 1172; x_wconf 80' lang='lat' dir='ltr'>victimarum</span> <span class='ocrx_word' id='word_1_49' title='bbox 532 1116 718 1192; x_wconf 81' lang='lat' dir='ltr'>sanguinem,</span> <span class='ocrx_word' id='word_1_50' title='bbox 731 1113 777 1174; x_wconf 86' lang='lat' dir='ltr'>bis</span> <span class='ocrx_word' id='word_1_51' title='bbox 789 1115 879 1173; x_wconf 72' lang='lat' dir='ltr'>lectos</span> <span class='ocrx_word' id='word_1_52' title='bbox 890 1116 952 1175; x_wconf 89' lang='lat' dir='ltr'>dies</span> 
     </span>
    </p>

    <p class='ocr_par' dir='ltr' id='par_1_10' title="bbox 146 1209 1264 1562">
     <span class='ocr_line' id='line_1_10' title="bbox 271 1209 859 1292; baseline 0 -20"><span class='ocrx_word' id='word_1_53' title='bbox 271 1215 345 1272; x_wconf 88' lang='lat' dir='ltr'>Cum</span> <span class='ocrx_word' id='word_1_54' title='bbox 359 1209 541 1284; x_wconf 80' lang='lat' dir='ltr'>dedicamus,</span> <span class='ocrx_word' id='word_1_55' title='bbox 558 1232 593 1271; x_wconf 88' lang='lat' dir='ltr'>ea</span> <span class='ocrx_word' id='word_1_56' title='bbox 606 1211 710 1292; x_wconf 84' lang='lat' dir='ltr'>religio</span> <span class='ocrx_word' id='word_1_57' title='bbox 722 1215 859 1272; x_wconf 84' lang='lat' dir='ltr'>creditur.</span> 
     </span>
     <span class='ocr_line' id='line_1_11' title="bbox 195 1357 1264 1450; baseline -0.007 -22"><span class='ocrx_word' id='word_1_58' title='bbox 195 1360 250 1428; x_wconf 86' lang='lat' dir='ltr'>Sic</span> <span class='ocrx_word' id='word_1_59' title='bbox 263 1359 394 1450; x_wconf 85' lang='lat' dir='ltr'>quidem</span> <span class='ocrx_word' id='word_1_60' title='bbox 407 1357 461 1426; x_wconf 86' lang='lat' dir='ltr'>ille</span> <span class='ocrx_word' id='word_1_61' title='bbox 483 1381 548 1425; x_wconf 90' lang='lat' dir='ltr'>uou</span> <span class='ocrx_word' id='word_1_62' title='bbox 569 1359 638 1426; x_wconf 77' lang='lat' dir='ltr'>sinc</span> <span class='ocrx_word' id='word_1_63' title='bbox 658 1359 747 1449; x_wconf 79' lang='lat' dir='ltr'>gravi</span> <span class='ocrx_word' id='word_1_64' title='bbox 761 1381 819 1426; x_wconf 83' lang='lat' dir='ltr'>suo</span> <span class='ocrx_word' id='word_1_65' title='bbox 833 1357 983 1449; x_wconf 84' lang='lat' dir='ltr'>periculo</span> <span class='ocrx_word' id='word_1_66' title='bbox 1007 1359 1209 1427; x_wconf 84' lang='lat' dir='ltr'>veritatem</span> <span class='ocrx_word' id='word_1_67' title='bbox 1233 1359 1264 1431; x_wconf 86' lang='lat' dir='ltr'>iu</span> 
     </span>
     <span class='ocr_line' id='line_1_12' title="bbox 146 1469 1261 1562; baseline 0.004 -26"><span class='ocrx_word' id='word_1_68' title='bbox 146 1513 148 1517; x_wconf 92' lang='lat'><em>-</em></span> <span class='ocrx_word' id='word_1_69' title='bbox 196 1495 291 1542; x_wconf 79' lang='lat' dir='ltr'>seona</span> <span class='ocrx_word' id='word_1_70' title='bbox 302 1471 534 1562; x_wconf 69' lang='lat' dir='ltr'>spectatoribus</span> <span class='ocrx_word' id='word_1_71' title='bbox 545 1469 700 1537; x_wconf 81' lang='lat' dir='ltr'>exhibuit.</span> <span class='ocrx_word' id='word_1_72' title='bbox 714 1469 869 1538; x_wconf 87' lang='lat' dir='ltr'>Thracius</span> <span class='ocrx_word' id='word_1_73' title='bbox 884 1483 991 1538; x_wconf 88' lang='lat' dir='ltr'>autem</span> <span class='ocrx_word' id='word_1_74' title='bbox 1002 1469 1060 1538; x_wconf 86' lang='lat' dir='ltr'>ille</span> <span class='ocrx_word' id='word_1_75' title='bbox 1075 1493 1261 1541; x_wconf 80' lang='lat' dir='ltr'>sacrorum</span> 
     </span>
    </p>
   </div>
   <div class='ocr_carea' id='block_1_3' title="bbox 196 1579 1257 1785">
    <p class='ocr_par' dir='ltr' id='par_1_11' title="bbox 196 1579 1257 1785">
     <span class='ocr_line' id='line_1_13' title="bbox 196 1579 1257 1680; baseline 0.001 -29"><span class='ocrx_word' id='word_1_76' title='bbox 196 1583 351 1673; x_wconf 72' lang='lat' dir='ltr'><strong>interpres</strong></span> <span class='ocrx_word' id='word_1_77' title='bbox 361 1583 449 1673; x_wconf 77' lang='lat' dir='ltr'>juxta</span> <span class='ocrx_word' id='word_1_78' title='bbox 464 1605 502 1650; x_wconf 84' lang='lat' dir='ltr'>ec</span> <span class='ocrx_word' id='word_1_79' title='bbox 515 1588 622 1672; x_wconf 74' lang='lat' dir='ltr'>poeta,</span> <span class='ocrx_word' id='word_1_80' title='bbox 639 1579 789 1672; x_wconf 81' lang='lat' dir='ltr'>Orpbeus</span> <span class='ocrx_word' id='word_1_81' title='bbox 805 1579 924 1674; x_wconf 80' lang='lat' dir='ltr'>OEagri</span> <span class='ocrx_word' id='word_1_82' title='bbox 938 1581 1034 1660; x_wconf 86' lang='lat' dir='ltr'>lilius,</span> <span class='ocrx_word' id='word_1_83' title='bbox 1053 1607 1152 1680; x_wconf 87' lang='lat' dir='ltr'>cum</span> <span class='ocrx_word' id='word_1_84' title='bbox 1170 1608 1257 1652; x_wconf 76' lang='lat' dir='ltr'>sacra</span> 
     </span>
     <span class='ocr_line' id='line_1_14' title="bbox 197 1690 1255 1785; baseline 0.001 -25"><span class='ocrx_word' id='word_1_85' title='bbox 197 1693 361 1782; x_wconf 70' lang='lat' dir='ltr'>mysteria,</span> <span class='ocrx_word' id='word_1_86' title='bbox 384 1703 553 1780; x_wconf 88' lang='lat' dir='ltr'>totumque</span> <span class='ocrx_word' id='word_1_87' title='bbox 572 1690 817 1760; x_wconf 78' lang='lat' dir='ltr'>simulacrorum</span> <span class='ocrx_word' id='word_1_88' title='bbox 835 1690 959 1761; x_wconf 88' lang='lat' dir='ltr'>cultum</span> <span class='ocrx_word' id='word_1_89' title='bbox 976 1706 1010 1760; x_wconf 89' lang='lat' dir='ltr'>et</span> <span class='ocrx_word' id='word_1_90' title='bbox 1031 1692 1255 1785; x_wconf 81' lang='lat' dir='ltr'>religionem,</span> 
     </span>
    </p>
   </div>
   <div class='ocr_carea' id='block_1_4' title="bbox 68 1801 1258 1893">
    <p class='ocr_par' dir='ltr' id='par_1_12' title="bbox 68 1801 1258 1893">
     <span class='ocr_line' id='line_1_15' title="bbox 68 1801 1258 1893; baseline -0.003 -19"><span class='ocrx_word' id='word_1_91' title='bbox 68 1821 71 1826; x_wconf 84' lang='lat'>&#39;</span> <span class='ocrx_word' id='word_1_92' title='bbox 197 1801 405 1893; x_wconf 68' lang='lat' dir='ltr'>adposuiasct,</span> <span class='ocrx_word' id='word_1_93' title='bbox 425 1823 517 1869; x_wconf 81' lang='lat' dir='ltr'>verso</span> <span class='ocrx_word' id='word_1_94' title='bbox 532 1802 565 1868; x_wconf 93' lang='lat' dir='ltr'>iu</span> <span class='ocrx_word' id='word_1_95' title='bbox 580 1803 777 1872; x_wconf 88' lang='lat' dir='ltr'>contrarium</span> <span class='ocrx_word' id='word_1_96' title='bbox 797 1825 944 1871; x_wconf 84' lang='lat' dir='ltr'>sermono</span> <span class='ocrx_word' id='word_1_97' title='bbox 965 1803 1153 1871; x_wconf 80' lang='lat' dir='ltr'>veritatem</span> <span class='ocrx_word' id='word_1_98' title='bbox 1169 1805 1258 1871; x_wconf 76' lang='lat' dir='ltr'>indu</span> 
     </span>
    </p>
   </div>
   <div class='ocr_carea' id='block_1_5' title="bbox 199 1911 1257 2092">
    <p class='ocr_par' dir='ltr' id='par_1_13' title="bbox 199 1911 1257 2092">
     <span class='ocr_line' id='line_1_16' title="bbox 199 1911 1257 2004; baseline 0.003 -23"><span class='ocrx_word' id='word_1_99' title='bbox 199 1913 257 1992; x_wconf 86' lang='lat' dir='ltr'>cit,</span> <span class='ocrx_word' id='word_1_100' title='bbox 279 1935 416 2002; x_wconf 81' lang='lat' dir='ltr'>vereque</span> <span class='ocrx_word' id='word_1_101' title='bbox 437 1932 578 1990; x_wconf 82' lang='lat' dir='ltr'>sacrum,</span> <span class='ocrx_word' id='word_1_102' title='bbox 600 1911 677 1982; x_wconf 82' lang='lat' dir='ltr'>licet</span> <span class='ocrx_word' id='word_1_103' title='bbox 696 1912 797 1980; x_wconf 87' lang='lat' dir='ltr'>serius</span> <span class='ocrx_word' id='word_1_104' title='bbox 810 1935 907 2004; x_wconf 85' lang='lat' dir='ltr'>quam</span> <span class='ocrx_word' id='word_1_105' title='bbox 922 1935 979 2004; x_wconf 83' lang='lat' dir='ltr'>par</span> <span class='ocrx_word' id='word_1_106' title='bbox 998 1925 1090 1991; x_wconf 88' lang='lat' dir='ltr'>crat,</span> <span class='ocrx_word' id='word_1_107' title='bbox 1116 1937 1257 1984; x_wconf 78' lang='lat' dir='ltr'>carmen</span> 
     </span>
     <span class='ocr_line' id='line_1_17' title="bbox 199 2022 311 2092; baseline -0.027 0"><span class='ocrx_word' id='word_1_108' title='bbox 199 2022 285 2092; x_wconf 87' lang='lat' dir='ltr'>oauit</span> <span class='ocrx_word' id='word_1_109' title='bbox 301 2045 311 2089; x_wconf 79' lang='lat' dir='ltr'>t</span> 
     </span>
    </p>
   </div>
   <div class='ocr_carea' id='block_1_6' title="bbox 202 2170 1215 2263">
    <p class='ocr_par' dir='ltr' id='par_1_14' title="bbox 202 2170 1215 2263">
     <span class='ocr_line' id='line_1_18' title="bbox 202 2170 1215 2263; baseline -0.003 -19"><span class='ocrx_word' id='word_1_110' title='bbox 202 2223 207 2230; x_wconf 76' lang='lat'><em>,</em></span> <span class='ocrx_word' id='word_1_111' title='bbox 280 2187 336 2244; x_wconf 83' lang='lat' dir='ltr'>Fas</span> <span class='ocrx_word' id='word_1_112' title='bbox 347 2182 452 2262; x_wconf 90' lang='lat' dir='ltr'>quibus</span> <span class='ocrx_word' id='word_1_113' title='bbox 463 2195 518 2253; x_wconf 86' lang='lat' dir='ltr'>est,</span> <span class='ocrx_word' id='word_1_114' title='bbox 531 2183 678 2243; x_wconf 84' lang='lat' dir='ltr'>narrabo:</span> <span class='ocrx_word' id='word_1_115' title='bbox 693 2182 769 2242; x_wconf 82' lang='lat' dir='ltr'>iores</span> <span class='ocrx_word' id='word_1_116' title='bbox 781 2182 947 2256; x_wconf 87' lang='lat' dir='ltr'>clauduuto‚</span> <span class='ocrx_word' id='word_1_117' title='bbox 960 2182 1105 2263; x_wconf 82' lang='lat' dir='ltr'>pmlaui:</span> <span class='ocrx_word' id='word_1_118' title='bbox 1193 2170 1215 2208; x_wconf 84' lang='lat'><em>⁰</em></span> 
     </span>
    </p>
   </div>
   <div class='ocr_carea' id='block_1_7' title="bbox 158 2283 1100 2964">
    <p class='ocr_par' dir='ltr' id='par_1_15' title="bbox 280 2283 973 2364">
     <span class='ocr_line' id='line_1_19' title="bbox 280 2283 973 2364; baseline 0 -21"><span class='ocrx_word' id='word_1_119' title='bbox 280 2283 419 2364; x_wconf 85' lang='lat' dir='ltr'>Quisquis</span> <span class='ocrx_word' id='word_1_120' title='bbox 430 2303 461 2343; x_wconf 81' lang='lat' dir='ltr'>ee</span> <span class='ocrx_word' id='word_1_121' title='bbox 470 2327 478 2356; x_wconf 95' lang='lat'>,</span> <span class='ocrx_word' id='word_1_122' title='bbox 487 2283 593 2344; x_wconf 84' lang='lat' dir='ltr'>illustri</span> <span class='ocrx_word' id='word_1_123' title='bbox 603 2289 712 2343; x_wconf 72' lang='lat' dir='ltr'>Musae</span> <span class='ocrx_word' id='word_1_124' title='bbox 722 2283 773 2342; x_wconf 87' lang='lat' dir='ltr'>sed</span> <span class='ocrx_word' id='word_1_125' title='bbox 783 2283 862 2344; x_wconf 88' lang='lat' dir='ltr'>edite</span> <span class='ocrx_word' id='word_1_126' title='bbox 873 2289 973 2357; x_wconf 80' lang='lat' dir='ltr'>Luna,</span> 
     </span>
    </p>

    <p class='ocr_par' dir='ltr' id='par_1_16' title="bbox 280 2383 972 2565">
     <span class='ocr_line' id='line_1_20' title="bbox 280 2383 972 2464; baseline -0.003 -18"><span class='ocrx_word' id='word_1_127' title='bbox 280 2385 369 2460; x_wconf 75' lang='lat' dir='ltr'>bodi,</span> <span class='ocrx_word' id='word_1_128' title='bbox 382 2405 452 2444; x_wconf 84' lang='lat' dir='ltr'>vera</span> <span class='ocrx_word' id='word_1_129' title='bbox 462 2385 579 2464; x_wconf 86' lang='lat' dir='ltr'>loquar,</span> <span class='ocrx_word' id='word_1_130' title='bbox 592 2405 645 2444; x_wconf 88' lang='lat' dir='ltr'>uec</span> <span class='ocrx_word' id='word_1_131' title='bbox 657 2403 723 2463; x_wconf 76' lang='lat' dir='ltr'>quar</span> <span class='ocrx_word' id='word_1_132' title='bbox 736 2383 805 2443; x_wconf 91' lang='lat' dir='ltr'>olim</span> <span class='ocrx_word' id='word_1_133' title='bbox 817 2384 880 2444; x_wconf 85' lang='lat' dir='ltr'>visa</span> <span class='ocrx_word' id='word_1_134' title='bbox 891 2384 972 2444; x_wconf 83' lang='lat' dir='ltr'>luere</span> 
     </span>
     <span class='ocr_line' id='line_1_21' title="bbox 283 2483 944 2565; baseline -0.006 -18"><span class='ocrx_word' id='word_1_135' title='bbox 283 2483 469 2560; x_wconf 74' lang='lat' dir='ltr'>Pectoribus,</span> <span class='ocrx_word' id='word_1_136' title='bbox 483 2503 558 2544; x_wconf 79' lang='lat' dir='ltr'>carae</span> <span class='ocrx_word' id='word_1_137' title='bbox 569 2497 597 2544; x_wconf 90' lang='lat' dir='ltr'>te</span> <span class='ocrx_word' id='word_1_138' title='bbox 611 2485 727 2565; x_wconf 84' lang='lat' dir='ltr'>privent</span> <span class='ocrx_word' id='word_1_139' title='bbox 739 2484 847 2544; x_wconf 86' lang='lat' dir='ltr'>lumine</span> <span class='ocrx_word' id='word_1_140' title='bbox 859 2485 944 2544; x_wconf 81' lang='lat' dir='ltr'>ritae:</span> 
     </span>
    </p>

    <p class='ocr_par' dir='ltr' id='par_1_17' title="bbox 158 2584 1100 2964">
     <span class='ocr_line' id='line_1_22' title="bbox 281 2584 1090 2667; baseline 0.002 -21"><span class='ocrx_word' id='word_1_141' title='bbox 281 2586 413 2646; x_wconf 82' lang='lat' dir='ltr'>Verbum</span> <span class='ocrx_word' id='word_1_142' title='bbox 427 2597 471 2646; x_wconf 88' lang='lat' dir='ltr'>ast</span> <span class='ocrx_word' id='word_1_143' title='bbox 485 2585 625 2665; x_wconf 87' lang='lat' dir='ltr'>aspicieus</span> <span class='ocrx_word' id='word_1_144' title='bbox 639 2584 781 2659; x_wconf 85' lang='lat' dir='ltr'>divinum,</span> <span class='ocrx_word' id='word_1_145' title='bbox 793 2585 925 2645; x_wconf 81' lang='lat' dir='ltr'>assistere</span> <span class='ocrx_word' id='word_1_146' title='bbox 937 2607 1090 2667; x_wconf 72' lang='lat' dir='ltr'>nunquiam</span> 
     </span>
     <span class='ocr_line' id='line_1_23' title="bbox 281 2683 1078 2766; baseline 0.003 -20"><span class='ocrx_word' id='word_1_147' title='bbox 281 2687 464 2761; x_wconf 65' lang='lat' dir='ltr'>antecessu,</span> <span class='ocrx_word' id='word_1_148' title='bbox 477 2697 660 2765; x_wconf 85' lang='lat' dir='ltr'>mentemque</span> <span class='ocrx_word' id='word_1_149' title='bbox 674 2698 753 2744; x_wconf 86' lang='lat' dir='ltr'>tuam</span> <span class='ocrx_word' id='word_1_150' title='bbox 766 2697 796 2745; x_wconf 90' lang='lat' dir='ltr'>et</span> <span class='ocrx_word' id='word_1_151' title='bbox 808 2705 859 2744; x_wconf 89' lang='lat' dir='ltr'>cor</span> <span class='ocrx_word' id='word_1_152' title='bbox 872 2683 984 2766; x_wconf 83' lang='lat' dir='ltr'>dirige,</span> <span class='ocrx_word' id='word_1_153' title='bbox 994 2699 1078 2748; x_wconf 86' lang='lat' dir='ltr'>recta</span> 
     </span>
     <span class='ocr_line' id='line_1_24' title="bbox 282 2786 1100 2868; baseline -0.001 -19"><span class='ocrx_word' id='word_1_154' title='bbox 282 2795 379 2868; x_wconf 78' lang='lat' dir='ltr'>Atque</span> <span class='ocrx_word' id='word_1_155' title='bbox 392 2787 439 2847; x_wconf 80' lang='lat' dir='ltr'>via</span> <span class='ocrx_word' id='word_1_156' title='bbox 453 2786 620 2866; x_wconf 82' lang='lat' dir='ltr'>ingredere,</span> <span class='ocrx_word' id='word_1_157' title='bbox 631 2787 734 2846; x_wconf 90' lang='lat' dir='ltr'>muudi</span> <span class='ocrx_word' id='word_1_158' title='bbox 747 2799 842 2847; x_wconf 89' lang='lat' dir='ltr'>autem</span> <span class='ocrx_word' id='word_1_159' title='bbox 856 2789 969 2867; x_wconf 79' lang='lat' dir='ltr'>respice</span> <span class='ocrx_word' id='word_1_160' title='bbox 979 2809 1100 2868; x_wconf 81' lang='lat' dir='ltr'>regem,</span> 
     </span>
     <span class='ocr_line' id='line_1_25' title="bbox 158 2888 696 2964; baseline -0.006 -16"><span class='ocrx_word' id='word_1_161' title='bbox 158 2941 161 2948; x_wconf 94' lang='lat'><em>.</em></span> <span class='ocrx_word' id='word_1_162' title='bbox 282 2889 382 2964; x_wconf 84' lang='lat' dir='ltr'>solum</span> <span class='ocrx_word' id='word_1_163' title='bbox 396 2888 587 2954; x_wconf 86' lang='lat' dir='ltr'>immortalem</span> <span class='ocrx_word' id='word_1_164' title='bbox 590 2933 696 2950; x_wconf 91' lang='grc'><strong>.....</strong></span> 
     </span>
    </p>
   </div>
   <div class='ocr_carea' id='block_1_8' title="bbox 202 3035 859 3128">
    <p class='ocr_par' dir='ltr' id='par_1_18' title="bbox 202 3035 859 3128">
     <span class='ocr_line' id='line_1_26' title="bbox 202 3035 859 3128; baseline -0.012 -18"><span class='ocrx_word' id='word_1_165' title='bbox 202 3041 284 3110; x_wconf 79' lang='lat' dir='ltr'>Dein</span> <span class='ocrx_word' id='word_1_166' title='bbox 298 3035 430 3105; x_wconf 86' lang='lat' dir='ltr'>ulterius</span> <span class='ocrx_word' id='word_1_167' title='bbox 446 3056 593 3127; x_wconf 69' lang='lat' dir='ltr'>pergens,</span> <span class='ocrx_word' id='word_1_168' title='bbox 610 3037 695 3105; x_wconf 84' lang='lat' dir='ltr'>clare</span> <span class='ocrx_word' id='word_1_169' title='bbox 710 3035 859 3128; x_wconf 87' lang='lat' dir='ltr'>subjicit:</span> 
     </span>
    </p>
   </div>
   <div class='ocr_carea' id='block_1_9' title="bbox 281 3179 1070 3472">
    <p class='ocr_par' dir='ltr' id='par_1_19' title="bbox 281 3179 1070 3472">
     <span class='ocr_line' id='line_1_27' title="bbox 281 3179 1070 3270; baseline -0.008 -17"><span class='ocrx_word' id='word_1_170' title='bbox 281 3179 326 3253; x_wconf 68' lang='lat' dir='ltr'>Er</span> <span class='ocrx_word' id='word_1_171' title='bbox 339 3211 370 3252; x_wconf 82' lang='lat' dir='ltr'>se</span> <span class='ocrx_word' id='word_1_172' title='bbox 386 3211 460 3250; x_wconf 86' lang='lat' dir='ltr'>uuus</span> <span class='ocrx_word' id='word_1_173' title='bbox 474 3189 596 3270; x_wconf 82' lang='lat' dir='ltr'>genitus,</span> <span class='ocrx_word' id='word_1_174' title='bbox 608 3191 704 3270; x_wconf 79' lang='lat' dir='ltr'>genita</span> <span class='ocrx_word' id='word_1_175' title='bbox 715 3203 744 3250; x_wconf 92' lang='lat' dir='ltr'>et</span> <span class='ocrx_word' id='word_1_176' title='bbox 757 3202 824 3249; x_wconf 84' lang='lat' dir='ltr'>suut</span> <span class='ocrx_word' id='word_1_177' title='bbox 834 3191 933 3249; x_wconf 87' lang='lat' dir='ltr'>omnia</span> <span class='ocrx_word' id='word_1_178' title='bbox 943 3189 982 3248; x_wconf 81' lang='lat' dir='ltr'>ab</span> <span class='ocrx_word' id='word_1_179' title='bbox 990 3209 1070 3248; x_wconf 87' lang='lat' dir='ltr'>uno:</span> 
     </span>
     <span class='ocr_line' id='line_1_28' title="bbox 282 3289 996 3372; baseline -0.008 -18"><span class='ocrx_word' id='word_1_180' title='bbox 282 3300 479 3372; x_wconf 80' lang='lat' dir='ltr'>versaturque</span> <span class='ocrx_word' id='word_1_181' title='bbox 491 3293 522 3351; x_wconf 89' lang='lat' dir='ltr'>iu</span> <span class='ocrx_word' id='word_1_182' title='bbox 535 3292 576 3352; x_wconf 87' lang='lat' dir='ltr'>eis</span> <span class='ocrx_word' id='word_1_183' title='bbox 591 3293 671 3371; x_wconf 89' lang='lat' dir='ltr'>ipse:</span> <span class='ocrx_word' id='word_1_184' title='bbox 686 3311 722 3351; x_wconf 80' lang='lat' dir='ltr'>ex</span> <span class='ocrx_word' id='word_1_185' title='bbox 735 3290 907 3350; x_wconf 87' lang='lat' dir='ltr'>mortalibus</span> <span class='ocrx_word' id='word_1_186' title='bbox 920 3289 996 3350; x_wconf 83' lang='lat' dir='ltr'>ullus</span> 
     </span>
     <span class='ocr_line' id='line_1_29' title="bbox 282 3391 1029 3472; baseline -0.005 -18"><span class='ocrx_word' id='word_1_187' title='bbox 282 3399 344 3455; x_wconf 80' lang='lat' dir='ltr'>Nec</span> <span class='ocrx_word' id='word_1_188' title='bbox 354 3395 435 3455; x_wconf 81' lang='lat' dir='ltr'>videt</span> <span class='ocrx_word' id='word_1_189' title='bbox 443 3394 531 3468; x_wconf 88' lang='lat' dir='ltr'>bunc,</span> <span class='ocrx_word' id='word_1_190' title='bbox 538 3407 638 3454; x_wconf 87' lang='lat' dir='ltr'>contra</span> <span class='ocrx_word' id='word_1_191' title='bbox 649 3395 700 3454; x_wconf 88' lang='lat' dir='ltr'>sed</span> <span class='ocrx_word' id='word_1_192' title='bbox 714 3407 833 3454; x_wconf 87' lang='lat' dir='ltr'>cunctos</span> <span class='ocrx_word' id='word_1_193' title='bbox 845 3391 947 3472; x_wconf 87' lang='lat' dir='ltr'>aspicit</span> <span class='ocrx_word' id='word_1_194' title='bbox 958 3392 1029 3471; x_wconf 85' lang='lat' dir='ltr'>ipse.</span> 
     </span>
    </p>
   </div>
   <div class='ocr_carea' id='block_1_10' title="bbox 204 3539 1280 3720">
    <p class='ocr_par' dir='ltr' id='par_1_20' title="bbox 204 3539 1280 3720">
     <span class='ocr_line' id='line_1_30' title="bbox 204 3539 1280 3634; baseline 0.006 -26"><span class='ocrx_word' id='word_1_195' title='bbox 204 3539 402 3630; x_wconf 79' lang='lat' dir='ltr'>Sic-quidem</span> <span class='ocrx_word' id='word_1_196' title='bbox 417 3539 566 3634; x_wconf 80' lang='lat' dir='ltr'>Orpbeus</span> <span class='ocrx_word' id='word_1_197' title='bbox 580 3567 589 3609; x_wconf 74' lang='grc' dir='ltr'><em>τ</em></span> <span class='ocrx_word' id='word_1_198' title='bbox 602 3543 700 3632; x_wconf 81' lang='lat' dir='ltr'>inque</span> <span class='ocrx_word' id='word_1_199' title='bbox 715 3565 824 3610; x_wconf 81' lang='lat' dir='ltr'>errore</span> <span class='ocrx_word' id='word_1_200' title='bbox 835 3565 870 3609; x_wconf 85' lang='lat' dir='ltr'>ae</span> <span class='ocrx_word' id='word_1_201' title='bbox 887 3555 1046 3610; x_wconf 78' lang='lat' dir='ltr'>versatum</span> <span class='ocrx_word' id='word_1_202' title='bbox 1061 3541 1163 3612; x_wconf 79' lang='lat' dir='ltr'>luisse</span> <span class='ocrx_word' id='word_1_203' title='bbox 1179 3558 1280 3614; x_wconf 80' lang='lat' dir='ltr'>tau--</span> 
     </span>
     <span class='ocr_line' id='line_1_31' title="bbox 204 3648 455 3720; baseline 0.016 -6"><span class='ocrx_word' id='word_1_204' title='bbox 204 3649 278 3716; x_wconf 86' lang='lat' dir='ltr'>dem</span> <span class='ocrx_word' id='word_1_205' title='bbox 293 3648 455 3720; x_wconf 80' lang='lat' dir='ltr'>intellexit.</span> 
     </span>
    </p>
   </div>
   <div class='ocr_carea' id='block_1_11' title="bbox 283 3811 1262 3992">
    <p class='ocr_par' dir='ltr' id='par_1_21' title="bbox 283 3811 1262 3992">
     <span class='ocr_line' id='line_1_32' title="bbox 283 3811 1262 3891; baseline 0.006 -24"><span class='ocrx_word' id='word_1_206' title='bbox 283 3811 1262 3891; x_wconf 77' lang='lat' dir='ltr'>Tuvero,mortalisvariocousiliopraedite,uecuucterisdintioa,</span> 
     </span>
     <span class='ocr_line' id='line_1_33' title="bbox 284 3908 967 3992; baseline 0.004 -23"><span class='ocrx_word' id='word_1_207' title='bbox 284 3908 342 3970; x_wconf 88' lang='lat' dir='ltr'>Sed</span> <span class='ocrx_word' id='word_1_208' title='bbox 355 3921 435 3971; x_wconf 82' lang='lat' dir='ltr'>retro</span> <span class='ocrx_word' id='word_1_209' title='bbox 445 3932 558 3990; x_wconf 84' lang='lat' dir='ltr'>versus,</span> <span class='ocrx_word' id='word_1_210' title='bbox 571 3918 666 3976; x_wconf 86' lang='lat' dir='ltr'>Deum</span> <span class='ocrx_word' id='word_1_211' title='bbox 675 3911 720 3976; x_wconf 82' lang='lat' dir='ltr'>sao</span> <span class='ocrx_word' id='word_1_212' title='bbox 730 3912 784 3974; x_wconf 88' lang='lat' dir='ltr'>tibi</span> <span class='ocrx_word' id='word_1_213' title='bbox 798 3912 967 3992; x_wconf 86' lang='lat' dir='ltr'>propitium.</span> 
     </span>
    </p>
   </div>
   <div class='ocr_carea' id='block_1_12' title="bbox 260 4081 267 4113">
    <p class='ocr_par' dir='ltr' id='par_1_22' title="bbox 260 4081 267 4113">
     <span class='ocr_line' id='line_1_34' title="bbox 260 4081 267 4113; baseline 0 0"><span class='ocrx_word' id='word_1_214' title='bbox 260 4081 267 4113; x_wconf 79' lang='lat' dir='ltr'>t</span> 
     </span>
    </p>
   </div>
   <div class='ocr_carea' id='block_1_13' title="bbox 0 0 1302 4628">
    <p class='ocr_par' dir='ltr' id='par_1_23' title="bbox 0 0 1302 4628">
     <span class='ocr_line' id='line_1_35' title="bbox 0 0 1302 4628; baseline 0 0"><span class='ocrx_word' id='word_1_215' title='bbox 0 0 1302 4628; x_wconf 95' lang='lat' dir='ltr'> </span> 
     </span>
    </p>
   </div>
  </div>
 </body>
</html>
