2574 4628
324 321 524 368 COHORTATIO
549 321 589 364 nt)
612 321 741 366 ulturus·
992 327 1051 397 207

37 463 64 514 ut
81 459 182 538 postea
207 457 345 512 mortem
372 445 540 534 patiamur.
568 443 736 532 Capiumus
757 444 853 532 igitur
874 445 994 528 lucem,
1020 467 1055 518 ut

36 563 123 628 licum
149 579 280 647 quoque
312 557 484 644 capiamus.
514 555 683 644 Capiamus
709 552 835 634 lucem,
862 571 895 626 et
924 562 1052 632 Domini

36 668 164 759 discipuli
186 669 311 736 liumus.
332 668 362 733 ls
377 666 462 732 enim
482 665 568 733 Patri
583 665 650 732 dioc
671 663 830 756 pollicitus
852 683 927 738 est:
951 674 1055 741 Enar-

42 783 130 847 «rabo
152 801 277 846 nomen
298 790 390 844 tuum
411 777 562 844 fratribus
580 778 686 842 meis:
710 780 745 844 in
771 780 877 847 medio
904 783 1055 852 Ecclesiae

35 921 44 952 ι
62 889 226 956 celebrabo
241 901 274 955 te
285 887 309 954 ¹.
328 918 341 950 ι
358 887 507 964 Celebre,
527 910 647 976 quaeso,
664 899 696 952 et
711 911 822 955 enarra
838 892 915 959 mihi
930 907 1055 982 putrem

34 1017 110 1069 tuum
136 1003 256 1068 Deum.
290 998 433 1066 Salutem
461 1001 605 1089 praebent
638 1011 702 1064 tuae
726 1004 952 1070 enarrationes.
987 1004 1055 1073 Do-

35 1114 172 1179 uelitum
192 1125 286 1177 tuum
311 1111 487 1186 canticum,
506 1109 594 1198 quod
609 1108 713 1175 Deum
727 1132 885 1200 quaerens,
901 1099 1056 1186 hactenus
1092 1203 1096 1211 ⁸

34 1223 199 1288 erraverim.
220 1221 306 1288 Cum
317 1243 393 1286 vero
408 1233 442 1285 tu
459 1243 524 1296 me,
537 1221 682 1294 Domine,
703 1221 835 1288 deducis
850 1223 882 1289 in
893 1223 1011 1305 lucem,
1024 1243 1058 1295 et

34 1332 121 1398 Deum
144 1332 276 1399 invenio
296 1355 355 1420 per
377 1344 420 1407 te,
443 1343 476 1396 et
490 1330 616 1408 Patrem
636 1332 758 1421 accipio
773 1334 831 1398 ebs
850 1347 896 1408 te;
915 1337 959 1404 lio
984 1349 1056 1406 tuus

37 1442 186 1519 coluru’,
201 1443 356 1530 quoniam
368 1452 402 1506 te
413 1464 481 1506 reon
490 1443 611 1528 puduit
620 1441 755 1528 βαίνω
770 1467 822 1509 me
836 1442 908 1512 loco
923 1447 1051 1515 hahere.

36 1553 204 1620 Auferamus
224 1554 336 1644 igitur,
360 1551 540 1617 auferamus
568 1551 707 1618 veritatis
732 1539 1056 1649 oblivionemsigno-

37 1665 168 1738 rontium3
189 1678 224 1731 et
241 1663 383 1730 tenebris
407 1684 477 1751 quae
496 1685 553 1728 nos
575 1663 765 1751 impediunt,
781 1663 867 1731 velut
887 1669 928 1734 ab
956 1670 1057 1739 oculis

37 1777 122 1851 nube,
135 1777 278 1852 remotis,
298 1795 410 1840 verum
425 1759 529 1838 Deum
545 1772 812 1863 contemplemur,
827 1775 912 1843 hunc
926 1779 985 1868 ipsi
999 1805 1056 1848 vo-

39 1907 100 1951 cem
122 1887 257 1974 primum
279 1881 520 1950 acclamantes:
540 1881 632 1949 Sulve
652 1881 707 1950 lux
727 1907 735 1947 ε
758 1886 831 1972 quia
848 1887 908 1953 [aar
929 1891 1019 1957 uobis
1039 1918 1058 1960 e

43 1993 127 2069 coelo,
136 1997 184 2084 qui
196 1995 336 2062 remoris
347 1991 462 2058 defossi
476 2004 509 2056 ct
521 1993 559 2055 in
578 1993 697 2059 umbra
712 1995 848 2060 mortis*
861 1997 975 2066 inclusi
993 2001 1057 2068 sui-

43 2126 121 2178 mus,
132 2117 233 2172 cxorta
244 2117 301 2180 est,
314 2100 381 2170 sole
394 2103 524 2190 quidem
534 2104 658 2192 purior,
674 2115 707 2168 ct
718 2104 779 2170 hac
794 2106 856 2172 vita
871 2109 1053 2196 jucundior.

45 2214 109 2278 Lux
124 2213 182 2292 illa,
200 2217 258 2281 vita
270 2226 318 2280 est
340 2225 458 2278 aeterna
467 2237 477 2286 ς
495 2224 528 2278 et
542 2214 665 2302 vivunt,
682 2237 890 2304 quaecumque
905 2241 976 2284 eam
990 2247 1080 2312 par-⁴

43 2325 170 2414 ticipent.
186 2325 253 2392 Nox
267 2337 378 2390 eutem
393 2322 474 2412 fugit
495 2321 616 2397 lucem,
636 2333 668 2386 et
688 2346 754 2410 prae
771 2325 885 2390 timore
901 2351 968 2394 sese
986 2353 1061 2397 con-

42 2437 123 2512 dens,
138 2437 193 2502 diei
207 2436 339 2503 Domini
351 2433 447 2500 cedit.
464 2433 588 2520 Ubique
608 2431 722 2499 diffusa
737 2445 785 2498 cst
801 2433 867 2512 lux,
880 2461 950 2525 quae
965 2441 1061 2528 sopiri

36 2569 93 2611 nou
110 2560 227 2636 poteet;
255 2559 290 2613 ct
313 2544 463 2612 occidens
483 2543 596 2610 orienti
614 2543 758 2612 credidit.
780 2543 876 2624 Quod
897 2549 1062 2634 quideme
1114 2633 1118 2644 ι

34 2681 112 2723 novo
131 2659 296 2724 creatione
318 2653 532 2744 significatum
550 2665 598 2718 est
625 2679 632 2719 ε
651 2653 710 2720 Sol
737 2655 823 2720 enim
841 2659 1022 2744 jctstitioe⁶,
1045 2686 1063 2727 a
1143 2671 1150 2688 '

32 2791 88 2854 quo
103 2769 250 2834 universa
262 2765 502 2852 obequitautur,
519 2775 622 2830 totum
633 2787 733 2852 genus
745 2765 922 2836 humanum
937 2769 1064 2858 aequali·
1147 2759 1149 2770 ¹

30 2891 73 2944 ter
94 2877 207 2945 lustrat
228 2875 331 2942 Patris
355 2874 404 2940 sui
422 2872 580 2963 exemplo,
599 2874 654 2962 qui
674 2875 768 2962 facit,
791 2893 827 2943 ut
847 2880 896 2944 sol
913 2902 990 2946 suus
1004 2905 1064 2948 eso-

30 2991 151 3055 oriatur
161 2985 283 3077 auper‘
300 3009 410 3052 omnes
426 2985 584 3059 homiues,
594 3007 711 3072 eosque
725 3009 797 3050 rore
811 2988 949 3056 veritatis
960 3014 1065 3079 asper·

26 3100 76 3189 git.
94 3101 124 3166 ls
141 3121 295 3166 occasum
311 3095 450 3162 traduxit
470 3094 693 3171 adorientem,
710 3107 743 3158 et
757 3110 895 3164 mortem
907 3099 1064 3187 quodam-

27 3211 116 3276 modo
132 3209 322 3277 crucifixam
339 3207 372 3272 in
392 3207 489 3272 vitem
504 3203 652 3269 sustulit:
671 3204 835 3273 hominem
848 3221 957 3276 autem
969 3211 1064 3278 exitio

26 3335 169 3410 ereptum
181 3319 292 3384 aethcri
303 3315 468 3406 suspendit
480 3315 603 3379 divinus
615 3311 766 3402 agricola,
780 3318 1018 3405 corruptionem
1030 3322 1063 3388 in

25 3429 258 3496 immunitatem
275 3426 435 3502 interitus,
452 3437 635 3510 terramque
652 3421 684 3490 in
706 3421 824 3490 coelum
844 3427 1035 3498 transferens
1053 3456 1061 3498 ι

32 3567 43 3600 ι
56 3541 211 3631 Prospera
221 3537 416 3628 significans,
429 3532 562 3624 populos
573 3541 682 3598 autem
697 3532 739 3597 ad
750 3555 830 3622 opus
844 3535 966 3603 bonum
977 3542 1066 3608 exci-

23 3663 132 3727 ιιιιιιε,
150 3672 271 3716 verum
287 3649 408 3714 victum
423 3667 575 3711 revocans
593 3644 626 3708 in
642 3642 828 3710 memoriam
837 3670 847 3718 3
868 3647 1066 3716 »heredium

25 3773 84 3828 tem
102 3761 201 3828 nobis
218 3759 356 3848 largiens
373 3779 445 3823 rere
463 3776 611 3844 maguum
628 3775 665 3818 uc
682 3751 831 3839 diyinam,
848 3769 880 3821 ct
899 3782 969 3848 quae
984 3763 1064 3850 eripi

55 3932 421 3995 ¹Pn1-urr,2r.-²llom.
437 3925 694 3993 vui,17.-³iicbr.
710 3943 736 3988 u,
757 3945 792 3978 ιι,
807 3929 857 3970 ..t
871 3933 960 3985 Mauh.
977 3951 1011 3994 ,γ’
1028 3935 1066 3984 16,

24 4009 80 4061 lsai.
96 4029 172 4072 rm.
183 4013 232 4053 --⁵
246 4010 356 4064 Malach·
370 4026 406 4070 ιι,
420 4025 441 4058 2.
453 4036 483 4070 τ
493 4006 503 4040 ⁶
514 4005 607 4058 Metth.
617 4019 641 4066 v,
656 4003 696 4061 45.
