2478 4594
344 309 534 358 ornouaruu
556 311 617 356 nra.
643 311 685 357 vr.
978 278 1042 379 ⁸275

0 413 169 514 (avaut,
186 459 251 502 non
266 433 334 502 vult
350 433 484 525 amplius
501 457 666 502 recurrere
687 435 728 502 ad
751 417 1045 524 Graecam'pliloso-

0 545 127 623 dium,
143 567 214 612 cam
225 543 394 635 allegorice
409 566 525 611 vocans
535 541 644 609 mundi
656 544 836 621 elementu¹,
849 557 885 610 ut
896 568 967 633 quae
983 543 1045 612 ele·
1103 617 1109 624 ,

3 686 23 712 ιι
34 665 114 720 enta
126 652 363 742 quedammodo
375 651 506 743 doceat,
518 662 551 719 et
569 653 609 718 sit
625 651 720 718 veluti
740 649 906 742 disciplina
921 677 1045 744 prace-

2 785 85 828 ·cns
106 762 283 827 veritatem.
310 760 471 843 Quocirca
497 758 539 826 ad
560 761 710 826 Hebraeos
732 784 860 850 quoque
882 761 1043 840 scribens,

1 903 7 927 ·
28 900 36 927 ο
48 869 58 935 i
71 895 91 936 a
104 869 169 936 fida
178 871 219 936 ad
229 868 332 959 legem
344 867 610 935 reflectebantur:
621 868 693 937 «An
704 893 829 946 rursus,
843 869 955 958 iuquit,
965 894 1045 962 opus

18 976 153 1044 hahetis
177 989 212 1042 ut
234 1000 289 1043 vos
313 976 446 1043 doceam
462 999 608 1064 quaenam
630 977 694 1043 siut
707 977 863 1044 clementa
878 959 959 1044 initii
981 979 1045 1046 elo—

19 1087 179 1175 quiorum
189 1086 269 1153 Dei?
279 1097 313 1152 et
328 1108 407 1176 opus
418 1085 507 1152 vobis
519 1109 587 1153 esse
598 1085 803 1176 coepitlacte,
819 1099 852 1153 et
866 1111 930 1183 non
942 1087 1044 1156 solido

21 1192 162 1261 cibe'.»
181 1193 333 1261 Simditer'
349 1205 457 1261 autem
473 1193 513 1260 ad
529 1193 731 1262 Colosseuses
754 1219 880 1285 quoque
895 1197 949 1285 qui
965 1219 1045 1265 con·

5 1311 177 1370 ertuntur
191 1327 230 1368 ex
242 1303 380 1393 Graecis:
403 1303 542 1372 «Videte
552 1293 597 1370 ¹ne
613 1304 683 1392 quis
699 1327 754 1369 ros
772 1305 973 1400 depraedetur
988 1328 1046 1396 per

20 1409 262 1502 philosophiam
274 1422 307 1478 ct
317 1413 445 1480 inanem
458 1412 698 1501 deceptionem,
715 1413 894 1479 meandum
904 1414 1046 1482 traditio-

23 1539 108 1583 nem
118 1514 300 1594 homiuum,
313 1517 492 1584 secundum
507 1515 663 1584 elementa
677 1516 916 1607 hujusmundi,
930 1531 964 1585 et
979 1540 1045 1587 non

21 1625 205 1692 secuudum
220 1625 404 1693 Christum⁸
417 1655 448 1703 ,ι
469 1625 590 1693 scilicet
606 1624 765 1705 alliciens,
781 1627 897 1694 reverti
916 1627 957 1694 ad
970 1627 1046 1717 phi-

7 1733 183 1823 osophiam
194 1757 264 1822 quae
279 1732 478 1800 elementaris
494 1745 542 1798 est
562 1733 725 1800 doctrina.
750 1733 848 1815 Quod
863 1733 889 1798 si
909 1735 980 1821 quis
994 1735 1045 1801 di-

18 1854 75 1919 at,
92 1865 151 1930 per
164 1841 332 1908 hominum
349 1840 589 1929 intelligentiam
609 1840 705 1905 luisse
722 1839 914 1907 inventam'a
925 1841 1045 1908 Graecis

5 1949 262 2042 ·hilosophlam:
283 1961 378 2037 atque
393 1948 520 2014 invenio
538 1948 720 2037 Scripturas
743 1947 903 2025 dicentes,
927 1947 1047 2038 intelli-

0 2091 10 2142 g
25 2060 144 2126 utiam
156 2083 224 2125 essu
236 2059 331 2125 aDco
341 2058 482 2124 missam.
496 2054 760 2146 Psalmographus
771 2069 859 2122 certe
871 2058 1046 2127 maximum

0 2200 4 2207 ·
17 2191 71 2233 se
88 2167 211 2233 donum
226 2166 385 2232 existimat
399 2163 658 2254 intelligentiam,
674 2176 706 2231 ct
717 2163 796 2256 petit
809 2164 935 2232 dicens:
948 2194 962 2227 ι
973 2167 1045 2234 Ser-

16 2299 83 2342 vus
98 2287 246 2364 tnusego
259 2295 347 2350 sum,
365 2272 415 2364 iac
427 2285 462 2336 ut
476 2273 536 2338 sim
551 2271 728 2362 intelligens
737 2272 785 2337 ⁴.»
807 2272 970 2362 Numquid
986 2299 1045 2342 au·

6 2407 71 2450 cm
90 2380 304 2471 multiplicem
319 2391 429 2469 petens
449 2380 680 2470 cognitionem,
692 2381 802 2447 scribit
815 2381 933 2448 David:
955 2383 1046 2449 «Bo-

14 2492 163 2558 nitatem
177 2501 212 2556 et
223 2488 421 2579 disciplinam
433 2501 466 2554 et
480 2489 694 2577 cognitionem
710 2489 791 2556 doce
806 2513 879 2566 me,
895 2492 1046 2578 quoniam

14 2599 185 2668 mandatis
196 2599 260 2663 tuis
272 2597 391 2690 credidi
401 2597 456 2663 ⁵1³»
467 2597 526 2663 Ubi
532 2598 648 2664 latetur
655 2598 856 2665 Testamenta
869 2622 937 2666 esse
948 2601 1061 2667 maxi.

0 2727 63 2772 ..ω
88 2705 304 2782 auctoritatis,
328 2717 361 2770 et
378 2704 445 2772 dari
470 2703 544 2772 solis
562 2705 887 2794 praestantioribus...
907 2709 948 2773 Et
966 2731 1046 2798 quo-

2 2813 111 2880 .'=m‘
128 2803 238 2880 dieunt
251 2813 373 2890 Graeci,
390 2825 553 2903 praeeunte
564 2814 755 2904 Protagora,
768 2799 930 2882 inventam
946 2815 1041 2884 fuisse

2 2921 185 3012 'sputandi
203 2923 382 2998 rationem,
399 2946 461 3010 qua
481 2924 567 2988 omni
593 2934 779 3011 argumento
796 2921 882 2989 aliud
896 2911 1041 3014 oppone-

19 3039 109 3104 tur,
122 3028 185 3094 dici
196 3023 345 3095 convenit
360 3029 457 3093 etium
474 3027 592 3116 aliquid
612 3029 760 3095 adversus
772 3027 851 3094 tales
867 3029 1037 3098 orationes.

6 3137 86 3204 t'cit
102 3119 191 3202 anim'
204 3137 390 3224 Scriptura:
412 3162 425 3195 a
437 3136 501 3215 Qui
517 3134 617 3201 multa
640 3135 734 3213 dicit,
760 3135 898 3202 vicissim
912 3159 1041 3225 quoque

17 3241 160 3312 urrdiet⁷.
174 3273 187 3307 a
204 3242 392 3312 Parabolam
408 3255 514 3309 autem
522 3244 650 3309 Domini
659 3245 727 3331 quis
739 3231 910 3333 intelliget,
922 3245 983 3310 nisi
994 3269 1040 3312 aa·

2 3349 1041 3440 ἰοιιεειεοίοιιε,ειςυίἀῦίεἰῐῦοωὶηιιωευιιωῖ«ὃίιονςο,ᾳιιίῖιι-

17 3462 59 3530 lis
67 3476 133 3538 est,
144 3461 244 3528 fidelis
256 3485 264 3527 :
275 3460 479 3550 sitejusmodi
487 3443 626 3549 utpossit
636 3459 793 3550 explicare
806 3457 1037 3550 cognitionem,

36 3658 45 3684 ¹
61 3660 159 3712 Coloau.
173 3677 204 3723 u,
212 3660 237 3712 8.
250 3659 299 3698 -¹
312 3657 385 3711 lisias.
401 3677 427 3723 v,
441 3658 701 3716 12.-⁸c‹›10sa11,
723 3661 747 3708 8.
762 3658 808 3697 -⁴
820 3657 883 3711 Paul.
895 3674 968 3724 cxxx,
980 3658 1037 3718 1²5·

43 3749 185 3800 'tuneo
1078 3729 1082 3738 '

31 3841 41 3863 ⁸
55 3843 114 3906 Pag-
124 3855 175 3908 772
186 3852 208 3888 ct
220 3858 270 3906 aeq.
286 3901 288 3908 Α

30 3929 114 3979 'Jcln
128 3947 158 3978 ιι
169 3967 176 3992 ,
189 3947 212 3980 ².

135 4040 177 4084 lv,
