2614 4628
203 229 263 304 ¹4⁰
366 251 376 272 ¹
510 249 684 296 cununnrrs
709 253 919 298 snnxannnuu

197 361 239 427 dc
251 362 426 452 virginitate
440 357 619 455 lllinervae);
636 367 812 433 secundum
832 369 1008 444 Creticum,
1021 369 1248 456 Corybantisr

94 471 109 482 ”
197 475 340 550 tertium,
363 475 467 551 Jovis3
492 491 642 564 quartum
661 479 832 555 Arcadem,
859 477 956 544 Sileni
976 478 1070 565 (eum
1094 481 1249 548 Arcades

197 583 347 650 Nomium
373 585 529 673 vocant);
551 587 698 674 quintum
712 587 849 675 denique
871 587 1046 676 Libycum,
1067 588 1247 656 Ammonis

197 690 313 767 lilium,
329 706 473 760 recenset
492 718 500 758 :
521 694 638 783 quibus
652 694 808 782 Didymus
826 696 1051 784 grammaticus
1068 697 1246 786 subjungit

198 814 335 879 sextum,
347 803 492 892 Magnete
506 804 660 892 genitum.
676 804 769 870 Nunc
784 827 859 870 vero
871 816 950 893 quot
965 805 1122 871 babemus
1134 805 1245 894 Apol-

196 899 292 978 linesl
310 911 480 980 multitudo
495 914 587 980 nobis
601 926 650 979 est
664 915 897 1003 propemodum
912 914 1034 981 infinita
1048 915 1244 982 mortalium

196 1017 363 1088 hominum
384 1023 452 1110 qui,
474 1021 561 1110 quod
582 1021 759 1088 humanum
775 1045 874 1111 genus
890 1022 1082 1113 adjuverint,
1109 1048 1150 1090 eo
1180 1047 1243 1090 no-

197 1131 295 1207 mine,
311 1132 429 1220 pariter
443 1153 481 1197 ac
495 1133 599 1198 ceteri
615 1132 681 1219 jam
694 1131 852 1223 praedicti,
867 1133 1018 1222 gaudent.
1039 1134 1131 1214 Quid
1145 1159 1240 1210 vero,

197 1232 435 1331 si'AEsculspios
449 1241 537 1307 vobis
559 1263 682 1316 omncs,
702 1253 758 1306 sut
778 1241 966 1318 Mercurios,
984 1255 1039 1308 aut
1059 1241 1238 1318 Vulcanus,

197 1353 251 1442 qui
267 1355 299 1417 in
314 1351 430 1424 subulis,
444 1364 676 1428 memorantur,
696 1373 862 1418 recensere
883 1352 1039 1441 pergami
1061 1375 1173 1418 nonne
1189 1355 1239 1418 ni-

198 1463 280 1528 mius
295 1483 363 1528 esse
376 1463 519 1538 videbor,
532 1474 712 1549 vestrasque
726 1484 818 1526 aures
831 1463 896 1550 ipsa
909 1463 1076 1528 nominum
1087 1461 1238 1529 multitu-

198 1573 272 1639 dine
290 1573 444 1640 obruam?
466 1573 708 1662 Transeundum
724 1572 821 1662 igitur
831 1573 871 1638 ad
886 1573 1015 1660 patrias,
1033 1586 1131 1649 artes,
1143 1575 1236 1648 vitas,

198 1695 230 1748 et
249 1684 315 1773 ipsa
331 1684 467 1771 denique
489 1680 632 1771 sepulcra
655 1693 832 1748 vestrorum
856 1682 1003 1757 deorum,
1016 1705 1088 1771 quae
1112 1683 1238 1772 singula

197 1794 271 1859 satis
294 1794 489 1861 convincunt
510 1815 565 1857 eos
587 1791 682 1857 luisse
704 1791 860 1861 homines.
882 1789 964 1856 hlars
992 1802 1113 1866 autem,
1139 1793 1235 1880 quia

197 1906 298 1994 politis
314 1928 439 1972 summo
456 1902 627 1969 inhonore
642 1901 769 1968 habitus
784 1914 852 1967 est:

229 2051 320 2117 Mars,
333 2051 423 2118 Mars,
435 2045 586 2103 hominum
599 2043 697 2122 pestis,
708 2043 900 2120 sanguinarie,
911 2045 1083 2103 maeniorum
1098 2064 1237 2103 eversor:

196 2185 261 2262 ille,
281 2187 422 2275 inquam,
444 2188 503 2274 qui
523 2208 614 2250 nunc
639 2183 711 2259 tas,
733 2209 825 2250 nunc
843 2186 922 2251 istus
941 2203 1054 2276 partes
1071 2189 1236 2274 sequitur,

196 2310 228 2363 et
243 2298 281 2361 in
292 2298 394 2364 hostes
411 2296 568 2386 insurgit,
583 2294 728 2361 trudente
740 2295 943 2384 Epicharmo,
960 2296 1139 2386 Spartanus
1154 2311 1234 2363 erat.

197 2407 373 2498 Sophocles
384 2421 492 2474 autem
506 2407 675 2482 Thracem,
689 2416 723 2470 et
737 2403 788 2470 alii
801 2405 958 2500 Arcadem
971 2407 1066 2474 luisse
1078 2409 1234 2497 produnt.

197 2519 354 2584 Homerus
378 2518 527 2584 eumdem
552 2515 688 2582 vincula
718 2517 872 2582 tredecim
900 2541 1026 2584 mermes
1045 2543 1238 2609 perpessum

196 2637 373 2690 memorat:

274 2775 310 2830 Et
320 2775 400 2831 Mars
412 2768 561 2844 sustinuit,
574 2789 639 2850 epm
653 2789 719 2828 eum
730 2776 822 2845 Otus,
837 2771 979 2851 sortisque
995 2771 1163 2850 Ephialtes,

274 2873 341 2932 Filii
348 2872 446 2942 Aloei,
456 2871 525 2928 lorti
538 2859 655 2928 vinculo
668 2870 811 2948 ligarunt:

274 2977 364 3032 AEneo
377 2983 473 3030 autem
485 2971 514 3028 in
529 2990 644 3030 carcere
659 2969 804 3049 ligabatur
818 2969 954 3029 tredecim
968 2989 1089 3030 menses.

195 3117 282 3183 Rene
304 3123 405 3180 vertat
428 3113 575 3187 Caribus,
599 3113 684 3200 quod
707 3135 801 3178 canes
827 3112 856 3177 ei
879 3110 1075 3178 sacrificant.
1104 3113 1235 3203 Scytha

195 3228 296 3294 asinos
312 3223 477 3292 immolare
491 3246 532 3290 ne
547 3222 692 3288 desinant
708 3245 716 3288 ε
732 3223 825 3311 cujus
840 3223 920 3288 sacri
938 3222 1084 3290 meminit
1100 3221 1236 3314 Apollo-

194 3335 303 3410 dorus,
319 3335 459 3424 itemquo
475 3330 709 3428 Callimachust

271 3480 396 3539 Phoebus
409 3479 608 3559 Hyperboreis
623 3479 769 3537 asinorum
784 3477 1033 3540 immolationibus
1049 3483 1193 3542 exoritur.

193 3609 282 3678 ldem
306 3633 380 3676 vcro
403 3609 463 3676 alio
485 3611 518 3677 in
540 3609 633 3677 loco:

272 3749 423 3809 Delectant
437 3749 577 3810 Phoebum
592 3753 712 3832 pingues
729 3753 876 3812 asinorum
889 3755 1084 3814 mactationes.

192 3887 353 3956 Vulcanus
364 3901 483 3966 sutem,
500 3914 596 3979 quem
610 3891 736 3980 Jupiter
755 3916 793 3959 ex
817 3890 955 3983 Olympo
977 3893 1182 3971 deturbavit,
1209 3922 1228 3962 a
