2448 4610
311 270 380 322 ouis
403 271 490 314 nives
513 271 686 314 sscvsrun.
953 253 1016 330 455

8 411 62 466 rn,
80 389 144 457 Dei
162 387 262 458 Filius
272 393 415 482 precipit
433 415 471 459 nc
489 393 605 459 docet?
618 393 688 459 Non
707 392 770 459 hoc
787 394 918 459 mundat
935 395 1020 482 quod

21 510 200 587 aspectum
217 500 321 577 cadit,
338 501 425 588 quod
441 499 492 566 atii
510 501 630 575 feceres
647 503 702 568 sed
720 500 808 568 uliud
823 502 900 591 quid
919 505 1022 593 majus

7 605 187 695 siniusque
197 619 231 673 et
241 608 423 697 perfectius,
437 610 524 699 qnod
536 609 589 676 illo
601 609 797 700 significatur
809 634 817 676 :
830 625 865 676 ut
879 607 1022 678 animum

10 712 102 779 'iicet
120 713 339 804 affectumque
351 715 430 780 vitiis
445 717 615 793 nudemus,
627 739 666 784 nc
678 739 747 805 qnae
763 717 864 783 nlieun
884 731 959 784 sunt
976 743 1023 785 rs-

30 824 95 888 ‘tus
107 846 149 888 ox
160 847 201 890 eo
211 825 416 891 excindnmus
428 837 461 890 et
475 825 651 914 ejiciemus.
666 827 736 894 Hoc
748 827 898 892 nimirum
913 828 971 894 riri
988 829 1023 896 st·

4 976 18 987 .,
29 934 56 998 is
69 934 247 1021 proprium
262 933 503 1010 documentum,
513 933 670 1023 dignaque
685 933 847 1002 salvatore
865 936 1019 1009 doctrine.

28 1039 116 1128 tiqui
127 1041 231 1118 enim,
242 1043 431 1131 contemptis
442 1043 664 1120 exterioribus,
672 1044 882 1132 possessiones
894 1046 1024 1132 quidem

0 1198 5 1205 ‚
24 1151 236 1239 iqueruntnc
248 1153 439 1226 emiseruut3
455 1152 512 1218 sed
523 1152 597 1218 vitia
608 1154 705 1218 enimi
717 1175 754 1220 oc
772 1156 1025 1243 perturbationes

23 1262 163 1327 itroret
176 1273 341 1330 suxerunt.
353 1262 489 1350 Superbi
501 1263 587 1328 enim
598 1285 637 1328 ex
648 1263 711 1329 hoc
719 1275 752 1328 et
760 1262 833 1328 elati
843 1277 1023 1341 evaserunt,

9 1410 20 1423 ν-
30 1370 84 1436 nis
100 1367 214 1459 glorie
228 1369 325 1458 pleni,
338 1382 371 1436 ot
384 1371 438 1459 qui
453 1369 647 1458 reliquorum
663 1385 850 1461 contemptu
866 1373 1024 1440 duceren-

2 1510 5 1531 ·
36 1479 156 1566 ,qussi
173 1478 233 1568 ipsi
248 1477 366 1567 aliquid
381 1501 476 1569 supro
489 1479 651 1546 bominem
663 1483 840 1571 gessissent.
854 1483 1024 1562 Quomodo
1052 1555 1058 1566 ,

12 1585 81 1652 'tur
103 1584 254 1652 Salvator
276 1587 309 1654 in
331 1598 486 1654 eternum
506 1588 634 1655 victuris
658 1591 844 1680 praeeiperet
868 1615 938 1680 quse
963 1593 1028 1658 siut

11 1730 15 1751 s
44 1698 132 1762 iture
156 1694 326 1785 labemque
347 1695 492 1773 allatura,
508 1699 595 1786 quod
617 1699 729 1765 attinet
747 1699 789 1765 nd
811 1699 909 1764 vitem
929 1722 1026 1787 quem

24 1817 93 1872 cte
119 1802 314 1893 pollicetur?
330 1803 411 1871 Nem
432 1805 495 1870 etsi¹
514 1802 593 1870 illud
611 1806 793 1895 contigerit,
816 1817 925 1894 potest
943 1808 1024 1893 quis,

11 1948 35 1971 ιιι
53 1948 58 1971 ι
72 1916 131 1981 ito
148 1911 338 1982 facultatum
352 1935 462 1990 onere,
476 1912 681 1980 nibilominus
697 1914 802 1981 sdbuc
818 1917 1025 2004 pecuniarum

0 2064 4 2075 ·
33 2026 197 2092 iditntem
213 2047 252 2090 sc
267 2025 353 2091 sitim
369 2025 474 2090 animo
493 2023 636 2091 inolitam
651 2026 873 2115 vigentemqne
885 2025 1003 2091 babere
1012 2049 1022 2099 ;

35 2157 135 2201 nsum
149 2133 282 2222 quidem
300 2133 466 2222 abjecisse,
483 2133 655 2221 indigentia
675 2145 780 2198 tomen
795 2132 952 2222 simulque
967 2134 1025 2201 de-

17 2282 22 2301 ·
38 2245 102 2310 rio
118 2242 300 2332 dilapidstae
314 2241 359 2307 rei
373 2239 549 2336 familiaris,
565 2238 735 2329 dupliciter
749 2239 869 2317 dolere,
886 2252 954 2306 tum
974 2243 1026 2308 ni-

5 2355 104 2420 'rum
118 2352 209 2442 quod
223 2351 326 2418 desint
340 2351 515 2419 necessaris
536 2350 676 2426 servitis,
696 2360 765 2415 tum
780 2350 867 2438 quod
883 2372 919 2415 eo
936 2352 1026 2440 ubje-

0 2505 21 2519 ›.
35 2520 37 2523 f
52 2496 59 2522 ·-
77 2464 247 2554 poenitent.
265 2463 347 2528 Fieri
364 2462 450 2528 enim
469 2485 534 2527 non
556 2471 673 2550 potest,
697 2483 757 2528 neo
779 2483 870 2526 secus
887 2482 1028 2548 unquam

7 2611 9 2619 ·
25 2587 54 2650 t,
72 2587 111 2639 nt
133 2574 189 2640 cui
213 2572 317 2638 desint
336 2571 511 2637 necessarie
526 2569 642 2658 quibus
662 2569 759 2635 vitem
778 2578 945 2643 sustentet,
962 2591 1028 2634 non

1 2686 93 2754 nimo
115 2681 220 2772 frangi
236 2693 330 2770 atque
353 2680 562 2769 upotioribus
578 2677 710 2746 sollicite
732 2691 839 2745 mente
862 2689 1025 2754 avocetur,

1 2793 62 2862 ium
78 2793 193 2882 quovis
208 2791 303 2856 modo
317 2802 374 2855 sut
387 2789 518 2855 undosis
532 2787 602 2855 baec
615 2811 726 2877 parare
743 2800 887 2854 conatur.

29 2903 124 2970 thl.
139 2904 184 2970 As
197 2912 317 2989 quanto
331 2899 428 2966 satius
443 2897 637 2986 oppositum,
651 2909 686 2962 ut
695 2919 753 2987 per
763 2921 838 2987 opes
851 2896 1027 2963 mediocres

2 3025 22 3080 st
36 3013 105 3103 ipse
119 3010 204 3079 muln
217 3034 279 3076 non
293 3007 418 3084 toleret,
431 3019 463 3073 et
476 3007 590 3094 quibus
602 3017 727 3094 oportet
742 3005 931 3093 suppeditet.
949 3005 1029 3084 Qute

2 3123 75 3190 mim
90 3124 159 3212 jem
175 3119 260 3209 apud
274 3119 419 3184 homines
433 3115 555 3202 relique
570 3115 880 3189 communicationi,
893 3109 920 3178 si
933 3135 1029 3178 nemo

2 3233 166 3322 pnidqunm
183 3229 322 3295 babenti
337 3227 508 3308 Quomodo
527 3247 601 3290 vero
617 3224 730 3314 dogmn
752 3223 815 3289 boo
836 3245 901 3288 non
923 3231 1030 3310 aperte

2 3351 114 3430 pugnet
127 3360 205 3405 cum
221 3334 328 3402 multis
342 3335 409 3402 eliis
425 3357 463 3400 nc
483 3333 653 3423 praeoloris,
669 3357 740 3422 quae
761 3333 915 3398 Dominus
930 3331 1030 3397 sensit

4 3462 124 3539 utaque
137 3443 281 3515 voluitit
297 3445 405 3512 Facite
421 3444 511 3510 vobis
527 3444 646 3510 amicos
663 3444 703 3508 de
718 3464 900 3508 mammons
919 3439 1030 3527 iniqui-

4 3559 108 3634 ·tatis,
120 3569 157 3622 ut
173 3579 248 3623 cum
260 3553 451 3629 defeceritis,
468 3553 623 3641 recipiant
639 3575 693 3617 ros
708 3552 741 3617 in
756 3564 871 3618 aeternn
885 3551 1029 3616 taberne-

4 3667 124 3738 ·eubr¹.
142 3667 256 3733 Parnte
271 3665 435 3732 thesauros
451 3663 483 3729 in
504 3660 599 3739 coslo,
617 3662 672 3728 ubi
688 3683 791 3751 noque
807 3683 911 3751 aerugo
927 3683 1029 3748 neque
1076 3705 1079 3714 ·

5 3809 9 3842 ι
24 3781 107 3846 tinea
122 3773 353 3850 demoliuntur,
365 3796 469 3860 neque
480 3773 565 3839 sures
577 3769 761 3839 effodiunt².
778 3770 947 3852 »Quonam
960 3772 1029 3859 quis

29 3911 37 3946 ¹
49 3911 108 3962 Luc.
123 3925 177 3970 xvi,
187 3925 212 3975 9.
224 3937 255 3946 —
267 3905 278 3940 ²
288 3905 378 3955 Mattb.
390 3921 425 3966 vr,
440 3921 476 3969 ²9·
