2546 4614
307 337 430 386 eonraa
453 333 599 382 senonen
622 333 663 381 rr
687 333 834 384 umacus.
1020 304 1088 392 ⁴¹59

66 445 961 548 sibiconveniena‚equolemsibieteumdemipsumeoae
971 451 1089 524 neum.

65 569 137 638 nibil
160 573 291 639 omnino
305 591 419 638 eorum
435 593 508 659 qua
527 591 583 636 sua
602 578 677 634 sunt
697 564 851 654 inaequale
872 564 1043 632 habentem
1057 567 1092 624 et

64 681 296 748 inconveniens.
318 680 352 748 Si
373 679 468 770 igitur
483 677 661 746 secundum
677 676 837 742 Beronem
855 683 1016 762 assumpta
1030 665 1091 736 sibi

64 813 135 858 caro
147 791 292 882 ejusdem
306 789 497 881 operationis
512 788 625 855 effecta
640 798 700 862 est,
715 783 804 852 baud
819 783 953 851 dubium
966 779 1043 868 quin
1058 783 1093 840 et

64 900 205 989 ejusdem
219 900 301 967 saeta
316 912 365 965 est
379 898 440 966 sibi
455 909 588 972 naturae,
602 917 677 962 cum
688 903 843 984 quotquot
856 904 905 958 est
918 901 1044 964 natura,
1058 883 1092 951 id

65 1022 125 1087 est,
145 1009 424 1100 inprincipalitate,
440 1008 625 1083 infactione,
643 1004 810 1080 infinitate,
828 998 1090 1091 sempiternitate,

64 1119 451 1211 incomprehensibilitate,
476 1131 511 1185 et
534 1137 745 1207 quecumque
770 1112 886 1179 borum
914 1106 1094 1176 seeundum

1 1247 2 1258 ¹
64 1233 313 1323 magnitudinem
328 1228 506 1320 theologica
524 1225 716 1316 amplissime
732 1224 766 1290 in
786 1222 902 1288 deitate
919 1219 1000 1286 ratio
1018 1237 1095 1282 con·

64 1341 247 1431 templator,
278 1352 311 1406 et
333 1338 583 1408 vicissitudinem
610 1347 744 1423 utraque
764 1355 858 1423 passa
885 1341 958 1396 suut
979 1337 1093 1395 neutro

66 1460 185 1516 nature
204 1473 269 1517 suae
289 1445 708 1516 substantialem'rationem
732 1439 814 1508 ultra
834 1436 1014 1505 salvandam
1035 1433 1095 1499 ha-

66 1561 170 1626 bente.
196 1560 260 1640 Qui
282 1559 369 1625 enim
389 1579 502 1624 eorum
522 1579 594 1646 quse
615 1553 744 1622 alterius
765 1562 840 1618 eunt
862 1560 983 1616 nature
1001 1543 1114 1632 sentit·

63 1666 208 1733 amdam
223 1667 453 1757 operationem,
465 1664 686 1732 confusionem
696 1658 791 1728 simul
801 1655 992 1732 naturalem,
1004 1664 1037 1720 et
1051 1652 1096 1718 di-

64 1775 217 1842 visionem
234 1800 346 1842 eorum
360 1773 559 1864 personalem
573 1772 748 1840 introducit
763 1794 774 1836 t
793 1767 953 1858 incognita
967 1784 1096 1854 prorsus

1 1955 3 1982 s
64 1883 253 1954 idiomatum
268 1883 519 1952 commutatione
531 1881 668 1954 naturali
682 1903 795 1948 eorum
816 1879 899 1948 saeta
918 1871 1093 1944 existentia.

289 2046 438 2120 Ejusdem,
452 2067 492 2105 ea
504 2048 601 2105 cortem
616 2047 757 2107 Sermone.
777 2047 849 2105 VII.

110 2198 144 2265 Si
159 2221 234 2266 vero
254 2199 400 2289 ejusdem
414 2201 474 2268 sibi
494 2223 560 2266 non
575 2199 635 2266 suit
652 2207 788 2286 natura,
803 2219 864 2263 nec
879 2192 1023 2284 ejusdem
1039 2185 1099 2254 sibi

62 2306 234 2396 aliquando
246 2308 305 2374 fiet
319 2309 469 2376 naturalis
483 2308 687 2398 operationis,
701 2331 741 2374 ne
756 2317 906 2397 appareat
920 2299 1099 2370 secundum

62 2428 211 2483 naturam
230 2419 448 2510 operationem
469 2415 661 2506 inequalem
682 2415 801 2483 babere
819 2425 852 2482 et
873 2409 1100 2479 inconvenieu-
1164 2411 1176 2430 ⁴

64 2527 143 2600 tem,
156 2535 190 2590 et
204 2549 268 2592 suoe
283 2525 380 2614 ipsius
395 2548 454 2616 per
469 2526 576 2590 omnia
587 2548 700 2591 corum
711 2548 782 2612 quae
793 2547 848 2590 sua
862 2533 936 2590 sunt
949 2511 1100 2585 naturalis

63 2644 232 2704 extraneus
248 2635 350 2704 sactus
365 2633 552 2725 aequalitatis
563 2646 598 2700 et
611 2631 798 2710 identitatis,
810 2631 898 2730 quod
911 2639 960 2696 est
974 2625 1100 2716 penitus

63 2744 207 2834 impium.
963 2723 968 2738 ι

282 2837 433 2908 Ejusdem,
445 2859 486 2894 ex
498 2840 597 2896 eodem
608 2837 750 2896 Sermone.
767 2837 856 2892 VIII.
954 2915 958 2922 Λ

110 2970 149 3036 ln
163 2970 251 3038 hunc
265 2983 372 3040 autem
387 2997 529 3044 errorem
548 2975 629 3046 illati
648 2985 723 3043 suut
741 2972 825 3040 male
839 2972 1005 3041 credentes
1022 2991 1100 3062 pro·

11 3115 17 3122 ·
64 3079 170 3168 priam
185 3081 289 3148 omnis
299 3080 448 3150 effectam
457 3083 597 3153 divinam
608 3085 838 3176 operationem,
851 3071 922 3172 quc
931 3104 990 3171 per
999 3063 1101 3168 ipsam

64 3189 100 3254 in
120 3189 282 3258 miraculis
296 3191 494 3259 manifestata
510 3207 570 3273 est,
586 3221 648 3285 qua
668 3207 772 3261 totum
791 3193 936 3260 Christus
953 3191 1102 3258 substau-

64 3301 334 3368 tianoseoundum
345 3303 433 3392 quod
444 3303 629 3394 intelligitur
639 3308 737 3384 Deus,
746 3318 834 3377 tenet
844 3315 1014 3372 retentum.
1029 3297 1102 3368 Non

62 3411 154 3480 enim
180 3425 410 3503 cognoverunt,
438 3414 630 3504 impossihile
652 3441 720 3484 esse
747 3416 860 3484 divine
885 3414 1103 3505 operationem

62 3530 202 3597 naturae,
215 3519 343 3591 alterius
354 3535 474 3590 naturae
487 3523 669 3592 substantiae
681 3525 797 3592 idioma
809 3526 878 3592 lieri
889 3527 1010 3613 absque
1021 3546 1101 3589 con-

61 3627 281 3698 vertibilitate.
308 3630 419 3720 Neque
438 3630 675 3710 intellexorunt,
699 3635 785 3723 qnod
806 3659 871 3701 nou
894 3635 1002 3722 utiquo
1024 3655 1101 3722 pro·

58 3739 174 3832 prium
187 3741 227 3807 sit
243 3742 346 3812 curnis
361 3743 448 3833 quod
465 3767 522 3834 per
541 3767 614 3811 eam
630 3744 758 3836 quidem
774 3757 937 3812 ostensum
954 3755 1016 3820 est,
1034 3765 1102 3808 non

58 3873 106 3917 ex
116 3873 155 3916 ea
166 3850 351 3919 naturaliter
361 3866 481 3932 ortum,
492 3854 668 3945 praesertim
681 3877 756 3922 cum
768 3852 860 3922 clarae
872 3854 911 3921 sit
925 3854 970 3920 eis
981 3866 1014 3920 et
1029 3875 1100 3918 ma-

60 3960 189 4032 nifeste
202 3963 408 4054 probationis.
428 3967 495 4057 Ego
509 3967 595 4036 euim
609 3964 717 4058 lingua
730 3964 863 4057 loquens
873 3978 905 4034 ot
917 3987 1014 4034 manu
1025 3961 1100 4032 sori-
