2412 4596
290 220 293 228 ¹
325 219 513 265 sraouaruu
536 223 597 265 ιιι.
624 221 659 264 ιι.
688 231 690 234 ·
948 204 1008 270 roe

44 363 100 430 Hic
113 355 247 428 deridet
265 359 477 428 Gnosticum
493 357 687 454 quemdam
699 353 879 460 voluptati
893 375 934 437 ut
948 385 1010 433 ro·

17 491 155 576 optatam
170 479 330 546 vinceret
345 473 635 572 indulgentem:

38 639 101 708 seio
119 661 169 705 me
184 637 217 704 in
229 637 399 727 quamdam
414 637 561 706 incidisse
573 637 719 706 haeresim
734 640 849 728 ,cujus
858 641 1007 733 princeps

17 749 106 818 tahar
125 770 156 812 se
180 771 244 836 per⁴
263 769 355 814 usum
381 745 550 836 voluptatis
564 772 705 838 pugnare
727 772 802 816 curn
823 749 1006 839 voluptate,

17 857 120 944 deoque
137 879 192 944 per
211 853 390 925 simulatam
411 877 557 944 pugnam·
569 857 609 926 ad
631 855 823 946 voluptatem
841 860 1008 950 transfugit

17 962 142 1030 reciarus
155 963 208 1032 hic
223 952 405 1032 Gnostieua.
419 963 462 1036 Se
474 964 561 1034 enim
573 962 700 1031 dicebat
714 987 782 1032 esse
796 965 1003 1038 Gnosticum:

17 1071 102 1138 icebat
114 1071 216 1146 enim,
233 1069 279 1137 nil
297 1094 448 1161 maguum
463 1070 587 1149 iacere,
603 1073 630 1138 si
646 1074 716 1162 quis
730 1075 903 1143 abstineret
917 1102 937 1144 a
952 1101 1006 1155 vo-

17 1189 113 1270 rptate,
135 1179 187 1272 qui
209 1201 281 1246 eam
296 1203 361 1244 non
380 1190 462 1245 esset
476 1191 640 1268 expertusr
663 1180 718 1246 sed
734 1203 828 1259 eum,
846 1183 899 1270 qui
919 1185 1006 1252 inea

17 1300 129 1363 creatus,
151 1310 214 1353 non
238 1286 440 1360 vinceretur:
458 1287 594 1374 ideoque
609 1311 666 1375 per
684 1311 755 1354 eam
777 1289 903 1356 dicebat
924 1293 1005 1359 sein

17 1394 177 1460 sexcrcori.
207 1395 355 1484 seipsum
371 1405 477 1460 autem
500 1394 595 1460 miser
618 1395 803 1484 imprudens
827 1398 1006 1487 decipiebat

17 1513 51 1567 de
63 1501 237 1590 voluptaria.
259 1503 299 1569 ln
321 1501 465 1568 eamdem
485 1525 580 1591 ergo,
604 1514 640 1568 ut
659 1513 764 1591 patet,
780 1505 1005 1574 venitsenteu-

17 1631 59 1676 ,ιιιι
82 1609 251 1700 Aristippus
275 1633 404 1700 quoquo
427 1610 598 1699 Cyrenaeus
624 1633 699 1676 cum
717 1611 876 1700 sophista,
896 1617 949 1704 qui
970 1640 1004 1683 ee

17 1729 74 1784 {ctat
83 1731 183 1784 tenere
195 1718 373 1784 veritatem.
385 1717 444 1784 cui
457 1741 531 1784 cum
542 1719 662 1807 probro
677 1718 817 1796 daretur,
832 1723 918 1809 quod
929 1745 1003 1791 oum

18 1828 138 1894 ueretrice
152 1826 321 1900 Corinthia
334 1826 457 1892 assidue
467 1839 648 1895 versaretur
660 1850 672 1892 ι
684 1826 720 1891 H
720 1828 811 1903 obeo,
821 1828 1002 1917 inquiebat,

18 1931 116 2012 ididem,
132 1935 183 2000 sed
199 1937 239 2001 ab
255 1935 324 2022 ι’ριιι
339 1959 398 2000 non
418 1936 537 2000 habeor.
559 1933 651 2000 Tales
665 1945 771 2000 autem
787 1948 861 2002 sunt
882 1939 1001 2016 etiam,

18 2041 46 2130 pi
60 2042 151 2110 dieunt
169 2068 202 2110 se
224 2043 316 2134 sequi
338 2042 523 2119 Nicolaum,
546 2042 739 2110 adducentes
754 2044 913 2132 quoddam
931 2047 1001 2135 ejus

18 2147 45 2212 iri
58 2151 203 2242 adagium,
219 2153 277 2218 sed
290 2155 330 2218 ab
345 2153 392 2218 eis
413 2150 593 2226 detortum,
609 2171 724 2240 nempe
739 2163 888 2240 oportere
905 2176 1000 2224 carue

17 2259 75 2324 tuti.
91 2261 147 2327 Sed
160 2257 212 2328 ille
227 2261 359 2351 quidem
373 2261 423 2332 vir
447 2258 618 2349 prerclarus
644 2257 840 2350 significahat
855 2277 1000 2352 oportere

18 2363 141 2457 duptates
157 2393 265 2437 arcere
282 2381 314 2435 et
330 2369 536 2458 cupiditates,
552 2379 584 2434 et
598 2366 660 2435 hac
677 2368 901 2436 exercitatione
913 2393 1000 2439 mer-

17 2473 64 2562 ides
80 2475 285 2568 flaccidasquc
303 2479 436 2544 reddere
458 2477 560 2565 caruis
584 2476 789 2566 appetitiones
807 2489 839 2542 et
850 2477 994 2550 insultus.

17 2579 133 2652 lirutem
147 2589 250 2656 instar
262 2588 429 2656 hircorum
450 2585 541 2656 effusi
559 2585 591 2657 to
607 2582 818 2674 voluptatem,
843 2587 999 2674 quodam-

17 2691 187 2786 redooorpus
198 2694 393 2766 contumelia
405 2694 588 2771 afficientes,
603 2693 719 2762 iniuxu
729 2706 762 2760 et
768 2693 888 2788 deliciis
899 2696 996 2768 vitam

17 2814 87 2886 puuts
102 2806 274 2874 nescientes
290 2804 419 2894 quodid
434 2805 580 2892 quidem,
595 2827 669 2870 cum
681 2803 720 2869 sit
732 2817 843 2870 natura
857 2802 994 2882 fluxum,

17 2903 166 2986 ittedturr‘
159 2939 299 3006 rpsorum
317 2927 423 2982 autem
437 2913 551 2980 infossa
565 2925 612 2978 est
628 2913 731 2980 anima
749 2914 781 2978 in
797 2935 889 2979 coeno
902 2915 993 2991 vitii,

17 3025 78 3104 thu
71 3021 277 3092 '‘decretum
268 3023 364 3112 rpsius
379 3019 567 3110 voluptatis,
584 3044 648 3087 non
663 3033 769 3088 autem
785 3021 843 3086 virt
834 3021 994 3116 Aposto-

17 3121 51 3198 ti,
74 3143 245 3218 sequantur.
275 3130 361 3212 Quid
383 3130 417 3195 hi
446 3129 530 3194 euim
553 3129 704 3211 differunt
724 3153 740 3194 a
757 3127 994 3220 Sardanapalo?

17 3227 65 3316 tjut
78 3236 164 3303 ritum
179 3237 333 3329 siguificat
354 3237 569 3331 epigramma:

28 3375 199 3454 Hoohabeo‚
217 3384 342 3463 qoaeedi
355 3391 668 3460 ,quasqueexaturata
684 3379 777 3440 iibido

27 3475 132 3551 Haurit,
147 3493 176 3540 at
189 3483 241 3542 illa
252 3485 349 3561 jacent
364 3483 456 3540 multa
468 3494 498 3540 et
509 3481 651 3559 praeclara
661 3481 775 3546 relicta,

28 3573 141 3656 Namque
153 3593 182 3642 et
191 3603 247 3664 ego
261 3586 336 3645 cinis
348 3603 436 3656 eece,
453 3584 521 3641 Nini
534 3600 586 3640 rex
601 3585 749 3640 maximus
762 3579 845 3639 oiim.

17 3699 50 3770 10„
72 3723 112 3775 est
137 3714 219 3780 euim
240 3716 370 3785 omniuo
397 3713 569 3782 necessaria
593 3712 699 3784 fruitio
724 3710 904 3801 voluptatis,
934 3713 988 3786 sod
1042 3696 1047 3713 ¹

27 3839 85 3914 'rap
95 3855 139 3918 ιιι
152 3868 176 3904 ιι
186 3873 233 3921 req.
