2574 4628
202 281 260 348 rda
509 301 682 348 curuans
707 302 918 350 ιιιιιιιιιιιιιι

198 421 276 490 tales
286 421 394 500 etiam,
404 423 472 511 qui,
482 433 518 488 ut
528 433 640 490 auctor
650 433 698 488 eat
708 421 1065 513 PosidippusdeGnido
1075 421 1231 502 scribone
1272 429 1286 512 ι’

199 549 275 598 eum
294 525 427 596 Veneria
453 525 660 594 simulacrum
684 527 914 604 fabricaretur,
939 527 1095 605 Gratinae,
1121 528 1234 595 amicat
1286 594 1287 597 ,

200 639 328 706 cuidam
348 659 425 711 suaa,
441 659 538 726 quam
557 635 869 726 potuitsimillimam
887 635 1022 714 effinxit,
1038 649 1075 702 ut
1092 635 1137 703 illi
1155 659 1233 703 sana
1281 712 1284 714 ,

127 761 130 767 ’
199 747 305 814 miseri
320 744 482 812 Praxitelis
493 746 629 812 amicam
639 759 877 814 venerarentur.
893 746 1021 837 Phryne
1038 771 1116 828 vero
1130 745 1233 814 'l'ltcs-

198 857 287 946 piaca
305 855 542 923 meretrixcum
553 854 701 932 llorebat,
717 857 852 922 universi
862 857 1001 946 pictores
1012 860 1084 945 ejus
1095 858 1233 926 formam
1271 902 1278 941 ;

199 967 233 1032 in
248 963 423 1034 simulacris
437 964 569 1033 Veneris
587 966 807 1053 exprimebant
821 988 829 1030 ι
843 966 1116 1053 quemadmodum
1135 968 1235 1037 edam
1282 989 1285 994 ·

198 1077 341 1167 lapicidae
361 1077 394 1144 in
413 1075 577 1144 Mercuriis
598 1077 844 1150 Atheniensibus
863 1075 1013 1166 effingere
1032 1075 1233 1144 Alcibiadem
1271 1087 1280 1163 ξ

200 1188 408 1256 conabantur.
430 1185 583 1276 Superest
597 1187 716 1276 itaque,
733 1197 768 1252 ut
790 1198 825 1251 tu
840 1209 927 1254 nunc
945 1187 1082 1276 judices,
1098 1189 1125 1254 si
1142 1185 1231 1264 veta,

201 1311 311 1366 utrum
332 1297 431 1364 laedas
457 1295 639 1364 meretrices
662 1297 793 1364 adorare
815 1297 941 1364 debeas.
967 1297 1023 1364 llis
1048 1311 1172 1374 autem.
1200 1311 1233 1364 ut
1276 1322 1282 1337 ·

202 1407 332 1496 quidem
353 1405 490 1482 videtur,
513 1406 591 1472 moti
614 1417 689 1492 sunt
709 1418 838 1480 veteres¹
852 1428 954 1496 reges,
972 1418 1020 1482 ut.
1041 1407 1233 1496 contemptis

202 1518 359 1610 ejusmodi
374 1515 501 1594 sabulis,
513 1529 623 1606 aperte
634 1530 728 1606 atque
743 1515 860 1606 palam,
871 1529 1038 1608 propterea
1055 1519 1146 1606 quod
1161 1517 1232 1585 nul·

203 1627 273 1696 lum
287 1628 328 1693 ab
345 1627 534 1726 bominibus·
547 1625 724 1716 periculum
738 1627 951 1717 impenderet,
968 1649 1002 1695 se
1016 1627 1093 1694 deos
1112 1652 1233 1695 renun-

202 1738 338 1804 tiarent:
360 1759 396 1802 ea
414 1735 531 1825 quippe
547 1736 669 1802 ratione
684 1735 915 1825 significabant,
929 1734 998 1802 illos
1017 1760 1148 1826 quoque
1166 1736 1233 1828 glo-

202 1849 249 1915 ria
272 1860 305 1914 et
327 1847 477 1937 dignitate
490 1869 546 1912 sua
574 1844 845 1912 immortalitatem
867 1869 935 1912 esse
959 1859 1162 1914 consecutos.
1189 1848 1232 1914 lta

205 1960 305 2048 Ceyx,
328 1956 411 2024 lilius
433 1954 530 2032 AEoli,
553 1955 679 2045 Jupiter
703 1956 743 2021 ab
766 1979 865 2022 uxore
887 1954 1029 2044 Alcyone
1051 1957 1233 2022 nominatur

203 2081 253 2135 est
266 2091 274 2133 a
289 2069 372 2135 sieut
385 2065 523 2133 vicissim
539 2063 696 2153 Alcyone,
708 2066 728 2132 J
732 2087 795 2131 uno
806 2091 823 2132 a
836 2063 961 2132 marito.
979 2065 1174 2136 Ptolemaeus
1186 2091 1236 2134 au

204 2193 271 2246 tem
286 2187 429 2266 quartus,
447 2175 717 2265 quemadmodum
741 2176 837 2242 etiam
853 2175 1051 2242 Mithridates
1069 2178 1236 2255 Ponticus,

205 2286 353 2356 Bacchus
372 2287 554 2352 vocabatur.
575 2281 685 2352 Voluit
704 2296 811 2351 autem
829 2283 1008 2354 Alexander
1030 2283 1119 2353 lilius
1140 2287 1238 2354 videri

205 2393 384 2469 Ammonis,
401 2405 435 2458 et
454 2402 609 2459 cornutus
628 2416 646 2457 a
666 2391 823 2458 statuariis
844 2391 965 2481 effingi,
985 2392 1165 2460 humanam
1180 2395 1241 2460 for

207 2529 293 2572 mam
311 2503 398 2592 turpi
413 2523 514 2568 cornu
533 2500 737 2566 dedecorant.
757 2500 828 2567 Non
843 2499 947 2566 solum
964 2523 1039 2567 vero
1058 2525 1169 2592 reges,
1187 2501 1240 2569 sed
1285 2561 1286 2596 p

206 2611 319 2702 privati
338 2612 435 2678 etiam
456 2609 516 2675 sibi
536 2610 669 2676 deorum
691 2611 820 2676 nomina
844 2611 1055 2699 arrogabant:
1071 2625 1110 2678 ut
1131 2613 1242 2680 blena·
1285 2631 1286 2636 ’

207 2733 310 2789 crates
323 2721 480 2797 medicus,
496 2719 550 2809 qui
565 2721 807 2809 cognominatus
821 2732 869 2787 est
883 2721 1021 2810 Jupiter.
1038 2722 1129 2802 Quid
1144 2747 1241 2813 perra
1285 2733 1286 2736 ’

206 2853 287 2920 opus
309 2841 357 2894 est
377 2827 494 2894 referre
511 2825 747 2896 Alexarchum?
763 2830 806 2906 ls,
823 2853 898 2952 cqan
914 2831 1147 2919 grammaticen
1166 2858 1245 2926 pro-
1285 2841 1286 2848 ’

208 2940 308 3007 sessus
323 2937 452 3014 fuisset,
468 2949 504 3003 ut
520 2937 630 3004 scribit
645 2938 970 3011 AristusSalanrinius
982 2989 993 3016 ,
1005 2963 1073 3006 sese
1083 2941 1121 3007 in
1139 2942 1244 3012 solem
1285 2997 1286 3024 .

69 3057 77 3068 “
208 3049 453 3119 transformarit.
476 3048 540 3116 Aut
561 3048 638 3138 quid
656 3050 752 3117 relert
767 3049 929 3139 Nicagoras
943 3051 1151 3118 meminisse?
1168 3055 1247 3120 Erat
1285 3027 1286 3040 .

207 3159 260 3228 ille
274 3157 391 3228 Zelites
408 3181 538 3249 genere,
554 3169 586 3223 et
600 3155 771 3225 Alexandri
785 3170 928 3248 tempore
945 3157 1104 3226 florebat:
1126 3187 1139 3223 ι
1157 3161 1248 3232 blar-
1285 3161 1286 3166 ’

207 3269 344 3338 »omina
367 3266 586 3358 appellabatur
602 3267 784 3358 Nicagoras,
805 3280 839 3334 et
858 3269 1006 3338 Mercurii
1023 3271 1147 3338 amictu
1168 3298 1249 3343 usus

122 3425 124 3429 -
155 3433 160 3442 .
208 3391 303 3454 »est;
318 3407 332 3442 ι
347 3389 384 3444 ut
400 3378 466 3469 ipse
481 3388 614 3444 testatur
630 3399 639 3442 a
654 3399 729 3444 cum
751 3378 881 3467 integrm
898 3401 1025 3466 quoque
1042 3392 1173 3468 gentes,
1199 3407 1250 3450 ur

207 3491 328 3578 basque
353 3488 614 3576 frequentissime
633 3486 803 3556 faedissima
822 3486 1004 3556 adulatione
1021 3487 1147 3558 fabulas
1176 3517 1251 3584 quse

209 3600 250 3664 de
276 3597 334 3666 diis
349 3610 531 3676 narrantur,
552 3599 585 3666 in
605 3593 742 3666 ludibria
764 3610 902 3673 certunm
928 3598 1006 3666 dum
1026 3599 1185 3670 homines
1204 3629 1252 3672 sa

210 3707 361 3795 metipsca
373 3705 432 3774 diis
447 3731 539 3798 pares
550 3707 683 3783 faciunt,
696 3729 837 3796 vanaque
848 3706 946 3798 gloria
961 3707 1076 3787 inflati,
1088 3710 1253 3782 immodi-

22 3867 27 3880 .
210 3841 265 3886 cos
287 3817 424 3884 honores
443 3819 502 3886 sibi
524 3819 709 3888 decernunt.
736 3817 808 3885 lam
830 3819 917 3886 enim
936 3818 1105 3887 ldaoedeni
1128 3821 1254 3892 Pellaeo

128 3999 130 4006 ,
210 3929 356 4019 amynta
367 3925 433 3996 lilio
443 3927 601 4020 Philippo,
613 3930 666 3999 cui
678 3929 754 3998 tibia
765 3941 798 3996 et
808 3927 960 4002 chvieula
972 3928 1095 4010 baete,
1110 3933 1254 4004 oculus·-
