2614 4628
481 308 643 354 ocrovros.
1018 283 1075 348 105

34 456 94 506 ros,
108 433 137 498 F
139 431 223 498 larii
245 430 390 520 Joscphi,
401 426 450 494 vol
465 427 594 499 Antonii
606 423 738 501 troiani,
751 422 791 488 do
801 423 821 490 J
825 422 921 490 udaeis
933 423 1073 510 requiro3

31 544 95 630 jam
114 541 206 606 scies
231 539 374 628 nuquitia
397 562 455 604 sua
476 536 560 604 bano
579 559 634 602 cos
652 535 804 602 monuisse
826 532 1001 606 fortunam.
1017 555 1078 600 noc

32 649 218 740 quidquam
240 647 409 724 accidisse,
426 647 514 736 quod
534 669 598 712 non
621 647 664 712 sit
683 643 747 720 his,
768 645 793 710 si
819 644 852 710 in
875 643 1079 710 contumacia

32 769 301 847 perseverarent,
328 769 402 825 anto
426 757 627 846 praedictum.
646 756 694 824 lta
713 756 801 845 prius
823 778 877 822 eos
903 754 1079 820 deseruisse

33 867 318 959 comprohendca,
334 891 430 956 quam
445 889 513 934 csso
536 867 699 940 desertos3
715 889 789 942 noc,
805 878 840 932 ut
854 866 950 955 impie
966 862 1080 952 loquo-

34 978 88 1052 ris,
112 999 195 1044 cum
219 978 295 1044 Dco
315 1001 375 1043 suo
395 999 463 1046 csso
484 987 605 1066 captos.
626 977 682 1042 scd
705 977 823 1052 clleo,
846 988 881 1042 ut
906 973 1078 1064 disciplina

36 1087 237 1177 transfugas,
256 1088 393 1156 deditos.

79 1199 247 1268 XXXIV.
259 1199 421 1266 Caetcrum
438 1198 480 1264 dc
493 1197 642 1264 inccndio
661 1197 785 1274 mundi,
802 1207 859 1264 aut
876 1198 1081 1286 improvisum

39 1313 142 1400 ἰςιιεω
165 1312 306 1387 cadem,
323 1321 379 1377 aut
393 1307 521 1376 difficile
540 1332 605 1375 non
627 1309 759 1376 erodere
770 1307 795 1385 ¹,
812 1306 947 1397 vulgaris
964 1307 1080 1373 erroris

42 1435 97 1488 est.
119 1421 205 1501 Quis
231 1421 323 1488 onim
343 1419 534 1508 sapientium
555 1419 693 1496 dubitat,
717 1419 787 1508 quis
812 1419 950 1507 ignorat,
974 1419 1081 1486 omnia
1155 1427 1159 1436 '

42 1557 108 1620 quae
129 1543 205 1598 orta
227 1542 307 1598 suut
326 1529 585 1620 occidcrci’quae
599 1531 682 1598 sacta
702 1542 777 1596 sunt
796 1529 947 1596 intcrirol
962 1529 1081 1598 coelum

45 1663 171 1731 quoque
194 1663 273 1708 cum
289 1641 446 1708 omnibus
462 1664 532 1728 quae
547 1637 630 1706 coelo
654 1642 871 1716 continentur,
896 1641 939 1707 ita
957 1653 994 1706 ut
1013 1665 1081 1707 cm·
1147 1671 1151 1682 ·

48 1752 140 1838 pisse,
157 1749 333 1818 desinero?
347 1750 374 1816 F
375 1751 499 1818 octium
521 1750 630 1818 dulces
649 1776 760 1840 aquas,
777 1753 877 1818 maria
892 1751 1032 1818 nutrim²
1047 1753 1081 1820 iu

51 1862 114 1928 vim
128 1861 211 1950 iguis
225 1861 388 1928 abiturum
404 1861 519 1928 Stoicis
536 1873 684 1928 constans
699 1863 807 1952 opinio
822 1873 872 1928 cst
880 1885 891 1936 ς
907 1863 993 1951 quod
1008 1886 1081 1929 con-
1160 1853 1172 1868 ⁶

58 1971 329 2059 sumntobumoro
343 1973 485 2040 mundus
498 1970 552 2038 bic
569 1974 672 2040 omnis
688 1974 850 2063 ignoscat:
867 1986 900 2040 ot
916 1973 1080 2062 Epicureis

65 2080 105 2146 dc
118 2079 336 2150 olcmcutorum
351 2081 601 2171 conflagratione
611 2095 644 2147 ot
656 2083 769 2150 mundi
784 2085 875 2151 ruina
885 2083 997 2180 cadem
1012 2084 1081 2173 ipsa

65 2191 218 2258 scatentia
231 2191 450 2280 conloquitur
464 2190 555 2260 Plato
572 2215 581 2256 :
599 2205 705 2282 portos
721 2195 808 2260 orbis
822 2217 910 2261 nunc
924 2194 1080 2260 inundaro

61 2302 150 2378 dicit,
161 2325 247 2370 nunc
260 2301 386 2370 alternis
400 2303 522 2371 vicibus
536 2303 720 2376 ardescens:
735 2316 769 2369 ot
782 2327 857 2370 cum
873 2306 979 2394 ipsum
990 2329 1081 2372 mun·

29 2500 37 2512 ι
56 2413 131 2480 dum
144 2426 333 2504 perpetuum
352 2427 384 2480 ot
408 2412 614 2480 insolubilem
641 2415 763 2480 diceret
787 2437 857 2479 osso
879 2415 1082 2496 fabricatum,

55 2524 139 2592 addit
161 2537 283 2600 tamen,
300 2525 359 2614 ipsi
376 2523 505 2600 artifici,
521 2523 590 2592 Doo
610 2522 682 2598 soli,
707 2534 741 2588 ot
763 2521 945 2599 solubilem,
961 2535 994 2589 ot
1015 2545 1083 2590 esso

56 2633 234 2702 mortalem.
261 2635 310 2702 lta
330 2632 410 2702 nihil
431 2634 548 2702 mirum
568 2645 630 2711 est,
649 2634 674 2698 si
693 2635 753 2700 ista
775 2634 874 2702 moles
897 2637 938 2703 ab
958 2661 998 2704 oo
1019 2659 1083 2726 quo

55 2757 197 2813 extructa
220 2758 271 2812 est
293 2747 485 2812 destruatur.
500 2745 732 2812 Animadvertis
752 2745 955 2838 philosophos
970 2749 1082 2816 cadom

51 2855 207 2946 disputare
224 2879 297 2944 quae
312 2856 461 2931 dicimus,
481 2880 547 2923 nou
562 2856 650 2946 quod
668 2881 725 2923 nos
741 2859 837 2926 simus
857 2883 970 2926 corum
986 2862 1085 2926 vosti—

52 2965 98 3052 gia
112 2966 291 3041 subsecuti,
304 2966 362 3032 sed
373 2967 460 3054 quod
478 2965 522 3032 illi
538 2967 578 3033 do
594 2968 706 3034 divinis
720 2969 997 3060 praedicationibus
1009 2971 1084 3036 Pro·

53 3075 221 3164 phetarum
238 3078 390 3144 umbram
415 3077 611 3167 interpolator
634 3080 775 3146 veritatis
794 3081 908 3147 imitati
931 3081 1003 3146 sint.
1029 3080 1083 3147 Sic

51 3187 140 3256 etiam
164 3187 390 3256 conditionem
405 3187 604 3266 mnascoudi,
629 3190 817 3279 sapientium
840 3187 1003 3266 clariorcs,
1027 3187 1087 3278 Py-

54 3295 197 3388 thagoras
211 3299 352 3388 primus,
366 3309 399 3364 ct
413 3299 593 3389 praecipuus
604 3297 694 3370 Plat'o
711 3312 866 3388 corrupta
881 3311 915 3365 ot
926 3299 1086 3369 dimidiata

54 3405 109 3473 lide
129 3409 334 3474 tradiderunt
353 3431 361 3472 τ
382 3433 456 3475 uam
474 3411 660 3500 corporibus
681 3411 846 3478 dissolutis
865 3407 947 3478 solas
963 3413 1084 3481 unimus

56 3516 159 3586 solunt
172 3531 207 3586 ot
223 3531 383 3609 porpotuo
397 3543 541 3598 manere,
554 3534 588 3588 ot
602 3523 636 3588 iu
649 3521 708 3588 aliu
725 3546 806 3590 nova
823 3545 955 3613 corpora
970 3527 1083 3616 caspius

55 3649 241 3696 commeato.
257 3630 391 3698 Addunt
401 3629 469 3696 istis
482 3643 515 3698 ot
529 3631 583 3698 illa
594 3632 635 3697 ad
646 3632 893 3721 retorquendum
904 3635 1084 3710 veritatem,

56 3735 257 3828 iopocudon
281 3763 367 3818 avos,
390 3739 526 3819 bclluts,
544 3739 713 3808 hominum
735 3741 853 3810 onimns
871 3743 984 3812 rodino.
1013 3745 1084 3814 Nou

87 3903 195 3958 ¹liliata
205 3917 231 3958 el
244 3909 344 3972 absque
356 3926 430 3959 sensu
439 3887 544 3970 locu-tio,
556 3911 591 3958 sio
604 3909 705 3960 lorsitan
720 3911 839 3960 mutanda
851 3930 857 3958 :
869 3919 912 3959 ortt
922 3911 1086 3974 suffocorcnon

59 3981 152 4034 ΜΝ.
161 4013 193 4024 -
204 3983 328 4038 murtro
336 3987 425 4047 naria,
435 3985 462 4036 id
473 3995 522 4046 est,
534 3986 642 4036 marium
654 3987 847 4038 nutrimentum.
