<?xml version="1.0" encoding="UTF-8"?>
<!DOCTYPE html PUBLIC "-//W3C//DTD XHTML 1.0 Transitional//EN"
    "http://www.w3.org/TR/xhtml1/DTD/xhtml1-transitional.dtd">
<html xmlns="http://www.w3.org/1999/xhtml" xml:lang="en" lang="en">
 <head>
  <title>
</title>
<meta http-equiv="Content-Type" content="text/html;charset=utf-8" />
  <meta name='ocr-system' content='tesseract 3.04.00' />
  <meta name='ocr-capabilities' content='ocr_page ocr_carea ocr_par ocr_line ocrx_word'/>
</head>
<body>
  <div class='ocr_page' id='page_1' title='image "./collectioselect00guilgoog_0413.png"; bbox 0 0 2452 4602; ppageno 0'>
   <div class='ocr_carea' id='block_1_1' title="bbox 305 275 1007 360">
    <p class='ocr_par' dir='ltr' id='par_1_1' title="bbox 305 275 1007 360">
     <span class='ocr_line' id='line_1_1' title="bbox 305 275 1007 360; baseline 0.006 -26"><span class='ocrx_word' id='word_1_1' title='bbox 305 289 505 346; x_wconf 71' lang='lat' dir='ltr'><strong>renascens,</strong></span> <span class='ocrx_word' id='word_1_2' title='bbox 529 291 591 336; x_wconf 84' lang='lat' dir='ltr'><strong>mu.</strong></span> <span class='ocrx_word' id='word_1_3' title='bbox 619 293 666 336; x_wconf 85' lang='grc' dir='ltr'>ιιι.</span> <span class='ocrx_word' id='word_1_4' title='bbox 941 275 1007 360; x_wconf 73' lang='lat' dir='ltr'><strong>deq</strong></span> 
     </span>
    </p>
   </div>
   <div class='ocr_carea' id='block_1_2' title="bbox 6 405 1093 1588">
    <p class='ocr_par' dir='ltr' id='par_1_2' title="bbox 6 405 1093 1588">
     <span class='ocr_line' id='line_1_2' title="bbox 9 405 1007 500; baseline 0 -24"><span class='ocrx_word' id='word_1_5' title='bbox 9 407 177 500; x_wconf 64' lang='lat' dir='ltr'><strong>iupitioerm</strong></span> <span class='ocrx_word' id='word_1_6' title='bbox 186 408 381 497; x_wconf 72' lang='lat' dir='ltr'>exprobrans</span> <span class='ocrx_word' id='word_1_7' title='bbox 393 408 598 484; x_wconf 72' lang='lat' dir='ltr'><strong>adulterium,</strong></span> <span class='ocrx_word' id='word_1_8' title='bbox 611 405 779 498; x_wconf 85' lang='lat' dir='ltr'><strong>pulchram</strong></span> <span class='ocrx_word' id='word_1_9' title='bbox 789 409 1007 497; x_wconf 65' lang='lat' dir='ltr'><strong>temperantia</strong></span> 
     </span>
     <span class='ocr_line' id='line_1_3' title="bbox 9 515 1008 609; baseline 0 -25"><span class='ocrx_word' id='word_1_10' title='bbox 9 517 304 609; x_wconf 71' lang='lat' dir='ltr'><strong>iruqinemosteudit,</strong></span> <span class='ocrx_word' id='word_1_11' title='bbox 317 517 350 582; x_wconf 91' lang='lat' dir='ltr'><strong>iu</strong></span> <span class='ocrx_word' id='word_1_12' title='bbox 361 520 513 584; x_wconf 89' lang='lat' dir='ltr'><strong>maritum</strong></span> <span class='ocrx_word' id='word_1_13' title='bbox 524 539 677 584; x_wconf 83' lang='lat' dir='ltr'><strong>emerem.</strong></span> <span class='ocrx_word' id='word_1_14' title='bbox 692 515 788 584; x_wconf 79' lang='lat' dir='ltr'><strong>lictus</strong></span> <span class='ocrx_word' id='word_1_15' title='bbox 801 529 908 584; x_wconf 84' lang='lat' dir='ltr'><strong>autem</strong></span> <span class='ocrx_word' id='word_1_16' title='bbox 924 515 1008 604; x_wconf 86' lang='lat' dir='ltr'><strong>(ser-</strong></span> 
     </span>
     <span class='ocr_line' id='line_1_4' title="bbox 9 615 1006 716; baseline -0.002 -23"><span class='ocrx_word' id='word_1_17' title='bbox 9 651 90 694; x_wconf 82' lang='lat' dir='ltr'><strong>rorum</strong></span> <span class='ocrx_word' id='word_1_18' title='bbox 102 615 213 700; x_wconf 74' lang='lat' dir='ltr'><strong>nomen</strong></span> <span class='ocrx_word' id='word_1_19' title='bbox 224 638 300 694; x_wconf 87' lang='lat' dir='ltr'><strong>sunt</strong></span> <span class='ocrx_word' id='word_1_20' title='bbox 310 623 422 713; x_wconf 85' lang='lat' dir='ltr'><strong>liotes)</strong></span> <span class='ocrx_word' id='word_1_21' title='bbox 435 626 670 694; x_wconf 83' lang='lat' dir='ltr'><strong>Lacedaemonii</strong></span> <span class='ocrx_word' id='word_1_22' title='bbox 682 639 831 716; x_wconf 72' lang='lat' dir='ltr'><strong>cogentes</strong></span> <span class='ocrx_word' id='word_1_23' title='bbox 842 627 1006 702; x_wconf 78' lang='lat' dir='ltr'><strong>inebriari,</strong></span> 
     </span>
     <span class='ocr_line' id='line_1_5' title="bbox 8 734 1007 828; baseline -0.003 -23"><span class='ocrx_word' id='word_1_24' title='bbox 8 739 113 828; x_wconf 70' lang='lat' dir='ltr'><strong>stipsis</strong></span> <span class='ocrx_word' id='word_1_25' title='bbox 130 737 238 804; x_wconf 74' lang='lat' dir='ltr'><strong>uarie</strong></span> <span class='ocrx_word' id='word_1_26' title='bbox 253 759 290 803; x_wconf 85' lang='lat' dir='ltr'><strong>ea</strong></span> <span class='ocrx_word' id='word_1_27' title='bbox 307 757 379 824; x_wconf 71' lang='lat' dir='ltr'><strong>qum</strong></span> <span class='ocrx_word' id='word_1_28' title='bbox 395 734 535 803; x_wconf 72' lang='lat' dir='ltr'><strong>iaciebat</strong></span> <span class='ocrx_word' id='word_1_29' title='bbox 552 736 703 812; x_wconf 84' lang='lat' dir='ltr'><strong>ebrietas,</strong></span> <span class='ocrx_word' id='word_1_30' title='bbox 721 747 755 800; x_wconf 86' lang='lat' dir='ltr'><strong>ut</strong></span> <span class='ocrx_word' id='word_1_31' title='bbox 776 736 840 803; x_wconf 90' lang='lat' dir='ltr'><strong>hoc</strong></span> <span class='ocrx_word' id='word_1_32' title='bbox 855 736 943 828; x_wconf 82' lang='lat' dir='ltr'><strong>quasi</strong></span> <span class='ocrx_word' id='word_1_33' title='bbox 959 759 1007 802; x_wconf 87' lang='lat' dir='ltr'><strong>re-</strong></span> 
     </span>
     <span class='ocr_line' id='line_1_6' title="bbox 8 843 1006 921; baseline -0.002 -9"><span class='ocrx_word' id='word_1_34' title='bbox 8 847 77 912; x_wconf 76' lang='lat' dir='ltr'><strong>mdii</strong></span> <span class='ocrx_word' id='word_1_35' title='bbox 88 846 156 914; x_wconf 89' lang='lat' dir='ltr'><strong>ioco</strong></span> <span class='ocrx_word' id='word_1_36' title='bbox 170 847 227 912; x_wconf 81' lang='lat' dir='ltr'><strong>sibi</strong></span> <span class='ocrx_word' id='word_1_37' title='bbox 237 856 335 920; x_wconf 85' lang='lat' dir='ltr'><strong>esset,</strong></span> <span class='ocrx_word' id='word_1_38' title='bbox 347 855 380 910; x_wconf 89' lang='lat' dir='ltr'><strong>et</strong></span> <span class='ocrx_word' id='word_1_39' title='bbox 392 843 433 910; x_wconf 86' lang='lat' dir='ltr'><strong>ad</strong></span> <span class='ocrx_word' id='word_1_40' title='bbox 445 844 516 909; x_wconf 77' lang='lat' dir='ltr'><strong>vitm</strong></span> <span class='ocrx_word' id='word_1_41' title='bbox 532 844 787 913; x_wconf 73' lang='lat' dir='ltr'><strong>emendationem</strong></span> <span class='ocrx_word' id='word_1_42' title='bbox 799 845 1006 921; x_wconf 72' lang='lat' dir='ltr'><strong>conduceret,</strong></span> 
     </span>
     <span class='ocr_line' id='line_1_7' title="bbox 8 952 1008 1044; baseline 0 -24"><span class='ocrx_word' id='word_1_43' title='bbox 8 956 189 1022; x_wconf 84' lang='lat' dir='ltr'><strong>estendebant.</strong></span> <span class='ocrx_word' id='word_1_44' title='bbox 208 955 424 1042; x_wconf 72' lang='lat' dir='ltr'><strong>Obmrqautes</strong></span> <span class='ocrx_word' id='word_1_45' title='bbox 445 976 522 1044; x_wconf 75' lang='lat' dir='ltr'><strong>ergo</strong></span> <span class='ocrx_word' id='word_1_46' title='bbox 541 952 670 1020; x_wconf 89' lang='lat' dir='ltr'><strong>iliorum</strong></span> <span class='ocrx_word' id='word_1_47' title='bbox 688 954 930 1042; x_wconf 83' lang='lat' dir='ltr'><strong>turpitudinem,</strong></span> <span class='ocrx_word' id='word_1_48' title='bbox 948 953 1008 1022; x_wconf 87' lang='lat' dir='ltr'><strong>do-</strong></span> 
     </span>
     <span class='ocr_line' id='line_1_8' title="bbox 7 1062 1005 1152; baseline -0.004 -20"><span class='ocrx_word' id='word_1_49' title='bbox 7 1067 130 1132; x_wconf 76' lang='lat' dir='ltr'><strong>minetur</strong></span> <span class='ocrx_word' id='word_1_50' title='bbox 147 1085 187 1129; x_wconf 88' lang='lat' dir='ltr'><strong>ne</strong></span> <span class='ocrx_word' id='word_1_51' title='bbox 202 1063 235 1128; x_wconf 92' lang='lat' dir='ltr'><strong>in</strong></span> <span class='ocrx_word' id='word_1_52' title='bbox 250 1063 337 1132; x_wconf 88' lang='lat' dir='ltr'><strong>idem</strong></span> <span class='ocrx_word' id='word_1_53' title='bbox 353 1062 442 1152; x_wconf 90' lang='lat' dir='ltr'><strong>quod</strong></span> <span class='ocrx_word' id='word_1_54' title='bbox 462 1063 657 1134; x_wconf 75' lang='lat' dir='ltr'><strong>damnabant</strong></span> <span class='ocrx_word' id='word_1_55' title='bbox 674 1062 786 1130; x_wconf 83' lang='lat' dir='ltr'><strong>vitium</strong></span> <span class='ocrx_word' id='word_1_56' title='bbox 807 1064 1005 1138; x_wconf 81' lang='lat' dir='ltr'><strong>inciderent,</strong></span> 
     </span>
     <span class='ocr_line' id='line_1_9' title="bbox 7 1172 1006 1260; baseline 0.001 -21"><span class='ocrx_word' id='word_1_57' title='bbox 7 1175 186 1240; x_wconf 77' lang='lat' dir='ltr'><strong>crebriorem</strong></span> <span class='ocrx_word' id='word_1_58' title='bbox 200 1173 319 1260; x_wconf 87' lang='lat' dir='ltr'><strong>probro</strong></span> <span class='ocrx_word' id='word_1_59' title='bbox 335 1172 398 1238; x_wconf 87' lang='lat' dir='ltr'><strong>hoc</strong></span> <span class='ocrx_word' id='word_1_60' title='bbox 415 1183 659 1260; x_wconf 74' lang='lat' dir='ltr'><strong>consequentes,</strong></span> <span class='ocrx_word' id='word_1_61' title='bbox 673 1173 760 1258; x_wconf 92' lang='lat' dir='ltr'><strong>quod</strong></span> <span class='ocrx_word' id='word_1_62' title='bbox 774 1172 833 1260; x_wconf 91' lang='lat' dir='ltr'><strong>ipsi</strong></span> <span class='ocrx_word' id='word_1_63' title='bbox 849 1195 913 1240; x_wconf 90' lang='lat' dir='ltr'><strong>nou</strong></span> <span class='ocrx_word' id='word_1_64' title='bbox 928 1193 1006 1260; x_wconf 81' lang='lat' dir='ltr'><strong>pec-</strong></span> 
     </span>
     <span class='ocr_line' id='line_1_10' title="bbox 7 1279 1093 1374; baseline -0.002 -24"><span class='ocrx_word' id='word_1_65' title='bbox 7 1284 165 1350; x_wconf 73' lang='lat' dir='ltr'><strong>nuntiis</strong></span> <span class='ocrx_word' id='word_1_66' title='bbox 190 1280 375 1348; x_wconf 84' lang='lat' dir='ltr'><strong>hominibus</strong></span> <span class='ocrx_word' id='word_1_67' title='bbox 399 1281 486 1346; x_wconf 88' lang='lat' dir='ltr'><strong>euim</strong></span> <span class='ocrx_word' id='word_1_68' title='bbox 507 1279 560 1348; x_wconf 90' lang='lat' dir='ltr'><strong>olii</strong></span> <span class='ocrx_word' id='word_1_69' title='bbox 583 1280 718 1372; x_wconf 87' lang='lat' dir='ltr'><strong>quidem</strong></span> <span class='ocrx_word' id='word_1_70' title='bbox 737 1279 874 1348; x_wconf 89' lang='lat' dir='ltr'><strong>oliorum</strong></span> <span class='ocrx_word' id='word_1_71' title='bbox 902 1282 1008 1348; x_wconf 82' lang='lat' dir='ltr'><strong>edocti</strong></span> <span class='ocrx_word' id='word_1_72' title='bbox 1090 1364 1093 1374; x_wconf 88' lang='lat'><em>.</em></span> 
     </span>
     <span class='ocr_line' id='line_1_11' title="bbox 7 1388 1008 1482; baseline 0.002 -26"><span class='ocrx_word' id='word_1_73' title='bbox 7 1391 127 1482; x_wconf 82' lang='lat' dir='ltr'><strong>exemplis</strong></span> <span class='ocrx_word' id='word_1_74' title='bbox 141 1401 307 1458; x_wconf 83' lang='lat' dir='ltr'><strong>serrantur</strong></span> <span class='ocrx_word' id='word_1_75' title='bbox 323 1414 332 1456; x_wconf 74' lang='grc' dir='ltr'><strong><em>ε</em></strong></span> <span class='ocrx_word' id='word_1_76' title='bbox 350 1388 403 1458; x_wconf 89' lang='lat' dir='ltr'><strong>alii</strong></span> <span class='ocrx_word' id='word_1_77' title='bbox 418 1414 494 1458; x_wconf 79' lang='lat' dir='ltr'><strong>vero</strong></span> <span class='ocrx_word' id='word_1_78' title='bbox 511 1415 566 1458; x_wconf 84' lang='lat' dir='ltr'><strong>sua</strong></span> <span class='ocrx_word' id='word_1_79' title='bbox 581 1403 694 1482; x_wconf 86' lang='lat' dir='ltr'><strong>sponte</strong></span> <span class='ocrx_word' id='word_1_80' title='bbox 708 1393 860 1460; x_wconf 81' lang='lat' dir='ltr'><strong>virtutem</strong></span> <span class='ocrx_word' id='word_1_81' title='bbox 873 1391 923 1459; x_wconf 83' lang='lat' dir='ltr'><strong>sel</strong></span> <span class='ocrx_word' id='word_1_82' title='bbox 938 1415 1008 1459; x_wconf 83' lang='lat' dir='ltr'><strong>um-</strong></span> 
     </span>
     <span class='ocr_line' id='line_1_12' title="bbox 6 1497 433 1588; baseline 0 -22"><span class='ocrx_word' id='word_1_83' title='bbox 6 1497 77 1588; x_wconf 71' lang='lat' dir='ltr'><strong>phati</strong></span> <span class='ocrx_word' id='word_1_84' title='bbox 89 1498 199 1578; x_wconf 84' lang='lat' dir='ltr'><strong>soient,</strong></span> <span class='ocrx_word' id='word_1_85' title='bbox 212 1498 262 1568; x_wconf 79' lang='lat' dir='ltr'><strong>rei</strong></span> <span class='ocrx_word' id='word_1_86' title='bbox 278 1522 433 1588; x_wconf 72' lang='lat' dir='ltr'><strong>querere.</strong></span> 
     </span>
    </p>
   </div>
   <div class='ocr_carea' id='block_1_3' title="bbox 6 1643 900 1864">
    <p class='ocr_par' dir='ltr' id='par_1_3' title="bbox 6 1643 900 1864">
     <span class='ocr_line' id='line_1_13' title="bbox 78 1643 900 1726; baseline -0.001 -21"><span class='ocrx_word' id='word_1_87' title='bbox 78 1646 205 1725; x_wconf 86' lang='lat' dir='ltr'><strong>Optimus</strong></span> <span class='ocrx_word' id='word_1_88' title='bbox 215 1645 265 1704; x_wconf 90' lang='lat' dir='ltr'><strong>ille</strong></span> <span class='ocrx_word' id='word_1_89' title='bbox 278 1643 396 1723; x_wconf 83' lang='lat' dir='ltr'><strong>quidem</strong></span> <span class='ocrx_word' id='word_1_90' title='bbox 409 1657 466 1722; x_wconf 86' lang='lat' dir='ltr'><strong>est,</strong></span> <span class='ocrx_word' id='word_1_91' title='bbox 477 1645 527 1724; x_wconf 92' lang='lat' dir='ltr'><strong>qui</strong></span> <span class='ocrx_word' id='word_1_92' title='bbox 538 1643 663 1726; x_wconf 86' lang='lat' dir='ltr'><strong>percipit</strong></span> <span class='ocrx_word' id='word_1_93' title='bbox 674 1646 772 1706; x_wconf 85' lang='lat' dir='ltr'><strong>omnia</strong></span> <span class='ocrx_word' id='word_1_94' title='bbox 785 1667 839 1726; x_wconf 85' lang='lat' dir='ltr'><strong>per</strong></span> <span class='ocrx_word' id='word_1_95' title='bbox 851 1663 900 1706; x_wconf 83' lang='lat' dir='ltr'><strong>se:</strong></span> 
     </span>
     <span class='ocr_line' id='line_1_14' title="bbox 6 1761 652 1864; baseline 0.005 -36"><span class='ocrx_word' id='word_1_96' title='bbox 6 1763 55 1854; x_wconf 86' lang='lat' dir='ltr'><strong>ipso</strong></span> <span class='ocrx_word' id='word_1_97' title='bbox 67 1778 110 1831; x_wconf 87' lang='lat' dir='ltr'><strong>est</strong></span> <span class='ocrx_word' id='word_1_98' title='bbox 122 1764 295 1864; x_wconf 77' lang='lat' dir='ltr'><strong>Abraham,</strong></span> <span class='ocrx_word' id='word_1_99' title='bbox 310 1765 365 1854; x_wconf 93' lang='lat' dir='ltr'><strong>qui</strong></span> <span class='ocrx_word' id='word_1_100' title='bbox 380 1761 483 1830; x_wconf 87' lang='lat' dir='ltr'><strong>Deum</strong></span> <span class='ocrx_word' id='word_1_101' title='bbox 499 1764 652 1853; x_wconf 74' lang='lat' dir='ltr'><strong>quesivit.</strong></span> 
     </span>
    </p>
   </div>
   <div class='ocr_carea' id='block_1_4' title="bbox 62 1907 788 1988">
    <p class='ocr_par' dir='ltr' id='par_1_4' title="bbox 62 1907 788 1988">
     <span class='ocr_line' id='line_1_15' title="bbox 62 1907 788 1988; baseline -0.001 -22"><span class='ocrx_word' id='word_1_102' title='bbox 62 1907 188 1968; x_wconf 83' lang='lat' dir='ltr'><strong>lsbonus</strong></span> <span class='ocrx_word' id='word_1_103' title='bbox 200 1921 243 1968; x_wconf 84' lang='lat' dir='ltr'><strong>est</strong></span> <span class='ocrx_word' id='word_1_104' title='bbox 255 1929 373 1982; x_wconf 83' lang='lat' dir='ltr'><strong>rursras,</strong></span> <span class='ocrx_word' id='word_1_105' title='bbox 386 1909 437 1988; x_wconf 90' lang='lat' dir='ltr'><strong>qui</strong></span> <span class='ocrx_word' id='word_1_106' title='bbox 451 1921 534 1988; x_wconf 84' lang='lat' dir='ltr'><strong>paret</strong></span> <span class='ocrx_word' id='word_1_107' title='bbox 546 1921 626 1967; x_wconf 84' lang='lat' dir='ltr'><strong>recta</strong></span> <span class='ocrx_word' id='word_1_108' title='bbox 638 1908 769 1966; x_wconf 88' lang='lat' dir='ltr'><strong>monenti</strong></span> <span class='ocrx_word' id='word_1_109' title='bbox 781 1930 788 1964; x_wconf 72' lang='grc' dir='ltr'>ι</span> 
     </span>
    </p>
   </div>
   <div class='ocr_carea' id='block_1_5' title="bbox 4 2025 1011 3892">
    <p class='ocr_par' dir='ltr' id='par_1_5' title="bbox 4 2025 1010 2752">
     <span class='ocr_line' id='line_1_16' title="bbox 5 2025 1009 2118; baseline 0 -24"><span class='ocrx_word' id='word_1_110' title='bbox 5 2027 100 2094; x_wconf 88' lang='lat' dir='ltr'><strong>iiisuat</strong></span> <span class='ocrx_word' id='word_1_111' title='bbox 109 2027 266 2118; x_wconf 88' lang='lat' dir='ltr'><strong>discipuli,</strong></span> <span class='ocrx_word' id='word_1_112' title='bbox 279 2029 334 2118; x_wconf 93' lang='lat' dir='ltr'><strong>qui</strong></span> <span class='ocrx_word' id='word_1_113' title='bbox 345 2028 432 2118; x_wconf 81' lang='lat' dir='ltr'><strong>Logo</strong></span> <span class='ocrx_word' id='word_1_114' title='bbox 442 2028 666 2096; x_wconf 86' lang='lat' dir='ltr'><strong>crediderunt:</strong></span> <span class='ocrx_word' id='word_1_115' title='bbox 682 2041 715 2094; x_wconf 89' lang='lat' dir='ltr'><strong>et</strong></span> <span class='ocrx_word' id='word_1_116' title='bbox 729 2029 801 2094; x_wconf 85' lang='lat' dir='ltr'><strong>ideo</strong></span> <span class='ocrx_word' id='word_1_117' title='bbox 815 2025 868 2092; x_wconf 88' lang='lat' dir='ltr'><strong>ilie</strong></span> <span class='ocrx_word' id='word_1_118' title='bbox 880 2026 1009 2116; x_wconf 89' lang='lat' dir='ltr'><strong>quidem</strong></span> 
     </span>
     <span class='ocr_line' id='line_1_17' title="bbox 5 2136 1010 2228; baseline 0 -24"><span class='ocrx_word' id='word_1_119' title='bbox 5 2137 145 2228; x_wconf 78' lang='lat' dir='ltr'><strong>rppeiiatus</strong></span> <span class='ocrx_word' id='word_1_120' title='bbox 156 2151 204 2207; x_wconf 85' lang='lat' dir='ltr'><strong>est</strong></span> <span class='ocrx_word' id='word_1_121' title='bbox 216 2140 346 2208; x_wconf 78' lang='lat' dir='ltr'><strong>amicus</strong></span> <span class='ocrx_word' id='word_1_122' title='bbox 358 2139 384 2215; x_wconf 85' lang='lat'><strong>¹,</strong></span> <span class='ocrx_word' id='word_1_123' title='bbox 400 2138 445 2205; x_wconf 91' lang='lat' dir='ltr'><strong>illi</strong></span> <span class='ocrx_word' id='word_1_124' title='bbox 460 2152 569 2206; x_wconf 86' lang='lat' dir='ltr'><strong>autem</strong></span> <span class='ocrx_word' id='word_1_125' title='bbox 583 2136 726 2227; x_wconf 81' lang='lat' dir='ltr'><strong>Apostoli</strong></span> <span class='ocrx_word' id='word_1_126' title='bbox 740 2162 748 2203; x_wconf 91' lang='lat'><strong>:</strong></span> <span class='ocrx_word' id='word_1_127' title='bbox 763 2161 862 2204; x_wconf 89' lang='lat' dir='ltr'><strong>unum</strong></span> <span class='ocrx_word' id='word_1_128' title='bbox 875 2151 908 2206; x_wconf 86' lang='lat' dir='ltr'><strong>et</strong></span> <span class='ocrx_word' id='word_1_129' title='bbox 921 2163 1010 2204; x_wconf 90' lang='lat' dir='ltr'><strong>eum-</strong></span> 
     </span>
     <span class='ocr_line' id='line_1_18' title="bbox 4 2245 1009 2338; baseline -0.003 -23"><span class='ocrx_word' id='word_1_130' title='bbox 4 2247 59 2315; x_wconf 89' lang='lat' dir='ltr'><strong>iem</strong></span> <span class='ocrx_word' id='word_1_131' title='bbox 69 2249 163 2318; x_wconf 85' lang='lat' dir='ltr'><strong>Deum</strong></span> <span class='ocrx_word' id='word_1_132' title='bbox 177 2248 230 2315; x_wconf 91' lang='lat' dir='ltr'><strong>iile</strong></span> <span class='ocrx_word' id='word_1_133' title='bbox 246 2247 376 2337; x_wconf 88' lang='lat' dir='ltr'><strong>quidem</strong></span> <span class='ocrx_word' id='word_1_134' title='bbox 391 2271 505 2338; x_wconf 80' lang='lat' dir='ltr'><strong>magua</strong></span> <span class='ocrx_word' id='word_1_135' title='bbox 522 2270 598 2314; x_wconf 89' lang='lat' dir='ltr'><strong>cura</strong></span> <span class='ocrx_word' id='word_1_136' title='bbox 615 2260 648 2313; x_wconf 88' lang='lat' dir='ltr'><strong>et</strong></span> <span class='ocrx_word' id='word_1_137' title='bbox 664 2247 769 2314; x_wconf 89' lang='lat' dir='ltr'><strong>studio</strong></span> <span class='ocrx_word' id='word_1_138' title='bbox 786 2245 963 2336; x_wconf 80' lang='lat' dir='ltr'><strong>inquirens,</strong></span> <span class='ocrx_word' id='word_1_139' title='bbox 975 2247 1009 2313; x_wconf 91' lang='lat' dir='ltr'><strong>hi</strong></span> 
     </span>
     <span class='ocr_line' id='line_1_19' title="bbox 4 2355 1010 2448; baseline -0.002 -24"><span class='ocrx_word' id='word_1_140' title='bbox 4 2379 58 2424; x_wconf 81' lang='lat' dir='ltr'><strong>tero</strong></span> <span class='ocrx_word' id='word_1_141' title='bbox 69 2359 269 2448; x_wconf 74' lang='lat' dir='ltr'><strong>predicantes</strong></span> <span class='ocrx_word' id='word_1_142' title='bbox 283 2381 292 2424; x_wconf 77' lang='grc' dir='ltr'><strong><em>ε</em></strong></span> <span class='ocrx_word' id='word_1_143' title='bbox 306 2369 381 2423; x_wconf 90' lang='lat' dir='ltr'><strong>suut</strong></span> <span class='ocrx_word' id='word_1_144' title='bbox 391 2370 499 2424; x_wconf 89' lang='lat' dir='ltr'><strong>autem</strong></span> <span class='ocrx_word' id='word_1_145' title='bbox 511 2358 618 2446; x_wconf 69' lang='lat' dir='ltr'><strong>ambo,</strong></span> <span class='ocrx_word' id='word_1_146' title='bbox 631 2355 751 2446; x_wconf 80' lang='lat' dir='ltr'><strong>popuii.</strong></span> <span class='ocrx_word' id='word_1_147' title='bbox 769 2358 891 2424; x_wconf 87' lang='lat' dir='ltr'><strong>Herum</strong></span> <span class='ocrx_word' id='word_1_148' title='bbox 903 2368 1010 2422; x_wconf 89' lang='lat' dir='ltr'><strong>autem</strong></span> 
     </span>
     <span class='ocr_line' id='line_1_20' title="bbox 4 2464 1009 2554; baseline -0.002 -22"><span class='ocrx_word' id='word_1_149' title='bbox 4 2467 140 2534; x_wconf 81' lang='lat' dir='ltr'><strong>amborum</strong></span> <span class='ocrx_word' id='word_1_150' title='bbox 163 2466 339 2542; x_wconf 72' lang='lat' dir='ltr'><strong>auditores,</strong></span> <span class='ocrx_word' id='word_1_151' title='bbox 358 2464 411 2532; x_wconf 88' lang='lat' dir='ltr'><strong>ille</strong></span> <span class='ocrx_word' id='word_1_152' title='bbox 434 2466 563 2554; x_wconf 87' lang='lat' dir='ltr'><strong>quidem</strong></span> <span class='ocrx_word' id='word_1_153' title='bbox 586 2489 644 2554; x_wconf 87' lang='lat' dir='ltr'><strong>per</strong></span> <span class='ocrx_word' id='word_1_154' title='bbox 665 2465 903 2554; x_wconf 87' lang='lat' dir='ltr'><strong>inquisitionem</strong></span> <span class='ocrx_word' id='word_1_155' title='bbox 923 2485 1009 2530; x_wconf 89' lang='lat' dir='ltr'><strong>nom-</strong></span> 
     </span>
     <span class='ocr_line' id='line_1_21' title="bbox 4 2573 1009 2664; baseline -0.002 -22"><span class='ocrx_word' id='word_1_156' title='bbox 4 2577 106 2644; x_wconf 78' lang='lat' dir='ltr'><strong>uodum</strong></span> <span class='ocrx_word' id='word_1_157' title='bbox 118 2587 306 2646; x_wconf 83' lang='lat' dir='ltr'><strong>consecutus</strong></span> <span class='ocrx_word' id='word_1_158' title='bbox 318 2587 383 2652; x_wconf 88' lang='lat' dir='ltr'><strong>est,</strong></span> <span class='ocrx_word' id='word_1_159' title='bbox 398 2576 454 2642; x_wconf 89' lang='lat' dir='ltr'><strong>hic</strong></span> <span class='ocrx_word' id='word_1_160' title='bbox 464 2597 540 2642; x_wconf 80' lang='lat' dir='ltr'><strong>sero</strong></span> <span class='ocrx_word' id='word_1_161' title='bbox 555 2573 659 2642; x_wconf 84' lang='lat' dir='ltr'><strong>sulvus</strong></span> <span class='ocrx_word' id='word_1_162' title='bbox 672 2575 773 2642; x_wconf 83' lang='lat' dir='ltr'><strong>evasit</strong></span> <span class='ocrx_word' id='word_1_163' title='bbox 786 2598 845 2664; x_wconf 88' lang='lat' dir='ltr'><strong>per</strong></span> <span class='ocrx_word' id='word_1_164' title='bbox 857 2573 1009 2641; x_wconf 81' lang='lat' dir='ltr'><strong>inventio-</strong></span> 
     </span>
     <span class='ocr_line' id='line_1_22' title="bbox 4 2707 65 2752; baseline 0 0"><span class='ocrx_word' id='word_1_165' title='bbox 4 2707 65 2752; x_wconf 77' lang='lat' dir='ltr'><strong>mm.</strong></span> 
     </span>
    </p>

    <p class='ocr_par' dir='ltr' id='par_1_6' title="bbox 78 2817 824 2898">
     <span class='ocr_line' id='line_1_23' title="bbox 78 2817 824 2898; baseline 0.003 -22"><span class='ocrx_word' id='word_1_166' title='bbox 78 2817 129 2876; x_wconf 84' lang='lat' dir='ltr'><strong>ssd</strong></span> <span class='ocrx_word' id='word_1_167' title='bbox 140 2819 191 2896; x_wconf 89' lang='lat' dir='ltr'><strong>qui</strong></span> <span class='ocrx_word' id='word_1_168' title='bbox 204 2837 259 2878; x_wconf 85' lang='lat' dir='ltr'><strong>nec</strong></span> <span class='ocrx_word' id='word_1_169' title='bbox 269 2837 323 2898; x_wconf 82' lang='lat' dir='ltr'><strong>prr</strong></span> <span class='ocrx_word' id='word_1_170' title='bbox 333 2837 364 2878; x_wconf 85' lang='lat' dir='ltr'><strong>se</strong></span> <span class='ocrx_word' id='word_1_171' title='bbox 374 2819 506 2897; x_wconf 86' lang='lat' dir='ltr'><strong>sapit,et</strong></span> <span class='ocrx_word' id='word_1_172' title='bbox 516 2837 583 2878; x_wconf 87' lang='lat' dir='ltr'><strong>curn</strong></span> <span class='ocrx_word' id='word_1_173' title='bbox 594 2830 674 2878; x_wconf 87' lang='lat' dir='ltr'><strong>recta</strong></span> <span class='ocrx_word' id='word_1_174' title='bbox 689 2831 824 2878; x_wconf 83' lang='lat' dir='ltr'><strong>monetur</strong></span> 
     </span>
    </p>

    <p class='ocr_par' dir='ltr' id='par_1_7' title="bbox 4 2917 1011 3892">
     <span class='ocr_line' id='line_1_24' title="bbox 78 2917 897 2989; baseline 0.002 -15"><span class='ocrx_word' id='word_1_175' title='bbox 78 2919 137 2974; x_wconf 81' lang='lat' dir='ltr'><strong>Non</strong></span> <span class='ocrx_word' id='word_1_176' title='bbox 149 2929 244 2976; x_wconf 80' lang='lat' dir='ltr'><strong>tumen</strong></span> <span class='ocrx_word' id='word_1_177' title='bbox 256 2917 293 2976; x_wconf 84' lang='lat' dir='ltr'><strong>ad</strong></span> <span class='ocrx_word' id='word_1_178' title='bbox 305 2931 432 2988; x_wconf 77' lang='lat' dir='ltr'><strong>mentem</strong></span> <span class='ocrx_word' id='word_1_179' title='bbox 442 2929 576 2989; x_wconf 80' lang='lat' dir='ltr'><strong>revocet,</strong></span> <span class='ocrx_word' id='word_1_180' title='bbox 590 2918 637 2976; x_wconf 85' lang='lat' dir='ltr'><strong>vir</strong></span> <span class='ocrx_word' id='word_1_181' title='bbox 648 2917 757 2980; x_wconf 79' lang='lat' dir='ltr'><strong>inutilis</strong></span> <span class='ocrx_word' id='word_1_182' title='bbox 767 2919 819 2978; x_wconf 89' lang='lat' dir='ltr'><strong>iiie</strong></span> <span class='ocrx_word' id='word_1_183' title='bbox 832 2930 877 2978; x_wconf 88' lang='lat' dir='ltr'><strong>est</strong></span> <span class='ocrx_word' id='word_1_184' title='bbox 890 2941 897 2976; x_wconf 89' lang='lat'>:</span> 
     </span>
     <span class='ocr_line' id='line_1_25' title="bbox 4 3031 1009 3124; baseline 0 -25"><span class='ocrx_word' id='word_1_185' title='bbox 4 3031 112 3122; x_wconf 73' lang='lat' dir='ltr'><strong>Populus</strong></span> <span class='ocrx_word' id='word_1_186' title='bbox 119 3033 195 3100; x_wconf 85' lang='lat' dir='ltr'><strong>alius</strong></span> <span class='ocrx_word' id='word_1_187' title='bbox 204 3033 399 3124; x_wconf 77' lang='lat' dir='ltr'><strong>estgentiiis,</strong></span> <span class='ocrx_word' id='word_1_188' title='bbox 411 3034 530 3102; x_wconf 85' lang='lat' dir='ltr'><strong>inutilis</strong></span> <span class='ocrx_word' id='word_1_189' title='bbox 543 3057 551 3100; x_wconf 74' lang='grc' dir='ltr'><strong>ε</strong></span> <span class='ocrx_word' id='word_1_190' title='bbox 566 3035 620 3102; x_wconf 89' lang='lat' dir='ltr'><strong>hic</strong></span> <span class='ocrx_word' id='word_1_191' title='bbox 630 3046 678 3102; x_wconf 89' lang='lat' dir='ltr'><strong>est</strong></span> <span class='ocrx_word' id='word_1_192' title='bbox 688 3035 825 3124; x_wconf 84' lang='lat' dir='ltr'><strong>populus</strong></span> <span class='ocrx_word' id='word_1_193' title='bbox 837 3036 891 3124; x_wconf 91' lang='lat' dir='ltr'><strong>qui</strong></span> <span class='ocrx_word' id='word_1_194' title='bbox 905 3033 1009 3100; x_wconf 85' lang='lat' dir='ltr'><strong>Chris·</strong></span> 
     </span>
     <span class='ocr_line' id='line_1_26' title="bbox 4 3141 1007 3232; baseline -0.003 -23"><span class='ocrx_word' id='word_1_195' title='bbox 4 3155 52 3209; x_wconf 73' lang='lat' dir='ltr'><strong>um</strong></span> <span class='ocrx_word' id='word_1_196' title='bbox 64 3169 122 3212; x_wconf 90' lang='lat' dir='ltr'><strong>noa</strong></span> <span class='ocrx_word' id='word_1_197' title='bbox 140 3144 290 3232; x_wconf 86' lang='lat' dir='ltr'><strong>sequitur.</strong></span> <span class='ocrx_word' id='word_1_198' title='bbox 308 3141 416 3210; x_wconf 79' lang='lat' dir='ltr'><strong>Multis</strong></span> <span class='ocrx_word' id='word_1_199' title='bbox 431 3155 539 3210; x_wconf 71' lang='lat' dir='ltr'><strong>umen</strong></span> <span class='ocrx_word' id='word_1_200' title='bbox 558 3143 660 3209; x_wconf 88' lang='lat' dir='ltr'><strong>medis</strong></span> <span class='ocrx_word' id='word_1_201' title='bbox 675 3145 788 3232; x_wconf 83' lang='lat' dir='ltr'><strong>jurans</strong></span> <span class='ocrx_word' id='word_1_202' title='bbox 802 3143 1007 3230; x_wconf 73' lang='lat' dir='ltr'><strong>Paedagogus,</strong></span> 
     </span>
     <span class='ocr_line' id='line_1_27' title="bbox 4 3251 1005 3342; baseline -0.006 -21"><span class='ocrx_word' id='word_1_203' title='bbox 4 3253 99 3340; x_wconf 76' lang='lat' dir='ltr'><strong>puiest</strong></span> <span class='ocrx_word' id='word_1_204' title='bbox 114 3253 295 3320; x_wconf 85' lang='lat' dir='ltr'><strong>hominibus</strong></span> <span class='ocrx_word' id='word_1_205' title='bbox 314 3253 490 3342; x_wconf 78' lang='lat' dir='ltr'><strong>benignus,</strong></span> <span class='ocrx_word' id='word_1_206' title='bbox 510 3251 571 3320; x_wconf 83' lang='lat' dir='ltr'><strong>alia</strong></span> <span class='ocrx_word' id='word_1_207' title='bbox 589 3253 713 3330; x_wconf 87' lang='lat' dir='ltr'><strong>suadet,</strong></span> <span class='ocrx_word' id='word_1_208' title='bbox 739 3251 800 3318; x_wconf 87' lang='lat' dir='ltr'><strong>alia</strong></span> <span class='ocrx_word' id='word_1_209' title='bbox 826 3252 1005 3340; x_wconf 79' lang='lat' dir='ltr'><strong>exprobrat.</strong></span> 
     </span>
     <span class='ocr_line' id='line_1_28' title="bbox 4 3359 1011 3452; baseline -0.003 -23"><span class='ocrx_word' id='word_1_210' title='bbox 4 3359 215 3429; x_wconf 79' lang='lat' dir='ltr'><strong>itmreroaiiis</strong></span> <span class='ocrx_word' id='word_1_211' title='bbox 237 3386 365 3451; x_wconf 90' lang='lat' dir='ltr'><strong>quoque</strong></span> <span class='ocrx_word' id='word_1_212' title='bbox 380 3363 601 3452; x_wconf 84' lang='lat' dir='ltr'><strong>peccantibus,</strong></span> <span class='ocrx_word' id='word_1_213' title='bbox 627 3385 739 3430; x_wconf 91' lang='lat' dir='ltr'><strong>eorum</strong></span> <span class='ocrx_word' id='word_1_214' title='bbox 762 3362 854 3428; x_wconf 89' lang='lat' dir='ltr'><strong>nobis</strong></span> <span class='ocrx_word' id='word_1_215' title='bbox 873 3361 1011 3428; x_wconf 85' lang='lat' dir='ltr'><strong>ostendit</strong></span> 
     </span>
     <span class='ocr_line' id='line_1_29' title="bbox 4 3470 1010 3564; baseline 0.003 -30"><span class='ocrx_word' id='word_1_216' title='bbox 4 3473 214 3560; x_wconf 72' lang='lat' dir='ltr'><strong>tupitudinem,</strong></span> <span class='ocrx_word' id='word_1_217' title='bbox 228 3485 263 3540; x_wconf 89' lang='lat' dir='ltr'><strong>et</strong></span> <span class='ocrx_word' id='word_1_218' title='bbox 275 3473 363 3564; x_wconf 93' lang='lat' dir='ltr'><strong>quod</strong></span> <span class='ocrx_word' id='word_1_219' title='bbox 377 3495 448 3538; x_wconf 89' lang='lat' dir='ltr'><strong>eam</strong></span> <span class='ocrx_word' id='word_1_220' title='bbox 467 3473 673 3561; x_wconf 87' lang='lat' dir='ltr'><strong>consequitur</strong></span> <span class='ocrx_word' id='word_1_221' title='bbox 687 3471 892 3561; x_wconf 87' lang='lat' dir='ltr'><strong>supplicium,</strong></span> <span class='ocrx_word' id='word_1_222' title='bbox 904 3470 1010 3538; x_wconf 89' lang='lat' dir='ltr'><strong>simul-</strong></span> 
     </span>
     <span class='ocr_line' id='line_1_30' title="bbox 4 3581 1009 3668; baseline 0.004 -22"><span class='ocrx_word' id='word_1_223' title='bbox 4 3601 49 3668; x_wconf 79' lang='lat' dir='ltr'><strong>pae</strong></span> <span class='ocrx_word' id='word_1_224' title='bbox 63 3594 94 3648; x_wconf 87' lang='lat' dir='ltr'><strong>et</strong></span> <span class='ocrx_word' id='word_1_225' title='bbox 106 3581 254 3659; x_wconf 79' lang='lat' dir='ltr'><strong>alliciens,</strong></span> <span class='ocrx_word' id='word_1_226' title='bbox 277 3596 311 3650; x_wconf 87' lang='lat' dir='ltr'><strong>et</strong></span> <span class='ocrx_word' id='word_1_227' title='bbox 327 3583 515 3660; x_wconf 81' lang='lat' dir='ltr'><strong>admonens,</strong></span> <span class='ocrx_word' id='word_1_228' title='bbox 537 3584 601 3650; x_wconf 87' lang='lat' dir='ltr'><strong>hoc</strong></span> <span class='ocrx_word' id='word_1_229' title='bbox 618 3581 750 3649; x_wconf 85' lang='lat' dir='ltr'><strong>consilio</strong></span> <span class='ocrx_word' id='word_1_230' title='bbox 772 3595 808 3648; x_wconf 86' lang='lat' dir='ltr'><strong>ut</strong></span> <span class='ocrx_word' id='word_1_231' title='bbox 829 3605 887 3649; x_wconf 87' lang='lat' dir='ltr'><strong>nos</strong></span> <span class='ocrx_word' id='word_1_232' title='bbox 901 3605 920 3647; x_wconf 85' lang='lat' dir='ltr'><strong>a</strong></span> <span class='ocrx_word' id='word_1_233' title='bbox 934 3582 1009 3650; x_wconf 85' lang='lat' dir='ltr'><strong>sitio</strong></span> 
     </span>
     <span class='ocr_line' id='line_1_31' title="bbox 4 3692 1009 3784; baseline 0.006 -32"><span class='ocrx_word' id='word_1_234' title='bbox 4 3703 190 3770; x_wconf 61' lang='lat' dir='ltr'><strong>troesenen</strong></span> <span class='ocrx_word' id='word_1_235' title='bbox 210 3717 281 3784; x_wconf 76' lang='lat' dir='ltr'><strong>qum</strong></span> <span class='ocrx_word' id='word_1_236' title='bbox 301 3692 362 3759; x_wconf 89' lang='lat' dir='ltr'><strong>illis</strong></span> <span class='ocrx_word' id='word_1_237' title='bbox 382 3704 557 3762; x_wconf 79' lang='lat' dir='ltr'><strong>evenerunt</strong></span> <span class='ocrx_word' id='word_1_238' title='bbox 578 3692 823 3760; x_wconf 83' lang='lat' dir='ltr'><strong>clementissime</strong></span> <span class='ocrx_word' id='word_1_239' title='bbox 843 3694 884 3761; x_wconf 85' lang='lat' dir='ltr'><strong>ob</strong></span> <span class='ocrx_word' id='word_1_240' title='bbox 900 3693 1009 3760; x_wconf 89' lang='lat' dir='ltr'><strong>couios</strong></span> 
     </span>
     <span class='ocr_line' id='line_1_32' title="bbox 4 3798 1008 3892; baseline 0 -27"><span class='ocrx_word' id='word_1_241' title='bbox 4 3821 107 3884; x_wconf 75' lang='lat' dir='ltr'><strong>macas.</strong></span> <span class='ocrx_word' id='word_1_242' title='bbox 128 3802 188 3869; x_wconf 86' lang='lat' dir='ltr'><strong>Per</strong></span> <span class='ocrx_word' id='word_1_243' title='bbox 204 3827 284 3892; x_wconf 87' lang='lat' dir='ltr'><strong>quas</strong></span> <span class='ocrx_word' id='word_1_244' title='bbox 305 3803 456 3892; x_wconf 75' lang='lat' dir='ltr'><strong>imagines</strong></span> <span class='ocrx_word' id='word_1_245' title='bbox 477 3801 643 3872; x_wconf 81' lang='lat' dir='ltr'><strong>manifeste</strong></span> <span class='ocrx_word' id='word_1_246' title='bbox 670 3802 707 3870; x_wconf 86' lang='lat' dir='ltr'><strong>iis</strong></span> <span class='ocrx_word' id='word_1_247' title='bbox 728 3801 782 3890; x_wconf 94' lang='lat' dir='ltr'><strong>qui</strong></span> <span class='ocrx_word' id='word_1_248' title='bbox 801 3798 883 3868; x_wconf 81' lang='lat' dir='ltr'><strong>mele</strong></span> <span class='ocrx_word' id='word_1_249' title='bbox 902 3801 1008 3870; x_wconf 82' lang='lat' dir='ltr'><strong>affecti</strong></span> 
     </span>
    </p>
   </div>
   <div class='ocr_carea' id='block_1_6' title="bbox 25 3933 179 4002">
    <p class='ocr_par' dir='ltr' id='par_1_8' title="bbox 25 3933 179 4002">
     <span class='ocr_line' id='line_1_33' title="bbox 25 3933 179 4002; baseline 0.039 -18"><span class='ocrx_word' id='word_1_250' title='bbox 25 3933 32 3968; x_wconf 81' lang='lat'><strong>¹</strong></span> <span class='ocrx_word' id='word_1_251' title='bbox 43 3935 93 3987; x_wconf 78' lang='lat' dir='ltr'><strong>dac.</strong></span> <span class='ocrx_word' id='word_1_252' title='bbox 104 3957 130 4002; x_wconf 91' lang='grc' dir='ltr'><strong>ιι,</strong></span> <span class='ocrx_word' id='word_1_253' title='bbox 142 3941 179 3994; x_wconf 78' lang='lat'><strong>25.</strong></span> 
     </span>
    </p>
   </div>
   <div class='ocr_carea' id='block_1_7' title="bbox 0 0 1230 4602">
    <p class='ocr_par' dir='ltr' id='par_1_9' title="bbox 0 0 1230 4602">
     <span class='ocr_line' id='line_1_34' title="bbox 0 0 1230 4602; baseline 0 0"><span class='ocrx_word' id='word_1_254' title='bbox 0 0 1230 4602; x_wconf 95' lang='lat' dir='ltr'><strong> </strong></span> 
     </span>
    </p>
   </div>
  </div>
 </body>
</html>
