2478 4594
376 267 567 314 sssouanuu
591 269 652 312 aaa.
680 267 737 312 vn.
1010 249 1073 336 517

8 402 151 458 natura
163 389 279 456 virtute
293 388 434 478 praediti,
450 410 553 476 neque
563 411 601 455 ea
617 401 787 476 postquam
802 410 913 456 sumus
935 391 1019 468 nati,
1042 405 1078 458 ut

8 497 149 587 aliquae
174 495 241 564 aliae
259 511 366 586 partes
392 496 535 586 eorporis
550 545 559 572 ,
576 496 701 563 aoeefflt
726 507 836 585 postea
864 496 1075 567 naturaliter:

6 627 108 672 nam
125 606 250 673 aionon
262 617 345 672 esset
357 603 569 672 volontarium
581 654 591 681 ,
604 627 664 670 neo
676 602 837 671 laudabile
857 628 867 670 a
891 606 947 672 sed
959 629 1020 673 neo
1037 629 1078 674 ex

7 736 230 802 eorumquae
241 713 383 800 quotidie
399 713 550 780 eveniunt
567 735 627 776 usa
649 711 820 778 aooedente
847 723 880 777 et
906 725 1075 780 consuetu·

7 821 124 898 dine,
147 821 229 888 siout
243 843 368 897 sermo,
387 820 487 886 virtus
508 818 675 909 perficitur
700 819 830 906 (vitium
852 820 939 886 enim
960 845 1075 911 prope-

6 931 166 998 modum
192 929 256 998 hoe
277 929 377 998 modo
397 929 642 1018 ingeneratur),
662 927 718 993 sed
733 949 793 994 nea
808 950 848 992 ex
862 940 929 995 arte
950 928 1073 1018 aliqua,

7 1039 93 1106 sive
111 1039 205 1106 exiis
227 1061 298 1126 quae
319 1049 503 1127 proponunt
520 1037 579 1104 sibi
595 1046 770 1125 quaestum,
797 1036 862 1103 sive
883 1061 923 1102 ex
944 1037 981 1104 iis
1005 1060 1076 1127 qnae
1156 1041 1161 1052 '

9 1147 195 1234 pertinent
207 1146 247 1213 ad
262 1169 372 1214 euram
385 1145 550 1234 corporis,
567 1143 694 1210 accedit
711 1143 860 1232 cognitio.
880 1143 944 1211 Sed
959 1167 1019 1211 neo
1036 1168 1076 1211 ex
1097 1229 1102 1236 Ι

11 1251 219 1320 liberalibus
238 1251 410 1344 disciplinis
429 1277 438 1318 a
455 1255 536 1320 bene
556 1251 642 1318 enim
660 1274 735 1318 oum
754 1251 800 1316 eis
817 1251 919 1341 agitur
934 1301 944 1328 ,
960 1253 985 1319 si
1001 1264 1074 1320 tan-

10 1373 100 1428 tum
117 1373 251 1450 possunt
266 1383 441 1452 praeparare
458 1360 597 1426 animam
612 1371 644 1425 et
663 1358 692 1426 ei
710 1357 900 1425 ministrare.
922 1359 1002 1426 Nem
1025 1358 1073 1427 le-

19 1491 85 1558 ges
103 1468 211 1536 civiles
226 1467 323 1536 malm
340 1467 578 1536 actionessorte
593 1477 727 1556 possunt
743 1468 938 1555 reprimere:
964 1468 1021 1534 sed
1032 1468 1073 1536 ad

14 1575 289 1664 persuadendum
318 1575 493 1665 comparati
522 1596 704 1653 sermones,
739 1598 816 1643 cum
842 1586 1009 1640 versentur
1038 1576 1072 1643 in

14 1683 219 1772 superficie,
250 1682 396 1750 stabilem
419 1694 452 1748 et
478 1681 686 1748 scientificum
707 1682 907 1748 mansionem
934 1683 1072 1750 veritatis

13 1813 92 1856 non
114 1789 264 1856 efficient.
289 1788 491 1876 Philosophia
516 1800 625 1854 autem
648 1789 758 1856 Graeca
780 1787 877 1854 veluti
893 1804 1073 1878 praepurgat

17 1908 59 1962 et
78 1907 238 1985 praeparat
262 1896 402 1961 animam
423 1894 463 1960 ad
483 1893 580 1959 fidem
598 1895 837 1983 accipiendam,
858 1917 953 1982 super
975 1919 1072 1984 qsram
1177 1983 1179 1989 y

19 2004 145 2070 veritas
164 2001 301 2068 aedificat
319 2001 543 2089 cognitionem.
566 2001 627 2067 llio
644 2013 693 2068 est
709 2025 800 2068 verus
818 2000 952 2078 athleta,
969 2004 1072 2091 quiin

17 2134 146 2199 magno
170 2109 272 2176 stadio
288 2160 298 2187 ,
317 2129 432 2196 nempe
455 2106 591 2196 pulchro
612 2107 675 2176 hoe
696 2109 844 2187 mundo,
870 2123 1070 2190 coronatur,

19 2241 137 2286 veram
167 2229 329 2284 assecutus
359 2215 527 2282 victoriam
557 2214 705 2282 adversus
736 2239 846 2282 omnes
878 2219 973 2284 animi
1000 2243 1071 2309 per·

18 2323 240 2394 turbationes.
264 2326 344 2393 Nam
361 2336 394 2389 et
416 2322 607 2413 agonotheta
624 2335 672 2389 est
695 2325 896 2413 omnipotens
914 2325 1017 2403 Deus,
1036 2340 1070 2394 et

20 2436 80 2524 qui
102 2435 233 2523 praemia
260 2432 422 2499 distribuit
443 2444 492 2498 est
513 2432 693 2521 unigenitus
715 2433 774 2499 Dei
795 2433 820 2498 F
823 2431 894 2497 ilius
912 2457 920 2497 τ
949 2419 1069 2522 speeta-

20 2555 110 2608 tores
138 2553 247 2608 autem
275 2552 350 2608 sunt
368 2537 481 2628 Angeli
505 2551 537 2603 et
558 2539 630 2605 dii:
650 2540 835 2627 variumque
858 2551 890 2604 et
914 2561 954 2605 ex
978 2544 1067 2609 omni

22 2673 140 2740 genere
155 2671 270 2739 pugnae
286 2659 435 2715 constans
459 2658 621 2713 certamen
638 2671 699 2712 non
721 2659 765 2713 est
782 2647 925 2714 adversus
948 2673 1069 2716 earnem

23 2770 54 2824 et
76 2757 272 2846 sanguineo,
301 2757 358 2822 sed
385 2755 535 2822 adversus
556 2753 710 2843 spiritales
734 2766 904 2843 potestates
923 2780 994 2843 quae
1011 2779 1069 2846 per

24 2887 139 2934 carnes
153 2875 325 2953 operantur
339 2862 545 2930 vehementes
562 2863 710 2928 vitiorum
726 2874 759 2928 et
777 2861 983 2932 affectionum
995 2887 1068 2930 mo-

23 2985 90 3038 tus.
109 2973 172 3054 Qui
183 2972 253 3038 haeo
265 2994 380 3060 magna
396 2971 591 3060 superaverit
602 2969 710 3060 praelia
720 3021 730 3047 ,
741 2983 775 3035 et
787 2982 978 3038 tentatorem
989 3022 998 3049 ,
1010 2974 1067 3062 qui

23 3079 123 3148 veluti
140 3080 285 3170 quaedam
303 3077 475 3144 certamina
494 3078 648 3155 intentat,
665 3080 888 3167 prostraverit,
908 3080 934 3144 is
948 3081 1066 3168 potitus

25 3201 76 3256 est
95 3185 329 3254 immortalitate
351 3209 359 3251 ε
381 3183 445 3250 falli
461 3185 548 3250 enim
566 3208 631 3251 nou
657 3197 761 3275 potest
780 3185 839 3252 Dei
857 3189 1012 3256 sententia
1032 3189 1065 3256 in

26 3296 197 3386 justissimo
222 3293 353 3383 judicio.
379 3291 426 3358 Ao
450 3303 598 3358 vocatum
622 3294 750 3381 quidem
777 3306 826 3359 est
849 3293 1009 3362 theatrum
1025 3297 1065 3365 ad

28 3415 207 3479 oertamen,
223 3402 257 3468 in
267 3400 369 3468 stadio
381 3411 488 3466 antem
502 3400 666 3466 decertant
682 3400 831 3476 athletae3
846 3415 880 3468 et
890 3427 929 3468 ex
943 3403 992 3470 his
1004 3405 1063 3474 uti·
1157 3409 1161 3418 “

28 3535 89 3601 que
113 3522 238 3600 superat
254 3509 310 3599 qui
330 3507 432 3597 aliptae
449 3507 601 3596 paruerit.
627 3508 785 3575 Omnibus
800 3509 888 3574 euim
903 3515 1061 3600 praemisa

28 3623 95 3689 Deo
110 3619 267 3712 proposita
280 3630 356 3685 sunt
373 3615 522 3706 aequalia,
535 3629 568 3682 et
586 3629 634 3683 est
648 3617 715 3706 ipse
727 3617 873 3686 alienusa
889 3622 1062 3710 reprehen-

31 3729 113 3796 sione
126 3752 133 3794 ι
146 3726 395 3796 misericordiam
418 3736 525 3793 autem
549 3725 755 3815 consequitur
777 3725 802 3792 is
822 3727 875 3817 qui
891 3742 1014 3818 potest,
1028 3744 1062 3798 et

33 3849 196 3927 potensest
212 3837 238 3906 is
253 3836 306 3926 qui
319 3831 464 3903 voluerit.
480 3834 548 3904 Hac
560 3834 683 3902 ratione
701 3846 840 3905 mentem
858 3860 986 3930 quoque
1005 3860 1060 3908 aa·
