2570 4614
189 279 252 366 apB
500 293 672 339 casuaurss
698 291 908 336 anaxasoarar

93 481 98 492 ,
187 415 281 488 tium,
297 411 507 480 immoderate
521 401 555 476 et
570 409 721 478 indecore
738 431 773 476 ae
791 405 983 497 implentes?
1004 405 1121 476 Videre
1137 409 1217 474 enim

187 535 237 590 est
251 523 375 611 eosqui
389 533 464 588 sont
483 519 660 610 ejusmodi,
680 520 792 588 suibus
807 518 857 586 vel
876 517 1010 586 canibus
1025 530 1156 606 propter
1168 541 1220 584 ro-

187 634 353 702 raeitatem
364 629 541 706 assimilari,
555 630 662 720 potius
673 653 771 720 qtmm
782 629 965 698 bominibus
980 651 990 694 ι
1006 627 1063 716 qui
1074 629 1155 694 adeo
1165 627 1221 694 les-

188 745 292 812 tiuant
315 756 351 810 ut
377 754 571 817 saturentur,
594 753 632 808 ut
654 744 758 810 ambae
785 738 919 808 maxillae
946 738 1042 806 simul
1064 739 1220 814 inllentm‚

144 836 147 844 ¹
188 853 279 921 alatis
292 853 372 920 vaus
383 874 454 942 qua
466 864 541 918 sunt
551 851 585 918 in
595 850 676 920 faeie
689 874 699 916 ι
713 851 888 940 quinetiam
899 851 998 917 sodor
1008 861 1162 938 pretore·
1174 849 1224 914 tit-

187 965 352 1039 landatur,
362 964 440 1030 dum
448 974 580 1052 propter
586 961 854 1030 insatiabilitatem
863 972 950 1028 arcte
958 960 1223 1050 oomprimontor‚

188 1087 221 1142 et
235 1086 367 1164 proptor
380 1073 658 1162 intemperantiam
672 1070 836 1146 anbelant.
850 1071 1052 1138 lestiuatioue
1067 1071 1224 1145 inrleeore,

189 1197 223 1252 et
238 1187 277 1252 ab
292 1183 425 1252 honesta
440 1182 672 1252 consuetudine
687 1181 804 1258 aliena,
820 1182 944 1250 intruso
958 1181 993 1246 in
1007 1194 1158 1247 ventrem
1170 1203 1225 1246 nn-

191 1295 355 1372 trimento,
368 1307 520 1381 tanquam
532 1293 575 1360 ad
589 1292 754 1368 viaticum,
767 1315 832 1360 non
846 1291 888 1358 ed
902 1289 1117 1381 digestionem
1131 1287 1224 1356 edulia

192 1415 359 1495 reponant.
377 1408 484 1492 Atque
500 1427 576 1472 eum
595 1424 723 1492 semper
738 1401 860 1469 ιιιιιΙιιιιι
878 1400 919 1468 sit
933 1399 1071 1466 transire
1085 1401 1224 1474 modum,

191 1528 261 1580 tum
276 1515 310 1581 in
328 1512 532 1580 nutrimentis
550 1513 689 1580 maxime
711 1514 911 1601 reprobatur.
931 1508 1095 1598 lugluvias
1116 1509 1223 1597 iteam,
1282 1507 1283 1556 l

192 1647 263 1716 quae
277 1645 380 1714 grene
390 1614 533 1702 ἰψιφαγία
545 1623 676 1701 slioitur,
688 1620 768 1690 nibil
779 1633 827 1687 est
842 1618 929 1687 aliud
939 1641 1038 1709 quom
1058 1620 1095 1684 in
1111 1619 1226 1686 stanit

175 1747 180 1754 “
194 1755 253 1802 usu
268 1733 356 1800 morli
370 1735 587 1824 transgressio.
600 1731 727 1800 Dicitur
736 1732 833 1801 otiam
847 1733 1005 1810 λαιμαργία,
1015 1752 1094 1818 quoe
1108 1729 1224 1817 φιῐὼιιι

192 1844 962 1935 esteirerguuortmania50r7enpspap7a,quae
976 1839 1074 1909 estin
1087 1839 1222 1907 atione
1283 1867 1284 1884 r

192 1953 448 2044 intemperantia,
461 1963 507 2030 et,
524 1964 560 2019 ut
574 1952 679 2042 ipsum
692 1973 810 2018 nomeu
825 1953 956 2030 indicet,
972 1953 1007 2037 iu
1021 1969 1176 2018 oeream
1182 1953 1224 2014 ia-

194 2065 302 2131 mnia.
313 2063 461 2130 Intonat
470 2062 557 2130 enim
567 2082 671 2151 gamno
681 2068 782 2142 μάργος
793 2061 920 2128 dieitur.
938 2063 1003 2130 Eos
1014 2061 1129 2152 itaque
1140 2063 1225 2151 quiin

194 2173 295 2265 epulis
307 2173 391 2244 male
401 2197 435 2240 se
446 2175 599 2264 gerebant
610 2173 780 2263 Apostolus
791 2174 971 2262 inorepaoa,
988 2172 1093 2240 dioit:
1112 2173 1226 2239 «llum-

195 2286 356 2376 aquisque
363 2285 617 2376 enimpropriam
627 2307 752 2352 ooenam
761 2296 965 2376 praeooeopat
973 2285 1006 2350 iu
1014 2285 1224 2350 comedendo:

195 2407 258 2463 aet
272 2395 351 2462 alius
364 2397 495 2484 quidem
512 2396 623 2470 esurit,
641 2392 721 2460 alius
739 2417 814 2461 vero
829 2407 878 2460 est
890 2394 1011 2461 ebrius.
1030 2395 1083 2461 tln
1099 2417 1166 2460 nou
1179 2395 1226 2460 te-

195 2533 210 2567 ιι
226 2529 296 2572 mos
307 2504 430 2571 habetis
439 2505 480 2570 ad
491 2505 724 2572 comedendum
737 2516 771 2569 et
781 2504 980 2571 bbendum?
991 2518 1048 2570 aut
1057 2504 1228 2572 Deilleele·

104 2683 109 2710 „
198 2613 704 2703 rsiamoontemnitis‚etpudore
716 2614 840 2681 allicitis
850 2599 967 2702 eosqui
979 2637 1045 2682 nou
1054 2613 1224 2682 habente·

197 2723 294 2814 Apud
308 2745 363 2788 eos
377 2735 486 2788 autem
502 2723 556 2812 qui
575 2723 707 2800 babent,
725 2724 779 2813 qui
794 2724 873 2790 citra
890 2721 991 2789 ullum
1005 2725 1171 2813 pudorem
1189 2747 1232 2791 oa

196 2834 344 2910 madunt,
366 2831 421 2922 qui
442 2831 634 2900 insatiabiles
649 2846 737 2912 suut,
755 2835 1054 2924 seipooaaletleeore
1076 2835 1229 2904 afficiunt

197 2945 303 3014 Ambo
320 2955 428 3014 autem
451 2941 689 3019 malefaciunt,
712 2943 747 3010 bi
760 2944 904 3032 quidem,
929 2945 1007 3010 ‹lurn
1025 2967 1082 3012 eos
1106 2947 1234 3034 quinon

197 3055 318 3122 babent
332 3067 487 3145 pavant:
507 3053 552 3121 illi
568 3079 644 3123 reto
660 3057 738 3121 dom
753 3079 843 3123 soom
858 3058 1142 3146 intemperentiam
1159 3059 1237 3148 apul

197 3187 253 3231 eos
267 3166 323 3253 qui
341 3164 462 3232 babent
479 3165 636 3253 aperiunt.
655 3163 840 3232 Necessario
854 3187 931 3255 ergo
945 3165 1101 3231 advorsus
1115 3189 1173 3232 eos
1187 3167 1236 3254 qai

198 3276 355 3364 pudorem
374 3285 545 3351 exueruut,
567 3286 600 3340 et
622 3275 677 3362 qui
697 3274 797 3341 etauio
817 3273 1028 3342 immoderate
1051 3279 1237 3354 utebantur,

31 3453 38 3466 ‚
154 3367 163 3382 ⁸
198 3381 406 3458 insatiabiles,
421 3381 539 3469 quibus
552 3379 632 3447 nibil
647 3380 778 3458 suffieit,
793 3383 1058 3450 secundorursus
1069 3383 1240 3474 Apostolos

199 3492 234 3558 in
248 3491 360 3562 vooeui
373 3493 479 3582 erupit
494 3492 713 3581 indignantem
732 3513 767 3556 :a
783 3487 1016 3574 Quamobrem,
1033 3494 1150 3562 fratres
1165 3497 1240 3571 mei,

199 3604 455 3672 soouvenientes
476 3603 518 3670 ad
539 3603 787 3680 oomedendum,
802 3603 885 3670 alter
900 3602 1036 3670 alterum
1060 3618 1237 3698 expeotate

202 3709 263 3777 »Si
278 3714 348 3801 qnia
361 3725 468 3781 autem
483 3715 595 3790 esurit,
612 3715 699 3782 domi
711 3715 872 3792 eomedas,
889 3739 930 3782 ne
945 3717 977 3782 iu
992 3716 1152 3806 judicium
1169 3741 1242 3786 oon

180 3831 215 3892 ἰ
231 3822 361 3888 veniatis
369 3821 392 3887 ².
407 3825 478 3892 »Ab
492 3825 579 3892 omni
590 3849 666 3916 ergo
679 3823 783 3894 servili
798 3838 829 3892 et
845 3822 988 3894 illiberali
1002 3829 1129 3894 actione
1144 3839 1180 3894 et
1195 3827 1242 3892 ia-

234 3949 243 3984 ¹
260 3967 269 3998 ι
283 3951 440 4014 Cernen,
454 3969 535 4004 an·-
548 3954 559 3988 ¹
573 3954 642 4004 lbid.
654 3955 695 4014 55,
710 3955 747 4013 54.
