2478 4594
339 319 536 366 sraouaruu
558 319 620 366 nra.
646 319 688 364 rr.
973 297 1035 363 265

12 441 183 510 sublimium
198 461 307 508 rerum
329 442 547 510 observatione
564 439 664 510 multa
686 439 895 530 praediceret,
917 463 1039 531 cogno-

12 573 79 618 men
90 550 252 641 Sapientiae
267 549 397 618 invenit.
416 551 499 616 Gum
516 551 622 638 itaque
633 573 708 616 eum
720 550 856 639 benigne
868 551 1041 641 accepisset

12 657 100 726 buter
112 660 283 735 Damasus,
299 659 382 726 facta
392 681 411 723 e
421 657 612 748 quibusdam
627 656 724 724 stellis
736 659 936 745 conjectura,
952 659 1041 724 futu-

12 789 72 834 ram
83 765 212 832 multam
222 765 362 856 pluriam
378 765 532 855 praedixit.
549 766 654 855 Atque
667 763 713 831 illi
725 765 855 854 quidem
867 764 897 830 ei
909 765 1041 833 creden-

12 887 67 952 tes,
80 875 198 959 fluctus
210 871 407 964 collegerunt
420 901 428 940 ι
445 895 520 940 nam
533 895 608 939 oum
620 883 703 938 esset
714 884 804 939 aestas
815 871 937 949 adhuc,
949 883 1041 939 erant

12 984 38 1049 bn
52 983 129 1050 areis
142 1005 151 1049 a
164 980 217 1049 alii
233 993 339 1048 autem
352 982 458 1048 omnia
475 982 668 1059 amiserunt,
683 1001 758 1048 eum
772 980 910 1047 maxima
926 991 959 1046 et
974 981 1042 1046 ino

12 1092 111 1182 pinata
129 1090 295 1180 ingruisset
314 1089 430 1180 pluvia.
450 1091 624 1171 Quomodo
646 1101 754 1156 autem
774 1101 847 1154 sunt
863 1087 966 1156 Graeci
983 1086 1042 1154 ad.
1141 1091 1168 1123 ‚-

12 1201 71 1268 bue
83 1223 146 1273 non
163 1198 313 1264 credituri
335 1197 518 1287 apparuisse
533 1198 638 1265 Deum
653 1197 686 1264 in
700 1207 811 1264 monte
825 1196 902 1264 Sina
919 1197 952 1273 ⁸,
977 1219 1042 1286 quo

12 1319 147 1398 tempore
161 1306 292 1374 ardebat
307 1305 437 1395 qrridem
455 1306 535 1396 ignis
554 1304 634 1374 nihil
658 1324 850 1373 consumens
864 1327 904 1370 ox
918 1304 956 1370 iis
971 1323 1042 1394 que

12 1418 216 1484 nascebantur
226 1415 259 1481 in
274 1427 384 1482 monte
402 1439 412 1481 z
429 1425 463 1481 et
477 1417 628 1482 tubarum
644 1415 809 1482 serebatur
829 1415 970 1491 sonitus,
987 1416 1042 1503 qui

12 1527 128 1614 absque
146 1523 214 1590 ullis
235 1524 448 1614 inspirabatur
472 1525 716 1592 instrumentis?
733 1522 791 1590 llle
813 1525 901 1591 onim
927 1523 986 1592 Dei
1008 1525 1042 1591 in

12 1645 145 1702 nantem
162 1633 349 1710 descensus,
372 1633 486 1701 divine
507 1634 671 1724 potestatis
696 1643 746 1698 est
771 1633 946 1710 adrentus,
972 1656 1042 1721 quae

12 1741 146 1832 pervadit
165 1765 294 1808 omnem
306 1742 487 1819 mundum,
510 1741 726 1830 praedlcntque
743 1737 872 1817 lucem,
890 1739 1043 1827 adquam

11 1850 108 1918 iditus
122 1873 186 1916 non
205 1851 307 1917 datur.
324 1848 408 1916 Talia
419 1849 506 1915 enim
519 1861 567 1915 est
579 1849 752 1938 Scripturas
768 1848 960 1914 conveniens
972 1846 1044 1915 alle-

12 1959 101 2050 poria.
128 1958 287 2025 catarum
301 1959 386 2026 visus
402 1969 451 2022 est
465 1957 565 2046 ignis,
583 1968 619 2022 ut
640 1956 717 2023 dicit
732 1952 953 2033 Aristobulus,
968 1978 1044 2022 cum

12 2067 232 2157 otuspopulus
242 2067 388 2154 ,quierat
399 2088 466 2131 non
475 2065 581 2131 minus
593 2088 690 2155 quam
701 2076 833 2132 centum
840 2065 1044 2154 myriadum,

12 2189 121 2244 mter
134 2199 250 2266 pueros
265 2187 297 2240 et
313 2165 405 2240 aetate
419 2174 579 2251 minores,
603 2173 688 2240 cirea
705 2185 848 2240 montem
867 2186 949 2240 esset
965 2198 1046 2242 con-

12 2297 153 2376 ‚regatus
177 2295 286 2350 :esset
308 2295 413 2350 autem
433 2283 552 2349 montis
575 2283 713 2350 ambitus
734 2307 799 2350 non
823 2285 928 2349 minor
949 2307 1045 2372 quam

12 2395 149 2483 pninque
165 2391 298 2464 dierum,
321 2392 382 2459 Per
399 2401 597 2480 ratumago
618 2389 727 2458 looum
752 2391 900 2467 visionis,
915 2392 961 2456 eis
976 2415 1047 2457 om-

12 2503 103 2566 ribus
119 2499 151 2566 in
168 2503 278 2565 orbem
291 2510 403 2589 utpote
414 2499 712 2566 castrametantibus
725 2550 735 2577 ,
748 2501 833 2564 visus
848 2511 896 2564 est
908 2499 990 2588 ignis
1005 2521 1053 2565 ar-

12 2613 84 2676 bns
101 2607 323 2674 circumcirca.
336 2609 409 2688 Quo
424 2606 461 2673 fit
476 2619 513 2673 ut
524 2607 694 2674 descensus
708 2607 840 2674 minime
853 2606 948 2672 fuerit
964 2615 1056 2672 certo

12 2739 76 2783 sco
93 2715 282 2781 terminatus
302 2715 421 2797 {Deus
446 2716 534 2782 enim
554 2727 603 2783 est
624 2715 753 2806 ubique.
772 2716 895 2782 Dicunt
907 2726 1014 2782 autem
1029 2715 1052 2780 ii

12 2847 133 2916 [noque
156 2825 210 2912 qui
231 2823 488 2914 conscripserunt
508 2823 679 2902 historias,
707 2826 740 2890 in
759 2825 926 2893 Britannia
948 2822 1052 2890 insula

12 2955 71 3000 sse
85 2933 260 3022 quamdam
272 2932 458 3022 speluncam
472 2933 574 3002 monti
590 2933 790 3023 subjectam,
804 2934 837 2999 in
854 2933 978 3022 fastigio
993 2957 1054 2999 nu-

12 3061 69 3105 em
84 3036 211 3106 hiatum
224 3062 233 3104 z
248 3059 323 3105 eum
338 3050 444 3105 autem
457 3051 569 3104 ventus
584 3039 617 3104 in
629 3037 812 3128 speluncam
825 3039 939 3104 incidit
950 3089 961 3114 ,
972 3051 1005 3103 et
1019 3039 1053 3103 in

12 3155 96 3214 ossae
106 3147 180 3214 sinu
194 3144 350 3223 alliditur,
368 3147 470 3214 audiri
487 3170 602 3213 sonum
613 3145 836 3234 cymbalorum
850 3169 922 3234 quae
937 3169 1053 3212 nume-

12 3277 74 3321 oae
86 3252 268 3344 pulsantur.
286 3255 378 3343 Saepe
394 3264 501 3319 autem
518 3276 593 3320 cum
609 3253 642 3321 in
657 3252 753 3343 sylvis
769 3276 899 3343 quoque
917 3277 1053 3321 moven-

12 3383 56 3428 ur
73 3359 174 3438 folia,
194 3385 252 3451 per
270 3362 451 3430 confertum
477 3361 606 3450 spiritus
628 3362 805 3451 impetum,
835 3362 942 3427 editur
956 3385 1053 3430 sonus

12 3470 114 3538 rium
131 3471 238 3537 cantui
253 3469 373 3536 similis.
396 3469 558 3536 Caeterum
574 3470 665 3559 liqui
681 3491 891 3558 composuere
906 3469 1050 3549 Persica,

12 3578 132 3646 nloois
148 3603 219 3668 que
236 3580 270 3645 in
286 3579 452 3669 Magorum
475 3579 604 3669 regione
625 3590 699 3644 sunt
714 3578 945 3656 eminentiora,
970 3579 1053 3645 refe-
1088 3563 1098 3586 ⁵

12 3699 79 3753 unt
104 3699 172 3754 tres
195 3687 369 3754 montesio
390 3685 573 3776 longissimo
598 3709 714 3777 campo
736 3687 849 3752 ordine
871 3688 974 3754 sitos:
995 3709 1051 3754 eos

12 3803 116 3859 intem
139 3792 195 3880 qui
218 3790 326 3859 locum
347 3792 584 3868 transmittunt,
602 3814 677 3861 cum
696 3791 737 3862 ad
758 3793 897 3884 primum
919 3791 1050 3884 quidem

38 3933 50 3960 ¹
70 3936 160 3989 hod.
175 3953 218 4003 ru,
231 3957 263 4010 ap
283 3953 349 4006 m,
361 3939 405 4008 18¹,
419 3933 523 4008 19311',
537 3941 577 3989 ιδ.
