2382 4592
349 274 537 321 araouarau
559 278 620 321 nra.
649 279 691 322 ιν.
968 259 1033 328 ,ιὸι

15 417 68 463 am
91 396 265 472 rationem,
289 419 365 464 cum
386 398 437 474 id,
460 399 547 486 quod
570 423 641 465 varo
662 411 710 465 ast
734 397 981 476 honestum,'at
996 423 1042 484 ox

8 538 10 541 -
25 505 104 594 ipso
114 503 297 594 eligendum
309 555 319 583 ,
331 517 365 572 at
377 529 414 574 ea
426 508 547 575 ratione
562 504 776 599 expetendum
791 501 1041 596 amandumque,

7 610 97 680 smel
112 609 252 702 elegerit.

48 772 156 845 Unde
168 773 214 844 ab
233 773 406 850 omnihus
421 776 575 864 vinculis
586 774 680 848 liber
693 777 943 877 sicpreoatur¹
961 806 970 848 :

5 913 9 922 ’
42 916 108 982 Sed
123 939 183 1008 ego
198 939 250 982 ma
266 915 431 995 liberabo,
449 919 582 996 dixerit,
598 945 615 988 a
634 920 826 1010 cupiditate,
845 945 865 987 o
884 921 1041 989 Domino!

1 1035 35 1089 at
44 1023 123 1090 mihi
132 1036 240 1096 tenum
250 1025 426 1092 intercedat
435 1028 644 1117 conjunctio:
662 1027 796 1117 pulchra
807 1029 893 1096 anim
904 1041 1046 1118 ast,quae
1102 1087 1108 1102 .

2 1133 111 1219 utique
127 1123 233 1199 oreata
245 1144 312 1210 est,
326 1133 516 1222 dispensatio
527 1185 536 1214 ,
549 1147 581 1200 ot
592 1136 698 1202 omnia
712 1149 800 1210 rocta
816 1137 1045 1204 administram·

2 1251 68 1316 tur,
87 1252 120 1305 et
131 1239 211 1332 nihil
227 1240 264 1305 fit
276 1241 343 1307 aina
357 1265 467 1310 causa:
483 1243 520 1308 In
534 1243 597 1309 tuis
609 1267 661 1311 ma
676 1268 745 1310 esso
760 1257 907 1334 oportet,
928 1245 1045 1312 oOm-·

1 1350 170 1438 nipotona!
185 1361 217 1413 at
233 1347 308 1414 licet
318 1349 372 1416 hio
383 1349 494 1427 fuero,
510 1374 582 1416 sum
598 1353 681 1441 apud
701 1364 733 1418 to
747 1377 755 1417 :
771 1353 828 1419 aed
843 1351 916 1418 volo
931 1377 1043 1443 expers

2 1479 67 1522 esso
78 1469 185 1521 motus
196 1506 205 1532 ,
218 1468 254 1521 ut
270 1457 310 1523 ad
320 1469 352 1522 ta
363 1458 481 1547 posslm
493 1460 763 1548 appropinquare,
776 1473 809 1526 at
819 1461 929 1551 paucis
943 1461 1042 1528 otiam

3 1576 189 1640 contentus,
205 1576 294 1641 tuam
311 1565 436 1632 imitans
458 1565 575 1658 justam
598 1565 808 1645 electionem,
824 1591 895 1658 quae
911 1571 1044 1636 bonoso

1 1671 155 1739 similibus
167 1671 329 1748 disceruit,
613 1669 615 1674 ’

51 1831 98 1905 5³.
120 1834 193 1923 Qui
213 1835 287 1904 sint
304 1837 475 1929 gnosticae
493 1836 575 1906 ritae
590 1797 764 1926 effaetus,
780 1859 911 1934 nempe
931 1835 1046 1914 homi·

4 1973 84 2020 uem
103 1947 148 2020 ad
165 1953 284 2020 Deum
304 1946 490 2020 trahere²:
569 2017 573 2022 .

43 2102 120 2182 Quo
144 2099 242 2166 modo
268 2123 346 2190 ergo
362 2099 472 2188 quiin
498 2101 579 2166 mari
599 2102 639 2166 ah
666 2099 805 2166 anchora
821 2099 1043 2176 stabiliuntur,

3 2208 131 2291 trahunt
149 2207 279 2296 quidam
312 2207 504 2283 anchoram,
537 2231 601 2274 non
624 2206 710 2274 illam
734 2219 840 2277 autem
861 2209 1043 2284 attrahunt,

4 2317 53 2383 aad
76 2317 198 2405 seipsos
223 2315 262 2383 ad
293 2316 464 2382 anchoram
487 2316 559 2388 :ita
588 2317 643 2403 qui
667 2339 726 2405 par
753 2316 848 2387 vitam
870 2317 1046 2405 gnosticam

4 2425 104 2498 Deum
128 2424 309 2500 attrahunt,
334 2448 399 2496 non
422 2424 641 2500 advertentes,
661 2424 781 2513 seipsos
804 2423 845 2490 ad
862 2424 966 2489 Deum
989 2423 1046 2490 ad-

7 2532 137 2599 ducunt.
164 2531 227 2613 Qui
248 2531 334 2598 enim
355 2532 459 2604 Deum
476 2530 572 2607 colit,
592 2533 730 2621 seipsum
751 2530 839 2597 colit.
865 2531 902 2598 In
917 2533 980 2598 vita
990 2555 1045 2598 'ar-

2 2663 56 2738 go,
68 2663 143 2729 quae
153 2653 297 2705 versatur
307 2640 340 2705 in
354 2637 647 2732 'contemplationffi
664 2640 713 2705 sui
728 2639 797 2727 quis
816 2661 927 2706 curam
943 2641 1042 2730 gerit,

2 2747 77 2814 dum
92 2749 199 2815 Deum
210 2759 397 2824 veneratur,
413 2759 445 2812 et
456 2769 489 2812 aa
500 2747 621 2813 sineere
633 2759 767 2837 purgato
779 2747 881 2814 Deum
894 2760 1043 2824 sanctum

4 2867 110 2924 sancte
122 2853 367 2944 contemplatur.

49 2993 224 3066 Trahitur
241 3009 360 3065 autem
380 2991 492 3065 homo
507 2993 552 3065 ad
573 2997 690 3072 Deum
714 2999 822 3077 venia
841 3011 878 3066 et
893 2997 1044 3092 castiga-

4 3113 114 3186 tione.
135 3112 252 3182 Venia
268 3109 434 3206 quidem,
446 3134 529 3180 nam
543 3109 553 3144 ³
569 3151 572 3156 ,

44 3257 259 3326 Dimittuntur
270 3280 346 3346 ergo
360 3279 418 3347 par
431 3256 624 3332 Dominum,
640 3281 710 3345 quae
723 3256 807 3324 facta
822 3269 896 3322 sunt
912 3269 985 3323 anto
1002 3257 1043 3322 fi,

4 3365 98 3443 dom,
126 3388 191 3430 non
213 3377 249 3429 nt
273 3365 355 3432 facta
383 3388 447 3430 non
472 3364 552 3440 sint,
572 3365 629 3430 sod
651 3376 687 3429 ut
712 3365 774 3430 sint
797 3376 952 3453 tanquam
978 3388 1043 3440 nou

4 3471 97 3540 ficta.
124 3473 188 3539 Sed
208 3495 250 3538 na
272 3473 379 3540 omnia
402 3473 551 3563 qnidam,
567 3472 644 3538 dicit
658 3470 830 3548 Basilides,
847 3472 903 3538 sod
917 3471 980 3540 sola
998 3473 1043 3538 di·
1127 3467 1133 3488 ’

2 3581 87 3647 mitti
100 3579 329 3661 involuntaria,
345 3593 378 3648 ot
393 3605 463 3673 quae
478 3580 559 3649 fiunt
574 3603 631 3670 par
645 3580 875 3671 ignorationem
886 3582 1042 3672 ;·p,ariuda

44 3718 129 3790 ¹1³ng.
143 3718 204 3772 631.

42 3810 52 3834 ¹
72 3808 202 3877 pagata.

43 3899 51 3931 ⁸
71 3897 190 3968 Pogddd
205 3909 229 3948 et
239 3914 289 3970 naq.
