2478 4594
180 213 191 248 ¹
402 253 593 300 srsouarna
614 254 675 298 ura.
701 253 744 300 rs.
1022 231 1082 296 sor

29 388 269 452 snaacaatur,
288 375 441 450 moriturs
466 396 577 442 vuum
600 375 699 441 satiat
719 373 847 450 dorma,
869 385 1088 462 monstratque

30 506 233 550 suoram.»
255 483 393 550 Etcum
416 481 504 550 Plato
527 483 561 548 in
585 480 674 550 libris
697 482 738 548 de
759 480 934 571 Republica
961 481 1089 548 dixisset

28 593 191 662 mettere
206 616 266 660 essa
281 616 467 669 emmone,
484 591 649 682 Euripides
665 591 775 660 scribit
786 591 819 658 in
834 573 1007 663 Protesilao
1022 615 1031 656 :

154 719 335 780 Communis
345 720 410 800 ipsa
421 717 614 779 teminorum
627 721 666 778 sit
680 715 795 782 thorus.

31 832 237 915 Quinetiam
251 855 327 900 eum
344 834 498 904 scriberet
514 832 701 924 Euripides:

134 990 137 1000 ·
151 961 244 1036 Quod
259 979 390 1040 namque
400 962 471 1022 satis
485 971 530 1021 est
543 962 723 1042 temperanti
735 961 865 1035 sufficit,

30 1078 208 1170 Epicurus
223 1079 301 1146 dicit
313 1091 420 1170 aperte
438 1079 644 1167 :Sufficisotio
658 1104 705 1147 res
719 1091 764 1147 ert
778 1077 911 1148 monium
923 1077 1083 1146 ditissimo.

31 1189 82 1256 Es
101 1209 215 1255 rursus
231 1209 306 1255 cum
321 1189 438 1254 scribat
453 1187 699 1278 Aristophanes:
744 1175 748 1182 ’

156 1315 262 1380 Stabili
275 1317 385 1377 severis
396 1328 495 1390 sorte,
509 1319 549 1378 sis
563 1319 660 1396 justus
672 1321 784 1399 modo,
811 1385 815 1390 ,

3 1495 9 1502 .
154 1417 243 1477 Vires
254 1417 330 1510 bene
346 1435 455 1498 expers
471 1429 501 1476 et
516 1417 662 1478 tumultus
676 1429 707 1478 st
719 1431 834 1490 metus,

3 1581 9 1616 :
28 1533 129 1599 dicit
144 1533 297 1622 Epicurus
312 1557 320 1599 :
334 1533 471 1600 Iustitt'oe
484 1535 603 1626 fructus
622 1533 771 1601 maximus
787 1546 853 1610 est,
867 1535 1002 1604 vacuitas
1022 1559 1089 1622 per-

1 1689 10 1697 .
31 1639 242 1708 turbationis.
257 1641 364 1731 Atque
374 1642 450 1708 furti
461 1640 591 1730 quidem
607 1643 814 1720 Graecorum,
827 1643 1088 1732 quodattinetad

1 1799 11 1841 p
29 1749 259 1826 sententiam,
274 1750 394 1840 speeies
408 1773 484 1817 cum
495 1749 558 1815 sint
568 1751 746 1838 ejusmodi,
762 1749 921 1826 sufficient
934 1748 973 1828 ad
985 1773 1088 1816 exem-

30 1855 138 1946 plum
155 1857 284 1923 evidens
299 1857 329 1923 ei
345 1856 399 1947 qui
415 1868 521 1946 potest
535 1857 726 1947 perspicere.
744 1856 817 1924 Jam
833 1881 910 1925 vero
922 1859 1009 1958 quod
1024 1883 1088 1935 non

30 1965 220 2041 sententias
247 1963 351 2032 solum
377 1976 410 2031 et
436 1964 592 2032 dictiones
616 1965 761 2040 suffurati
791 1977 824 2031 et
852 1966 1089 2056 paraphrastice

1 2072 302 2166 enuntiaverint,
331 2072 405 2138 setis
423 2069 556 2162 planum
575 2084 644 2150 est,
665 2083 697 2137 et
720 2072 915 2142 ostendetur.
943 2075 1029 2156 Quin
1054 2087 1087 2141 et

27 2179 131 2247 furta
148 2179 345 2250 commisisse
365 2179 487 2269 integra
510 2190 692 2269 arguentur.
717 2179 798 2247 Nam
818 2203 894 2249 cum
912 2206 982 2270 quae
996 2195 1088 2249 erant

25 2287 208 2363 aliorum,
223 2297 293 2352 tota
308 2285 438 2350 omnino
453 2287 700 2386 surripuissent,
717 2289 922 2355 enuntiarunt
937 2301 1087 2380 tanquam

1 2381 3 2414 r
24 2395 179 2488 propria
198 2417 207 2458 t
224 2405 260 2458 ut
274 2393 441 2482 Eugamon
456 2393 649 2482 Cyrenaeus,
673 2417 714 2460 ex
734 2395 851 2463 Musaeo
873 2394 991 2464 librum
1010 2399 1087 2464 inte-

23 2524 142 2594 grum
162 2499 203 2566 de
229 2499 432 2589 Thesprotis,
454 2513 488 2574 et
508 2501 660 2568 Pisander
682 2502 846 2569 Camircus
866 2503 962 2570 Pisini
983 2505 1087 2572 Lindii

1 2631 2 2642 ²
26 2599 256 2686 Heracleam,
278 2621 312 2674 et
329 2609 478 2701 Panyasis
493 2609 749 2676 Halicarnasseus
765 2636 782 2679 a
799 2609 964 2702 Cleophilo
979 2615 1087 2680 Samio

1 2751 6 2787 r
29 2713 212 2786 OEchaliae
223 2717 448 2805 captivitatem.
459 2719 636 2794 Homerum
644 2741 772 2808 quoque
781 2720 922 2796 invenias
933 2746 1085 2812 magnum

29 2823 138 2904 illum
153 2831 281 2915 potitam
289 2873 299 2916 2
316 2822 387 2892 illos
401 2849 532 2900 versus:

149 2957 246 3032 Atque
262 2963 296 3015 ut
309 2956 354 3015 sir
368 2957 463 3018 nutrit
476 2973 596 3016 ramum
611 2956 765 3022 viridantis
781 2957 886 3033 olivas,

31 3078 83 3170 et·
94 3089 172 3156 quse
190 3050 338 3156 deinceps
354 3079 612 3157 consequuntur,
629 3069 818 3137 adverbum
835 3071 1032 3138 transtulisse
1045 3097 1085 3138 ex

29 3174 178 3263 Orpheo
196 3173 237 3240 de
255 3175 395 3242 extincto
417 3175 555 3268 Baccho.
573 3177 615 3244 Et
630 3201 700 3266 quae
715 3181 757 3246 ab
772 3179 903 3270 Orpheo
923 3180 957 3246 in
976 3181 1086 3248 Theo-

26 3283 138 3374 gonis
152 3281 235 3350 lacta
249 3295 324 3349 sunt
340 3283 380 3350 de
398 3283 557 3352 Saturno:

148 3415 244 3488 Atque
258 3413 284 3472 is
296 3411 435 3488 obliquus
450 3405 549 3472 crassa
564 3415 680 3473 cervice
694 3411 828 3494 jacebat,

149 3512 187 3572 Ut
197 3531 289 3590 quem
298 3523 406 3572 cuncto
417 3513 542 3572 domans
553 3513 747 3592 jamsomnus
757 3528 893 3595 ceperat,

28 3656 75 3699 ea
95 3630 256 3696 Homerus
275 3629 435 3702 transtulit
450 3631 491 3698 ad
510 3630 694 3721 Cyclopem.
718 3633 873 3704 Hesiodus
885 3649 990 3706 autem
1006 3638 1079 3708 lacit

30 3740 82 3814 de
100 3735 326 3828 Melampode:

148 3867 237 3936 Facto
251 3876 354 3926 autem
366 3884 383 3926 o
396 3867 513 3948 superis
526 3886 593 3947 quss
605 3878 674 3930 suut
685 3869 788 3930 audire
799 3870 925 3934 libenter
