2532 4608
382 317 575 366 annonantur
597 320 659 364 irs.
684 319 741 364 vn.
1013 295 1077 382 577

21 435 167 508 heresis
189 436 230 504 ab
253 435 343 504 initio
362 435 461 504 habet
484 459 575 502 aures
602 459 672 525 quae
694 443 761 514 non
789 433 923 501 audiunt
942 432 976 499 id
993 408 1081 522 qiroil

26 556 86 610 est
114 542 215 621 utile,
235 544 290 610 sed
319 544 422 612 solum
443 556 554 634 patent
579 543 617 610 iis
646 566 716 634 quae
738 543 889 610 dicuntur
911 542 953 610 ad
973 540 1069 630 volup

29 663 151 718 tatem.
181 653 262 720 Nam
285 665 415 721 curatus
437 652 547 742 utique
562 665 645 718 esset
666 647 779 719 eorum
799 650 930 740 aliquis,
957 651 984 716 si
1011 661 1084 715 tan-

29 771 112 826 tum
146 760 295 827 voluisset
323 785 435 853 parere
471 761 604 827 veritati.
635 761 692 827 Est
723 771 829 827 autem
859 755 976 847 triplex
1004 757 1086 822 ratio

33 868 177 935 curandi
204 869 334 936 nimiam
357 869 398 934 de
420 891 454 935 se
480 869 684 959 opinionem,
710 869 793 934 sicut
817 866 916 933 etiam
943 863 1086 954 quemvis

34 975 214 1052 affectuma
233 979 371 1068 cognitio
382 1000 485 1045 causae
495 1028 507 1054 ,
518 989 551 1042 et
565 976 726 1065 quomodo
738 999 773 1044 ea
785 977 885 1066 possit
899 972 1038 1050 auferri,
1055 983 1088 1038 et

34 1086 195 1162 tertium,
211 1086 325 1152 animae
340 1085 543 1162 exercitatio,
566 1097 599 1150 et
622 1084 809 1152 assuefactio
829 1095 864 1150 ut
878 1083 976 1173 possit
994 1079 1085 1169 sequi

35 1216 170 1280 eaquae
185 1205 271 1258 recte
285 1192 425 1284 judicato
444 1193 572 1259 fuerint.
592 1191 872 1274 Quemadmodum
895 1191 981 1257 enim
1004 1212 1086 1256 oeu-

1 1323 2 1328 *
36 1299 94 1368 lus
112 1301 278 1378 turbatus,
305 1301 346 1368 ita
373 1301 470 1368 etiam
496 1300 600 1370 anima
623 1301 812 1369 eontmbata
827 1299 864 1365 iis
881 1297 1085 1388 dogmatibus

39 1431 119 1498 quae
135 1419 209 1474 sunt
222 1419 337 1497 praeter
350 1421 517 1485 naturam,
536 1433 601 1476 non
617 1419 721 1499 potest
736 1409 873 1476 veritatis
889 1405 994 1473 lucem
1010 1429 1086 1495 per-

1 1513 2 1516 '
41 1515 133 1582 fecte
146 1515 265 1591 videre3
290 1517 345 1584 sed
363 1541 401 1586 ca
416 1529 572 1607 quaesunt
593 1528 666 1584 ante
691 1518 788 1606 pedes
802 1539 971 1608 perperam
987 1515 1084 1582 videt.

40 1624 168 1692 Dicunt
193 1625 297 1713 itaque
319 1624 471 1716 anguillas
500 1649 628 1715 quoque
657 1638 829 1693 excaecatas
856 1625 927 1713 oapi
949 1624 983 1690 in
1007 1647 1089 1712 aqua

40 1731 185 1798 turbida.
205 1733 246 1797 Et
257 1734 339 1799 sicut
349 1735 487 1824 improbi
503 1732 676 1800 excludunt
686 1733 919 1824 pedagogum,
936 1732 979 1798 ita
991 1731 1103 1798 etiam'

42 1839 83 1906 hi
102 1850 214 1904 arcent
227 1839 411 1928 Prophetias
430 1865 447 1907 a
463 1865 519 1908 sua
535 1838 695 1918 Ecclesia,
719 1852 879 1930 suspectas
899 1863 951 1905 eas
966 1839 1091 1904 habon-

1 2005 2 2012 ,
46 1957 99 2012 tes
132 1957 262 2035 propter
292 1947 570 2036 reprehensionem
597 1960 631 2012 et
660 1947 922 2015 admonitionem.
963 1945 1091 2012 Scilicet

46 2077 148 2144 quam
173 2052 310 2142 plurima
331 2055 536 2123 consareiunt
550 2054 716 2123 mendacia
734 2069 767 2122 ct
783 2055 954 2146 figmenta,
973 2066 1008 2120 ut
1019 2055 1091 2144 jure

0 2219 1 2222 ,
47 2161 220 2228 videantur
232 2186 299 2229 non
314 2164 481 2230 admittere
497 2163 685 2254 Scripturas.
704 2165 771 2231 Hac
788 2187 864 2253 ergo
880 2164 1002 2231 ratione
1025 2185 1090 2232 non

46 2282 126 2337 sunt
141 2270 204 2360 pii,
221 2281 257 2336 ut
272 2271 326 2359 qui
339 2271 451 2338 divinis
462 2271 627 2360 praeceptis
641 2295 709 2338 non
722 2272 936 2359 acquiescant,
955 2271 1018 2340 hoc
1028 2281 1089 2350 est,

1 2421 3 2456 i
46 2391 163 2446 sancto
185 2378 326 2468 Spiritui.
352 2380 634 2468 Quemadmodum
655 2378 828 2470 amygdalae
851 2379 1001 2446 dicuntur
1021 2382 1091 2447 ina·

1 2529 4 2538 =
48 2511 110 2554 nes
121 2537 131 2562 ,
144 2511 209 2553 non
225 2487 258 2554 in
274 2488 388 2576 quibus
402 2488 483 2554 nibil
493 2481 594 2567 inest,
610 2490 665 2555 sed
680 2489 713 2555 in
725 2489 839 2578 quibus
855 2489 888 2554 id
902 2489 989 2579 quod
1011 2489 1092 2584 inest

0 2653 1 2668 ,
48 2607 100 2662 est
111 2594 241 2664 inutile:
255 2597 298 2662 ita
310 2597 406 2664 etiam
420 2597 586 2664 haereticos
599 2598 734 2664 dicimus
749 2597 803 2686 qui
817 2609 890 2666 sunt
910 2597 1020 2664 inanes
1032 2599 1092 2665 Dei

47 2702 257 2771 consiliorum
273 2717 306 2770 et
322 2704 439 2772 Christi
460 2706 686 2784 traditionum,
708 2707 762 2795 qui
786 2731 852 2773 non
873 2705 964 2772 aliter
992 2708 1093 2774 amari

1 2839 2 2843 ¹
50 2823 128 2878 sunt
146 2835 183 2878 ac
203 2813 330 2902 agrestis
345 2814 531 2904 amygdala,
555 2826 588 2882 et
606 2825 681 2881 aunt
700 2815 859 2906 principes
880 2826 1093 2904 auctoresque

52 2918 258 3007 dogmatum,
269 2922 329 2986 nisi
345 2923 371 2987 si
386 2946 456 3011 qnae
476 2935 609 3013 propter
624 2923 689 2992 veri
711 2923 904 2990 evidentiam
930 2924 1094 3013 deponere

52 3038 88 3092 et
100 3025 261 3093 occultare
275 3053 339 3095 non
354 3042 536 3119 potuerunt.
559 3031 840 3114 Quemadmodum
859 3056 936 3122 ergo
958 3032 1094 3099 inbelle

1 3191 2 3228 3
52 3146 184 3199 nonest
199 3134 278 3200 ordo
300 3136 491 3204 deserendus
507 3163 603 3228 quem
618 3139 706 3206 dedit
721 3141 893 3229 imperator
913 3139 1005 3208 militi
1024 3163 1033 3208 a
1052 3141 1094 3210 ita

51 3265 117 3311 nec
129 3242 320 3309 deserendus
331 3256 379 3331 est
393 3246 473 3311 ordo
489 3269 584 3334 quem
595 3246 683 3314 dedit
694 3249 786 3314 nobis
798 3249 917 3338 Logos‚
930 3271 1026 3337 quem
1041 3271 1095 3316 ac«
1151 3251 1165 3262 ⁸

52 3349 197 3439 cepimus
217 3351 395 3442 principem
414 3376 451 3419 ac
470 3352 586 3420 ducem
604 3355 791 3445 cognitionis
812 3367 845 3422 et
866 3357 948 3423 vitae.¹
972 3356 1094 3447 Vulgus

52 3470 162 3526 autem
174 3482 214 3524 ne
225 3459 289 3527 boc
304 3461 433 3548 quidem
445 3461 654 3540 examinavit,
667 3488 707 3530 an
719 3465 758 3530 sit
769 3465 948 3552 sequendus
961 3463 1091 3554 aliquis,

52 3579 88 3634 et
103 3567 247 3656 quisnam
262 3567 336 3646 hic,
356 3579 389 3634 et
408 3569 690 3659 quemadmodum.
710 3570 813 3652 Quale
835 3575 921 3638 enim
943 3585 990 3639 est
1011 3573 1094 3642 Ver.

53 3678 154 3751 bum,
178 3673 274 3742 talem
294 3700 421 3765 quoque
447 3678 542 3744 sitam
563 3701 632 3744 esso
651 3680 800 3746 convenit
822 3678 928 3758 fideli,
945 3693 979 3746 ut
994 3685 1093 3772 possit

55 3783 144 3873 sequi
159 3784 262 3852 Deum
281 3784 334 3874 qui
347 3786 387 3854 ab
403 3784 493 3852 initio
509 3787 614 3854 omnia
628 3799 716 3854 recta
728 3788 778 3856 via
794 3789 908 3880 dirigit.
922 3790 1094 3880 Postquam

57 3905 163 3962 antem
185 3907 393 3986 transgressus
416 3895 511 3962 luerit
534 3895 679 3967 Verbum
697 3898 872 3990 quispiam,
897 3913 929 3968 et
957 3925 1014 3994 per
1040 3901 1096 3977 id,
