2614 4628
354 283 556 330 cononrrrro
583 285 622 326 nn
646 282 776 329 enrrns.
1024 261 1082 324 ηδ

31 411 92 479 que
103 389 260 456 inanime
275 401 352 458 sunt
364 393 587 467 instrumente,
598 390 800 478 contemptis,
813 388 971 458 mundum
984 390 1082 465 hune,

30 515 58 566 et
70 501 262 576 bominem,
283 503 340 589 qui
356 523 473 589 pervus
489 501 619 590 quidem
635 499 773 566 mundus
788 510 848 574 est,
866 499 1000 586 ejusque
1015 500 1085 564 eni-

29 633 107 676 mm
122 623 158 676 et
170 633 307 700 eorpus
324 611 433 678 divino
449 609 580 699 Spiritui
595 621 822 698 attemperant,
837 606 1011 674 multorum
1027 632 1085 674 ro-

29 741 96 784 onm
122 721 359 786 instrumento
385 719 490 796 Deum
517 716 670 794 celebrat,
697 729 731 782 et
757 717 833 784 buie
858 717 1082 789 instrumento,

28 849 136 918 nempe
153 827 309 904 bomini,
327 827 446 896 accinit
466 851 474 891 :
495 826 573 891 «Tu
587 828 723 894 enimes
739 826 921 902 oitbnro‚et
943 825 1033 900 tibio,
1050 840 1082 892 et

28 937 216 1027 »tempium
234 959 364 1004 meum.
384 966 398 999 r
413 935 541 1004 Cithara
556 935 701 1026 quidem,
716 947 848 1026 propter
861 935 1059 1021 harmoniam
1068 959 1077 1007 ;

29 1045 276 1135 tibinppropter
288 1045 464 1135 Spiritum:
481 1043 636 1133 templum
648 1056 768 1121 eutem,
780 1042 1077 1133 propterVerbum:

30 1169 63 1219 ut
75 1155 128 1222 itta
142 1167 301 1231 resonet,
314 1156 375 1222 istu
391 1157 535 1244 inspiret,
548 1155 611 1223 boe
627 1179 701 1222 vero
717 1155 880 1222 eontinent
895 1154 1077 1222 Dominum.

30 1265 125 1334 Porro
140 1267 269 1344 David,
288 1289 348 1332 rex
367 1265 421 1334 ille
442 1267 648 1343 citharoedus,
665 1266 854 1364 penio-onte
874 1277 1079 1340 memoratus,

32 1375 222 1444 hortabatur
232 1377 278 1442 od
290 1377 471 1452 veritatem,
483 1400 501 1441 n
514 1376 677 1444 daemoniis
688 1376 881 1452 obducebat,
893 1387 1080 1463 tentumque

33 1489 72 1554 ob
85 1510 203 1554 eorum
218 1487 375 1556 laudibus
395 1485 591 1554 celebrandis
606 1487 719 1564 obfuit,
737 1497 773 1552 ut
792 1507 847 1552 eos
869 1508 941 1552 veru
959 1487 1079 1552 musice

35 1595 221 1686 expellerer,
234 1609 269 1662 et
286 1595 366 1662 saul
377 1594 462 1662 maio
473 1597 584 1684 spiritu
597 1609 744 1662 vexatum
755 1595 823 1662 solo
835 1605 931 1662 cantu
942 1608 1076 1662 sonaret.

39 1705 103 1770 Neo
126 1705 235 1774 solnm
253 1707 421 1774 bominem
444 1704 615 1794 pulchrum
637 1717 670 1774 et
687 1705 809 1796 spirens
832 1706 1080 1772 instrumentum

40 1811 197 1882 Dominus
208 1815 257 1880 sui
277 1814 450 1902 imaginem
461 1813 584 1887 effecit3
599 1815 655 1880 sed
665 1815 745 1903 ipse,
758 1811 1017 1902 supremundenn
1029 1835 1080 1880 se·

45 1922 376 2012 pientin,ooelesteque
383 1921 539 1998 Verbum,
550 1935 598 1990 eet
608 1923 856 1994 instrumentum
867 1921 925 1988 Dei
938 1921 1079 1988 numeris

53 2032 204 2096 omnsstus
223 2033 420 2110 instruotum,
436 2032 646 2109 eonoinnum,
664 2045 697 2098 et
711 2046 868 2102 sonetum.
892 2035 978 2114 Quid
1002 2057 1078 2126 ergo

52 2140 297 2208 instrumentum
309 2141 380 2218 boo,
397 2141 554 2208 Dominus
567 2154 677 2212 noster
690 2142 750 2209 Dei
764 2141 921 2220 Verbum,
937 2144 1015 2231 quid
1037 2143 1078 2210 il-

48 2246 104 2314 tud
116 2271 234 2316 norum
246 2253 403 2318 canticum
415 2249 547 2318 volunt?
560 2251 660 2318 Gaeeis
671 2251 773 2317 risum
785 2253 963 2328 restituere,
976 2253 1077 2320 surdis

45 2381 137 2426 aureo
147 2359 280 2448 aperire,
293 2373 327 2428 et
341 2360 472 2430 claudos
483 2373 581 2450 etque
592 2373 736 2428 errantes
748 2361 780 2426 in
792 2361 875 2426 vium
887 2362 1014 2449 justitie
1026 2363 1078 2428 de

44 2467 171 2544 ducere,
186 2455 293 2534 beorn
309 2469 530 2559 insipientibus
545 2482 738 2546 monstrare,
759 2471 998 2558 corruptionem
1017 2470 1079 2537 tot-

40 2573 117 2652 ino,
132 2592 272 2646 mortem
287 2580 433 2654 sineere,
449 2578 531 2646 filios
546 2579 683 2668 denique
694 2579 915 2667 immorigeros
931 2581 1014 2669 patri
1030 2604 1078 2648 re-

42 2687 218 2754 ooneilisre.
236 2688 320 2756 Nem
332 2687 390 2754 Dei
407 2689 654 2758 instrumentum
665 2701 751 2756 emat
761 2689 939 2756 humanum
950 2713 1071 2780 genus:

40 2792 193 2862 Dumium
205 2797 392 2871 miseretur,
401 2796 546 2885 castiget,
558 2796 1074 2875 hortetur,edmonet‚eonservnt,

42 2904 190 2980 custodit,
206 2915 241 2970 et
257 2905 413 2972 doctrine
431 2905 625 2982 mercedem,
641 2918 793 2994 tanquam
808 2930 847 2973 ex
869 2908 1075 2981 redundanti,

42 3035 172 3102 regnum
193 3014 354 3084 eoelorum
372 3013 553 3104 pollicetur,
574 3037 639 3082 non
650 3013 751 3082 elium
767 3039 806 3084 ex
822 3017 915 3082 nobis
936 3017 1077 3084 fructum

40 3125 230 3213 percipiens,
245 3147 343 3212 quem
359 3125 444 3213 quod
456 3123 533 3190 snivi
547 3147 666 3192 sumus.
677 3125 799 3193 Vitium
811 3127 898 3192 enim
909 3125 1077 3193 bominum

42 3229 166 3300 interitu
188 3235 360 3324 poscitur:
385 3235 499 3300 veritos
520 3246 640 3310 eutem,
658 3257 729 3322 quae
746 3233 844 3299 veluti
863 3235 930 3328 epis
950 3235 1075 3314 innoxio

41 3341 131 3407 rebus
153 3345 283 3422 insidet,
308 3367 374 3411 non
395 3344 454 3410 nisi
469 3343 656 3410 eorumdem
675 3342 780 3410 solute
797 3341 931 3410 laetatur.
956 3343 1074 3420 Hebes,

42 3451 112 3536 quid
135 3451 337 3542 pollicetur:
357 3453 468 3530 bobes,
493 3465 611 3543 quanto
635 3452 752 3520 affeetu
775 3453 952 3518 bnmnnum
975 3477 1074 3542 genus

42 3573 130 3626 emat.
149 3562 199 3628 Tu
216 3563 315 3652 igitur
330 3563 460 3637 eoeede,
475 3575 508 3628 et
525 3563 680 3652 participa
703 3562 786 3629 benc
807 3562 949 3649 gratiam.
969 3561 1076 3630 Meum

42 3691 131 3754 porro
146 3674 313 3742 canticum
341 3697 381 3740 ne
406 3673 537 3762 perinde
561 3653 684 3740 novum·
702 3673 872 3749 existimes,
890 3697 928 3740 eo
949 3685 1002 3740 vot
1017 3672 1077 3740 nli·

44 3781 136 3863 quod,
153 3783 216 3846 sire
230 3782 385 3848 domum:
404 3806 479 3848 nom
496 3811 508 3842 r
524 3795 598 3848 ente
613 3781 797 3847 Luciferum
812 3795 879 3848 erot
889 3782 912 3847 ¹.
929 3813 942 3844 ι
955 3785 1006 3858 Et,
1019 3809 1032 3840 r
1043 3783 1076 3846 in
1190 3773 1195 3783 ¹

46 3913 56 3943 ι
72 3888 225 3976 principio
249 3905 319 3958 eret
334 3891 490 3968 Verbum,
513 3905 545 3956 et
561 3891 702 3961 Verbum
720 3903 786 3958 erut
807 3894 891 3982 apud
907 3893 1024 3967 Deum,
1044 3903 1077 3956 et

73 4016 81 4046 ¹
91 4015 131 4064 Pr.
144 4034 184 4078 ex,
194 4019 216 4070 5.
