2574 4628
306 282 506 326 carcerario
531 283 570 324 an
595 281 725 328 curras.
945 243 1031 354 x195

34 423 91 488 ipue
100 404 320 482 consequuntur
334 392 456 474 animos
472 391 636 456 attendite.
659 391 725 458 Nec
741 390 879 480 hujusce
895 396 1033 462 nominis

35 507 118 604 pudor
136 501 237 593 aliquis
258 512 433 592 praeceptos
456 500 628 577 deterreat,
652 503 711 587 qai
729 525 747 565 a
763 500 864 567 salute
886 501 1032 572 homines

42 617 166 684 abducere
177 616 426 702 maioremque
441 609 501 676 illis
519 611 685 679 &mnam
701 607 825 700 afferre
841 609 931 678 solet.
949 613 1036 694 Qua-

43 735 139 814 propter
157 721 255 814 palam
274 731 426 787 exuentes
446 719 681 796 nosrestibus,
705 720 739 786 in
765 721 867 786 stadio
892 724 1033 790 veritatis

40 831 148 922 bgitime
161 842 326 907 certemus,
346 829 455 918 judice
474 829 603 917 quidem
623 840 733 896 sancto
746 827 873 906 ¹Verbo,
894 830 1031 900 Domino

44 953 122 1008 ratem
142 942 230 1007 totius
251 963 359 1006 rerum
383 938 595 1004 universitatis
617 938 798 1004 certaminis
823 940 1026 1011 instructore.

44 1051 194 1132 llobisenim
204 1049 289 1116 baud
299 1047 369 1114 leve
379 1047 558 1136 premium,
569 1045 788 1119 immortalitas
798 1051 958 1138 proposita
970 1067 1028 1119 est.
1095 1101 1098 1119 .

44 1161 78 1232 lle
85 1163 116 1226 sit
125 1162 294 1251 igitarcurae
305 1158 556 1248 sicontemptius
569 1157 608 1223 de
621 1157 709 1224 robis
721 1156 890 1248 loquantur
903 1163 1034 1251 qnidam

45 1271 73 1338 de
84 1272 144 1340 scca
156 1270 269 1361 populi,
285 1269 339 1360 qui
354 1271 468 1359 impios
483 1269 713 1358 superstitionis
730 1269 844 1340 choros
866 1287 1029 1350 exercent,

46 1383 255 1450 mendasuaac
266 1380 385 1447 insania
397 1379 576 1468 praecipites
592 1379 625 1446 in
638 1381 741 1467 ipsum
758 1380 946 1448 barathrum
956 1385 1032 1460 acti,

46 1487 243 1558 simulacrorum
261 1489 480 1568 fabricatores,
502 1487 709 1586 lapidumque
723 1488 871 1558 cultores.
896 1495 937 1560 tli
958 1509 1033 1561 sunt
1142 1477 1145 1482 Ι

46 1599 110 1665 enin
120 1603 165 1688 qui
176 1601 312 1668 homines
328 1600 397 1668 ausi
409 1601 583 1666 lueruntiu
596 1600 670 1666 deos
681 1599 798 1666 referre
811 1624 819 1666 :
830 1603 885 1691 qui
898 1603 1030 1672 Alexan-
1141 1633 1144 1640 ¹

48 1707 321 1786 lranblacedonem‚
333 1733 430 1801 quem
440 1708 585 1797 Babylon
594 1709 732 1775 ostendit
744 1724 920 1786 mortuum,
937 1714 1033 1780 deum

49 1816 176 1886 decimum
187 1823 304 1887 tertium
319 1823 542 1888 numerabant
560 1819 697 1886 Proinde
714 1820 858 1890 divinum
873 1822 963 1891 illum
978 1825 1034 1892 So·

49 1925 170 2014 phiatam,
182 1933 225 1998 cui
238 1955 350 1998 nomen
366 1940 436 1997 erat
451 1929 635 2006 Theocrito,
652 1953 717 1998 non
734 1955 864 2022 possum
880 1959 946 2002 non
961 1960 1031 2000 sus-

54 2038 139 2122 picere
156 2064 187 2108 ac
202 2043 343 2108 admirari.
365 2042 446 2110 Nem
466 2042 505 2118 ia,
522 2039 702 2109 Alexandro
718 2057 858 2121 mortuo,
875 2069 970 2112 vanas
991 2049 1031 2113 dc

55 2146 103 2218 diis
119 2149 250 2237 opiniones
268 2177 335 2242 quae
356 2152 391 2219 in
416 2151 528 2217 animis
550 2151 719 2217 hominum
740 2151 933 2232 insederant,
957 2159 1031 2224 irri-

55 2257 127 2334 dens.
143 2262 177 2328 ad
189 2287 245 2329 suos
257 2265 351 2338 circs,
371 2291 384 2324 r
399 2263 503 2339 Bono,
520 2263 646 2347 inquit,
664 2285 685 2326 c
700 2260 772 2338 viri,
793 2277 895 2330 estote
910 2269 1030 2343 animo,

54 2370 192 2455 »qundo
204 2373 268 2438 deos
284 2384 358 2440 ante
379 2371 526 2438 homines
548 2370 630 2436 mori
645 2370 768 2438 videtis.
789 2401 802 2434 o
818 2371 902 2439 Sane
926 2387 1033 2442 autem

51 2479 94 2564 qui
113 2479 171 2548 deos
192 2483 243 2549 sibi
266 2505 436 2574 corporeos
462 2495 495 2548 et
521 2479 740 2568 aspectabilcs,
761 2481 954 2572 horumque,
978 2488 1032 2574 qui

47 2590 168 2674 procreati
189 2616 223 2658 ac
244 2593 340 2682 geniti
362 2604 436 2658 sunt
458 2588 627 2660 colluviem
647 2591 773 2658 asciscit
788 2601 821 2656 et
843 2607 1028 2672 veneratur,

47 2694 165 2788 longeest
174 2701 225 2770 illis
235 2705 305 2794 ipsis
317 2703 516 2772 daemonibus
529 2699 695 2768 infelicior.
710 2684 894 2769 Deus'entm
909 2729 1038 2795 nequa-r

47 2829 119 2894 quan
130 2822 178 2890 est,
193 2813 268 2881 sicut
278 2815 452 2888 daemones,
464 2812 617 2899 injustus;
633 2810 702 2887 sed,
720 2835 814 2899 quam
829 2811 898 2879 fieri
913 2827 1029 2904 potest,

45 2916 212 3002 justissimus:
226 2950 283 2992 nec
298 2937 347 2991 est
367 2922 413 2989 illi
437 2921 611 3011 quidquam
634 2919 778 2996 similius,
801 2947 898 3012 quam
915 2928 970 3014 qui
991 2949 1031 2991 ex

48 3029 117 3096 nobis
126 3055 206 3120 quam
216 3035 404 3122 justissimus
415 3033 510 3097 suerit
522 3053 530 3095 :

104 3153 187 3211 Venite
196 3174 213 3212 e
223 3154 277 3214 viis
287 3167 349 3212 tota
355 3171 427 3231 gens
439 3151 651 3231 operariorum,

104 3251 229 3322 Quitovis
241 3253 327 3312 filiam
340 3252 405 3310 visu
420 3249 589 3324 terribilem,
604 3251 768 3329 operariam
783 3252 877 3325 deam,

103 3353 227 3430 Appositis
235 3355 336 3413 vannis
346 3351 450 3424 colitis,
460 3349 566 3423 stolidi,

47 3463 228 3558 qoibpidttu
249 3501 266 3542 a
290 3472 522 3561 vobismetipsis
548 3471 717 3538 elaboratis
744 3472 866 3540 divinos
892 3473 1029 3546 bonores

46 3573 158 3647 tribuitis.
174 3584 239 3652 Huc
254 3585 350 3650 ctiam
368 3583 522 3651 accedant
537 3581 663 3648 Phidias
681 3593 783 3648 vester
794 3593 826 3648 et
836 3582 1030 3674 Polycletus,
1127 3631 1133 3640 ·

45 3678 174 3760 Praxiteles
186 3697 276 3762 etiam
288 3707 321 3762 et
331 3692 470 3784 Apelles,
487 3705 520 3758 et
533 3692 653 3766 caeteri,
672 3691 821 3779 denique,
838 3718 959 3775 omnes,
975 3702 1029 3787 qui

47 3797 203 3874 nolanae
217 3821 296 3876 artes
319 3815 483 3879 exercent,
499 3803 619 3872 terreni
634 3815 727 3868 terrae
743 3804 871 3893 opifices
890 3809 1030 3878 :rTunc

48 3909 139 3987 renim,
152 3933 184 3982 at
196 3921 337 4002 quadam
354 3913 526 4007 prophetia
546 3915 682 3990 dicitur,
706 3914 871 3983 infeliciter
885 3921 937 3988 hic
956 3945 1030 3987 evc-

843 4051 892 4089 ra.
