2738 4628
472 327 598 372 corruo
621 327 771 374 narses.
1097 305 1138 372 st

135 495 178 578 40
198 494 390 564 Universa
409 489 458 562 ad
476 492 668 565 utilitatem
686 493 844 565 hominis
863 489 957 566 facta
975 515 1054 563 esse
1074 517 1082 561 2
1103 505 1140 564 et

88 606 134 682 tle
149 609 373 681 Antichristi
397 606 509 698 dolis,
526 610 703 708 nequitia,
724 614 760 681 vi
779 611 985 708 apostatica,
1001 634 1023 681 a
1048 607 1141 680 dilu-

90 729 153 798 vio
173 741 210 798 et
220 725 400 827 deinceps
419 731 458 798 in
473 716 630 817 Ananiae,
644 727 781 802 Azariae
796 742 833 800 et
849 725 1004 801 Misaelis
1017 752 1140 828 perse·

98 850 236 918 cutione
251 845 495 953 praefigurata
505 841 529 918 ¹.

139 1003 249 1071 Cauno
268 1018 388 1072 eutem
414 1004 613 1072 reddidimus
637 1006 671 1073 iu
700 1005 749 1073 his
773 1005 926 1096 quisunt
949 1014 1022 1070 auto
1046 1001 1136 1070 hum

95 1113 188 1194 libris,
206 1128 350 1206 propter
360 1131 569 1206 quaspastua
578 1129 627 1183 est
645 1115 732 1182 Deus
747 1116 817 1186 hec
828 1116 871 1182 ito
884 1115 954 1182 lieri
967 1137 977 1180 t
992 1111 1135 1180 ostendi-

96 1249 221 1314 musque
236 1225 403 1315 quoniam
418 1225 606 1314 omniaque
621 1239 696 1294 suut
710 1226 797 1304 talia,
809 1249 868 1317 pro
880 1245 919 1292 eo
930 1224 986 1315 qui
997 1222 1139 1292 solvatur.

91 1337 214 1402 lromine
225 1335 313 1402 lacte
329 1347 430 1409 eunti
443 1335 522 1404 illud
536 1337 624 1427 quod
638 1349 687 1404 est
701 1337 749 1404 tui
761 1337 884 1406 arbitrii
894 1349 928 1404 et
944 1357 1011 1403 tue
1024 1345 1134 1425 potet-

90 1446 157 1512 tatis
172 1459 347 1512 maturans
357 1445 403 1512 ad
418 1445 701 1524 immortalitatem,
713 1459 748 1512 et
764 1445 985 1538 aptabilionem
999 1467 1077 1511 eum
1092 1442 1134 1510 ad

86 1567 238 1622 amnem
248 1553 574 1644 subjectionem'lieo
583 1577 775 1647 preparans.
792 1555 831 1622 Et
845 1554 1050 1647 propterhoc
1060 1575 1136 1621 cou·.

89 1663 166 1730 ditio
177 1663 356 1730 insumitur
366 1661 492 1729 homiui
505 1685 514 1728 ε
529 1685 594 1730 nou
612 1665 699 1730 enim
714 1663 812 1732 homo
823 1673 955 1754 propter
965 1661 1065 1739 illam,
1076 1661 1136 1728 sed

89 1773 230 1840 conditio
244 1771 332 1840 lacta
348 1784 399 1840 ert
413 1784 546 1862 propter
559 1771 734 1840 hominem.
753 1773 875 1841 Gentes
888 1785 998 1840 autem
1014 1793 1088 1861 que
1100 1783 1134 1837 et

90 1883 163 1972 ipsae
177 1905 244 1948 non
259 1880 481 1948 allevamruut
493 1880 603 1949 oculos
613 1905 688 1950 sum
699 1883 741 1950 ad
755 1883 886 1961 coelum,
900 1905 1005 1972 ueque
1016 1881 1137 1972 gratias,

96 1991 351 2080 ogeruntiactori
361 2013 548 2082 memeque
557 1992 667 2060 lumen
677 1994 818 2062 veritatis
829 1994 938 2062 videre
948 1991 1134 2078 voluerunt,¹

101 2101 160 2167 sed
179 2105 263 2168 sicut
279 2125 383 2170 mures
405 2103 483 2172 caeci
503 2105 680 2171 absconditi
693 2097 735 2171 ¹in
755 2105 914 2196 profundo
928 2103 1133 2194 insipientiae,=

98 2213 186 2300 juste
200 2233 306 2277 sermo
321 2239 335 2273 c
350 2226 381 2278 ut
393 2211 591 2284 stillicidium
605 2214 646 2280 de
667 2215 761 2290 cado,
782 2227 815 2281 et
834 2215 918 2281 sieut
931 2225 1132 2282 momentum

95 2321 282 2398 »sumt
299 2335 358 2389 ret
370 2350 385 2386 ι
399 2324 482 2393 sicut
497 2321 597 2391 nihil⁸
615 2349 629 2386 ι
646 2323 827 2413 deputavitt
848 2325 881 2390 in
896 2335 1021 2392 tantum
1039 2321 1133 2390 utiles
1219 2375 1222 2380 .

91 2444 123 2498 et
136 2431 294 2522 aptabiles
307 2431 415 2521 justis,
431 2444 588 2522 quantum
604 2423 748 2499 utilitatis
763 2445 892 2524 prestat
903 2431 1017 2522 stipulo
1027 2433 1069 2498 ad
1080 2432 1134 2498 tri·

89 2541 143 2608 tici
158 2554 384 2630 augmentum,
397 2553 430 2608 ct
443 2540 534 2632 palea
545 2543 615 2632 ejus
626 2543 660 2609 in
673 2543 846 2620 ustionem,
859 2542 901 2609 ad
916 2543 1135 2632 operationem

88 2652 169 2718 auri.
186 2653 230 2719 Et
243 2663 417 2743 propterea
431 2673 509 2719 eum
523 2652 635 2720 iuliue
650 2663 783 2744 repente
797 2653 875 2721 hinc
889 2652 1030 2721 Ecclesia
1045 2675 1160 2720 auu-o

87 2773 195 2828 mctur
211 2786 221 2827 :
234 2790 248 2824 ι
263 2761 347 2840 Erit,
364 2763 478 2851 iuquit,
495 2763 656 2831 tribulatio
670 2762 771 2854 qualis
786 2776 911 2832 nonest
925 2763 1059 2830 tactam
1072 2763 1130 2829 iui-

87 2872 174 2950 »tio,
196 2895 306 2962 neque
326 2871 383 2939 liet
392 2871 414 2938 ⁸.
433 2901 447 2937 r
463 2873 656 2942 Novissimus
678 2874 764 2941 enim
782 2897 863 2966 agon
878 2873 932 2942 hic
954 2875 1132 2965 justomm2

88 2983 123 3049 iu
137 3005 201 3072 quo
216 2984 386 3050 vincentes
400 2996 595 3052 coronantur
608 2983 833 3075 incorruptela.

133 3093 174 3160 ltt
193 3106 331 3183 propter
351 3087 415 3161 lroc
436 3095 470 3162 in
489 3093 590 3162 hestia
606 3093 752 3163 veniente
767 3093 987 3187 recapitulatio
1007 3091 1046 3162 fit
1061 3095 1130 3160 uui-

88 3226 187 3272 versae
202 3203 382 3293 iniquitatis
395 3214 429 3271 et
446 3205 549 3272 omnis
564 3201 641 3284 doli,
657 3215 693 3271 ut
714 3205 747 3273 iu
769 3227 806 3272 ea
826 3201 992 3274 confluens
1007 3215 1040 3271 et
1055 3223 1131 3270 con·
1243 3261 1252 3276 .

89 3311 175 3380 clusa
196 3313 303 3381 omnis
327 3315 424 3382 virtue
443 3315 628 3404 apostatica,
643 3315 676 3382 iu
692 3315 854 3383 caminum
869 3316 1014 3381 mittatur
1034 3312 1128 3406 ignis.¹
1157 3308 1163 3327 ‘

91 3424 316 3516 Congruenter
329 3437 438 3492 antem
453 3436 487 3490 et
500 3445 616 3492 nomeu
632 3425 702 3514 ejus
714 3425 848 3492 habebit
862 3447 1045 3502 numerum,
1061 3447 1130 3491 cerff

92 3547 198 3601 ocutos
209 3536 373 3626 sexaginte
387 3557 459 3609 sem
470 3533 681 3625 recapitulans
691 3535 724 3601 iu
737 3536 905 3626 semetipso
916 3558 1044 3604 omnem
1056 3557 1131 3626 qum

93 3643 148 3712 luit
161 3659 238 3712 aute
251 3645 420 3725 diluvium,
434 3643 560 3713 mulitiae
572 3646 844 3724 commixtionem,
857 3647 1018 3736 quaefacta
1031 3661 1128 3714 estex

98 3755 242 3847 lugelica
257 3743 426 3846 apostasia.
446 3755 516 3822 Noe·
537 3756 623 3823 enim
642 3755 702 3822 fuit
717 3775 870 3824 annorum
892 3769 1128 3832 sexcentorum,

128 3887 136 3920 ¹
146 3887 207 3954 Gap.
218 3906 287 3950 xxix,
298 3906 324 3954 p.
337 3889 386 3955 3²7
398 3897 488 3954 etseq.

130 3971 140 4004 ²
151 3973 197 4025 lta.
208 3993 245 4037 ιι,
262 3974 432 4026 15.-⁸1tt‹t.
451 3974 653 4039 17.-⁶Matu.
665 3989 778 4042 itit-qm.
