2532 4608
345 311 534 360 sraousrau
557 311 619 356 mn.
647 312 702 356 ru.
854 303 861 314 '
977 287 1043 378 549
1132 281 1142 296 ’

20 445 90 508 tem,
102 429 236 526 lactatum
249 432 378 521 quidem
390 455 458 498 osse
470 432 556 521 quod
564 435 755 507 'vocaretur,
768 443 801 496 et
812 431 899 520 qnod
911 433 1043 500 domum

20 542 229 618 reduceretur,
245 563 317 608 eam
335 541 520 608 adhortatus
540 565 576 608 ac
594 540 794 618 consolatus,
813 541 943 608 nomine
958 565 1045 609 com-

20 650 152 740 pellasse,
181 675 218 717 ac
244 651 379 727 dixisse,
393 650 490 736 {Heus
508 662 541 716 tu
557 663 701 716 monento
723 650 864 716 Domini.
887 650 963 717 Tale
978 664 1046 720 erat

20 771 169 826 asatorum
188 758 314 825 illorum
333 759 592 836 matrimonium,
613 771 647 825 et
669 781 767 848 usque
786 760 827 826 ad
842 758 1045 848 charissimos

20 867 143 935 ›erfecta
158 867 294 936 affectio.
305 869 350 934 Ea
363 868 485 934 ratione
492 866 662 956 Apostolus
677 891 803 956 quoque
818 891 827 932 :
844 867 909 949 Qui
924 893 1047 934 oaorem

20 975 107 1053 lacit,
119 977 158 1042 sit
170 989 312 1064 tanquam
322 975 373 1064 poi
383 1000 444 1041 non
457 975 550 1042 ducat
567 976 599 1051 ¹,
614 975 735 1064 inquit,
757 975 865 1042 volens
876 977 1048 1056 matrimo-

20 1085 93 1150 rium
114 1085 382 1162 minimemoveri
404 1083 591 1160 allectione,
614 1096 647 1148 et
666 1107 867 1173 nequaquam
890 1083 995 1150 divelli
1028 1089 1046 1154 a

20 1193 157 1261 :baritate
171 1194 205 1258 in
219 1193 413 1268 Dominum,
437 1215 534 1280 quam
552 1203 698 1258 tenerae
717 1193 780 1259 vita
804 1191 845 1258 ad
873 1187 1046 1260 Dominum

20 1302 216 1392 teregrinanti
229 1301 317 1367 uxori
330 1301 445 1376 suasit,
464 1301 518 1390 qui
534 1323 607 1366 vere
620 1300 756 1366 vireret.
774 1301 890 1366 Annon
900 1324 976 1391 ergo
998 1301 1043 1367 eis

20 1410 83 1476 ides
99 1411 163 1498 spei
178 1422 249 1499 post
267 1423 403 1477 mortem
421 1409 495 1475 satis
511 1421 580 1476 erat
594 1421 726 1485 testata,
744 1408 799 1497 qui
816 1409 913 1474 etiam
931 1410 1044 1500 inipso

19 1531 232 1588 ormentorum
262 1517 395 1585 articulo
420 1520 487 1585 Deo
511 1520 651 1608 agebant
675 1517 813 1608 gratiosi
839 1519 864 1583 F
866 1519 981 1585 irmam
1010 1531 1043 1586 et

20 1639 217 1703 ,enatantem
234 1640 269 1693 ut
291 1628 424 1717 opinor,
445 1627 543 1693 fidem
564 1627 789 1716 possidebant,
811 1650 908 1714 quam
931 1625 1041 1694 fideles

20 1758 125 1823 uoque
136 1738 414 1825 consequebantur
425 1736 635 1825 operationes.
649 1737 789 1823 Estergo
800 1735 833 1798 in
847 1736 958 1823 quovis
969 1759 1044 1802 casn

20 1843 90 1907 ortis
101 1866 139 1908 ac
153 1841 257 1908 valida
267 1843 409 1909 Gnostici
426 1843 550 1916 anima,
567 1865 638 1930 quae
653 1839 750 1907 veluti
763 1845 880 1930 corpus
897 1841 1043 1920 athletae,

20 1962 33 2014 t
48 1950 167 2038 optima
182 1961 230 2014 est
239 1948 427 2015 habitudine
437 1999 446 2026 ,
458 1960 492 2014 et
503 1950 655 2016 maximas
668 1949 767 2014 habet
781 1949 875 2023 vires.
890 1950 946 2015 Est
959 1951 1043 2016 anim

20 2058 111 2146 ptimi
134 2057 263 2146 quidem
286 2056 407 2123 consilii
425 2057 458 2122 in
480 2057 518 2122 iis
540 2080 611 2144 quae
632 2057 672 2122 ad
694 2056 840 2122 homines
859 2057 1039 2145 pertinent,

22 2166 76 2232 uid
88 2166 128 2231 sit
142 2167 229 2254 justo
248 2164 429 2234 faciendum
446 2165 620 2230 decernens
638 2187 646 2230 ε
665 2175 706 2234 ut.
718 2187 790 2252 quaa
804 2166 958 2256 principia
974 2189 1042 2232 caa-

21 2285 88 2351 tus,
106 2285 139 2338 et
162 2285 197 2340 ut
212 2273 367 2340 divinitati
387 2273 469 2339 lierit
485 2271 618 2349 similis,
637 2270 800 2339 lenitatem
819 2274 990 2361 quamdam
1002 2299 1041 2344 ao

20 2382 249 2448 roderationem
274 2381 307 2446 in
326 2379 540 2471 voluptatibus
563 2380 704 2470 corporis
733 2379 957 2469 doloribusque
979 2383 1040 2448 sibi

20 2491 192 2580 amparavit
208 2513 217 2556 ε
235 2491 387 2557 audacter
403 2499 510 2556 autem
536 2489 669 2579 insurgit
687 2489 838 2555 adversus
859 2501 982 2567 metus,
1010 2491 1044 2558 iu

20 2622 63 2665 *eo
77 2598 199 2666 habens
214 2599 375 2667 fiduciam.
393 2599 513 2666 Rescra
527 2622 604 2688 ergo
619 2599 775 2664 terrestris
787 2597 901 2665 divinae
916 2599 1039 2665 virtutis

20 2731 97 2796 nago
113 2719 161 2773 est
176 2708 281 2774 anima
298 2707 467 2782 Gnostica,
484 2706 629 2796 perlecta
644 2706 760 2772 virtute
773 2719 923 2776 exornata
934 2731 974 2774 ex
989 2707 1038 2774 his

20 2816 142 2880 mnibus
154 2814 247 2881 simul
257 2865 266 2892 ,
275 2826 388 2882 natura
400 2865 409 2891 ,
422 2814 670 2890 exercitatione,
682 2826 716 2879 et
727 2837 797 2902 quae
808 2813 984 2882 simulcum
998 2839 1037 2882 co

20 2922 113 2998 revit,
130 2923 263 2988 ratione.
278 2925 352 2989 Hmc
367 2921 578 3012 pulchritudo
593 2923 706 2988 animae
719 2921 756 2988 fit
770 2921 924 3011 templum
937 2924 1037 2992 sancti

20 3030 148 3120 piritus,
175 3030 302 3118 quando
328 3031 565 3119 dispositionem
587 3029 761 3120 Evangelio
781 3031 1036 3098 consentientem

20 3161 50 3204 er
62 3150 164 3204 totam
175 3138 272 3204 vitam
283 3137 439 3204 habuerit.
455 3140 518 3220 Qui
530 3151 578 3204 est
590 3139 766 3228 ejusmodi,
779 3137 912 3227 insurgit
923 3140 1035 3206 adver-

20 3270 45 3312 ts
58 3269 191 3312 omnem
206 3257 349 3322 metum,
367 3269 461 3312 omne
476 3245 674 3334 periculum,
690 3259 723 3313 et
734 3245 890 3335 quidquid
905 3258 953 3312 est
974 3247 1037 3312 ior-

20 3353 144 3422 idabile
162 3378 170 3420 :
189 3378 255 3420 non
272 3353 375 3421 solum
391 3367 551 3432 mortem,
568 3355 733 3422 sedetiam
748 3366 985 3444 paupertatem,
1004 3368 1036 3422 et

20 3465 156 3540 terbum,
169 3476 201 3529 et
213 3463 431 3553 ignominiam,
445 3475 477 3528 et
488 3484 697 3558 quaecumque
705 3474 779 3528 sunt
790 3461 886 3550 hujus
898 3463 1033 3550 generis,

20 3595 24 3636 ;
43 3572 100 3660 qui
116 3583 150 3638 et
165 3597 183 3638 a
199 3571 358 3662 voluptate
378 3571 461 3638 vinci
480 3582 638 3659 nequeat,
656 3583 689 3636 et
704 3570 834 3636 rationis
849 3570 1032 3658 expertibus

20 3681 175 3748 >minetur
189 3680 431 3770 cupiditatibus.
450 3682 539 3747 Rene
556 3679 643 3745 enim
658 3678 746 3744 novit
761 3701 831 3766 quae
841 3678 903 3744 sint
914 3681 1033 3768 agenda

20 3813 115 3879 ,quaa
137 3813 221 3863 non;
248 3802 283 3855 ut
302 3791 356 3878 qui
375 3801 502 3858 strenue
525 3789 648 3857 noverit
671 3809 815 3876 quaenam
837 3788 899 3856 sint
923 3811 1033 3858 revera

24 3935 35 3964 ¹
56 3953 68 3990 1
81 3939 141 3988 Cor.
156 3953 205 4002 vu,
218 3953 259 4001 ²9·
