2738 4628
239 235 283 311 ll
496 213 510 252 ⁸
560 253 675 297 ssucrr
699 243 812 296 rreum
836 251 896 295 mr.
923 255 942 296 v

238 369 399 434 contrario
419 367 556 456 subjecit
577 390 652 433 eum
675 367 798 432 homini
810 390 846 432 :a
866 369 963 445 Ecce,
983 369 1107 445 dicens,
1125 370 1165 436 do
1188 374 1266 439 vobis
1337 353 1342 382 ³

238 505 252 541 s
267 489 456 566 potestatem
469 475 612 545 calcandi
625 500 721 566 super
732 487 913 566 serpentes,
927 490 960 543 et
971 479 1167 568 scorpiones,
1179 494 1210 546 et
1224 505 1267 546 su-

239 616 252 650 s
267 611 324 677 per
338 611 466 654 omnem
482 589 631 653 virtutem
646 586 766 654 inimici
777 585 808 662 ’ς
823 599 880 654 sut
892 588 1165 677 quemadmodum
1177 589 1267 656 domi·
1340 677 1341 680 Ἴ

226 707 330 762 ¹natus
350 709 399 763 est
413 697 534 763 homini
547 721 605 786 per
619 697 822 787 apostasiam,
835 697 881 764 sic
899 699 1016 764 iterum
1035 695 1097 788 per'
1112 699 1265 767 hominem

237 820 453 875 recurrentem
469 809 510 874 ad
524 808 641 885 Deum,
656 821 829 875 evacuetur
842 809 997 898 apostasia
1013 811 1095 900 ejus.

685 995 728 1086 *s
752 995 812 1064 ιν.

587 1169 633 1210 DE
666 1167 924 1210 ANTICHMSTO·

292 1307 392 1376 1⁰De
416 1306 494 1402 ejus
513 1308 660 1399 fraude,
679 1295 849 1408 superbia
874 1322 911 1378 et
932 1309 1121 1404 tyrannico
1143 1329 1263 1404 regno,

237 1437 349 1514 prout
366 1448 387 1495 a
401 1427 551 1498 Daniele
566 1443 604 1498 et
621 1426 733 1498 Paulo
748 1425 928 1524 descripta
944 1430 1050 1496 sunt²
1068 1449 1077 1492 ε

295 1597 336 1662 Et
353 1621 418 1666 uon
444 1613 569 1668 tantum
595 1614 702 1668 autem
725 1625 782 1692 per
802 1625 839 1666 ea
859 1623 929 1690 quae
951 1599 1034 1666 dicta
1057 1585 1150 1674 sunt,
1167 1595 1264 1662 sedet

236 1725 295 1793 per
316 1730 353 1774 aa
373 1733 445 1799 quae
467 1725 562 1778 erunt
584 1714 644 1778 sub
666 1711 875 1786 Antichristo,
900 1707 1092 1784 ostenditur,
1109 1707 1262 1797 quoniam,

234 1815 373 1883 existens
388 1833 529 1910 apostata
546 1833 578 1886 et
594 1819 688 1897 latro,
706 1819 794 1909 quasi
810 1819 895 1885 Deus
914 1816 982 1883 vult
996 1799 1140 1890 ‘adoram
1152 1829 1184 1882 et
1197 1835 1262 1882 cum

237 1923 278 1989 sit
297 1949 418 2004 servus,
436 1953 544 2020 rogem
560 1953 594 1996 se
609 1928 676 1995 vult
690 1929 874 2020 preconari.
890 1924 947 1993 llle
963 1929 1048 1993 enim
1063 1949 1192 1994 omnem
1207 1947 1263 1991 sus·

236 2031 357 2122 cipiens
379 2038 495 2105 diaboli
515 2040 677 2114 virtutem,
694 2039 798 2104 veniet
813 2060 878 2104 non
893 2037 980 2127 quasi
1003 2060 1059 2102 rex
1078 2039 1195 2126 justus,
1210 2055 1262 2100 neo

237 2145 324 2228 quasi
340 2146 372 2210 in
388 2149 585 2237 subjectione
600 2147 659 2214 Dei
674 2145 850 2237 legitimum
865 2146 921 2211 sed
934 2146 1060 2235 impius,
1074 2159 1108 2212 et
1124 2146 1260 2235 injustus,

234 2261 269 2315 et
283 2252 350 2319 sino
369 2252 450 2346 lege,
470 2257 558 2345 quasi
574 2267 727 2346 apostata,
744 2265 777 2320 et
791 2255 930 2344 iniquus,
946 2267 979 2320 et
996 2254 1170 2330 homicida,
1183 2252 1261 2341 quasi

234 2357 329 2440 latro,
348 2364 537 2434 diabolicam
560 2367 750 2457 apostasiam
771 2366 804 2432 in
825 2387 858 2430 se
881 2363 1115 2454 recapitulans:
1135 2378 1167 2430 et
1186 2361 1260 2434 idola

235 2473 365 2559 quidem
387 2499 556 2565 seponens,
577 2476 618 2541 ad
641 2475 840 2542 suadendum
862 2475 949 2564 quod
965 2476 1031 2564 ipse
1054 2477 1094 2539 sit
1110 2475 1212 2546 Deus:
1232 2495 1260 2537 se

234 2595 342 2650 autem
364 2585 516 2652 extollens
539 2610 640 2652 unum
662 2584 801 2662 idolum,
818 2585 938 2652 hebens
959 2586 992 2650 in
1011 2586 1181 2674 semetipso
1199 2581 1260 2648 reli·

235 2715 372 2780 quorum
387 2695 544 2763 idolorum
562 2698 683 2763 varium
706 2717 869 2762 errorem:
891 2707 926 2760 ut
947 2695 980 2760 hi
1002 2696 1056 2784 qui
1077 2691 1259 2785 permultas

234 2803 485 2874 abominationes
500 2808 633 2874 adorant
649 2805 824 2885 diabolum,
838 2806 871 2871 hi
884 2829 941 2896 per
955 2806 1018 2872 hoc
1032 2825 1134 2871 'unum
1147 2803 1259 2872 idolum

110 2913 113 2920 ’
233 2914 370 2981 serviant
383 2917 454 3004 ipsi,
462 2917 502 2982 de
511 2940 575 3006 quo
583 2916 752 3007 Apostolus
766 2919 798 2984 in
810 2914 940 3005 epistola
952 2928 1079 3005 quaeest
1091 2915 1259 2983 adThessa-

234 3021 408 3092 lonicenses
417 3028 568 3106 secunda,
578 3029 624 3094 sic
637 3029 680 3094 ait
692 3054 724 3095 :a
737 3028 898 3108 Quoniam
909 3027 969 3093 nisi
981 3029 1102 3093 venerit
1110 3024 1258 3096 abscessio

233 3162 246 3196 s
263 3135 416 3224 primum,
428 3149 460 3203 et
476 3127 636 3205 revelatus¹
646 3138 741 3205 luerit
755 3139 853 3205 homo
865 3137 1001 3226 peccati,
1014 3135 1097 3202 lilius
1112 3135 1258 3228 perditio·
1306 3123 1314 3138 ’

233 3271 246 3305 ιι
262 3245 323 3319 nis,
335 3246 390 3333 qui
402 3246 586 3313 adversatur
600 3259 632 3313 et
647 3245 769 3314 extollit
782 3271 816 3313 se
832 3269 927 3336 super
939 3269 1033 3312 omne
1049 3247 1135 3337 quod
1151 3245 1258 3312 dicitur

233 3381 247 3416 s
263 3353 361 3431 Deus,
377 3369 432 3422 aut
449 3357 584 3424 colitur:
599 3359 642 3424 ita
659 3369 694 3424 ut
709 3359 741 3425 in
757 3355 875 3447 templo
887 3357 946 3424 Dei
961 3357 1081 3434 sedeat,
1095 3355 1256 3424 ostendens

232 3491 246 3525 s
262 3465 465 3554 semetipsum
481 3479 633 3556 tanquam
645 3468 685 3534 sit
695 3467 781 3533 Deus
791 3466 814 3534 ⁸.
830 3465 1014 3533 »Manifesta
1026 3467 1122 3556 igitur
1134 3467 1257 3556 Aposto

140 3563 150 3576 ⁹
231 3569 281 3638 lus
296 3571 434 3639 ostendit
451 3576 639 3664 apostasiam
662 3576 744 3666 ejus,
763 3588 795 3642 et
818 3574 969 3665 quoniam
990 3574 1150 3643 extollitur
1169 3593 1256 3662 super

265 3707 274 3742 ¹
284 3709 346 3758 Luc.
360 3726 386 3772 x,
395 3726 434 3782 ,¹9⁸

265 3793 353 3860 'Gap
366 3812 424 3858 xxv,
435 3808 461 3861 p.
475 3797 520 3846 322
534 3761 624 3865 etseq.

202 3945 206 3960 ι
266 3880 399 3932 ⁸2Tlsess.
413 3900 442 3942 u,
453 3881 511 3942 5,4.
