2614 4628
164 239 521 332 nuenarius
540 149 948 326 sruxianum

21 499 578 626 rononrrrro
614 429 726 625 An
758 470 1102 622 cuorus,

79 777 194 846 (roura
219 796 410 837 anrrrorsuu
429 795 549 836 soauurs
568 793 841 850 rorrra1‚oxorsrr‚
858 795 902 857 ars.
921 771 1023 852 1715.)

433 1016 721 1043 ι--ΰθβ-ῇ

69 1238 242 1330 Amphion
256 1239 456 1316 Thebanus,
465 1253 498 1306 et
510 1241 608 1310 Arion
623 1239 866 1328 Methymnaeus,
884 1252 1016 1328 uterque
1030 1261 1085 1328 pe·
1110 1268 1117 1288 ·

30 1351 81 1416 riti
95 1364 230 1430 cautus,
246 1364 396 1440 uterque
407 1350 514 1418 sabula
526 1351 614 1418 suere
635 1352 686 1438 (et
698 1352 730 1417 in
743 1351 928 1436 Graecorum
940 1349 1044 1432 choris
1055 1347 1089 1414 id

35 1485 162 1530 carmen
173 1461 297 1533 adhuc
309 1463 475 1531 decantari
482 1461 688 1554 solet)‚quod
698 1463 827 1530 musicae
835 1462 953 1528 virihus
960 1461 1014 1528 hic
1022 1461 1089 1550 qui-

38 1573 108 1643 dem
115 1574 244 1664 piscem
253 1571 737 1648 inescaverit,illevcroThohas
744 1571 993 1640 murisciuxorit.
1001 1570 1089 1638 Alius

41 1684 169 1772 quidam
179 1682 361 1750 eThracia
376 1683 489 1750 artifex
502 1683 622 1770 (fertur
634 1683 720 1750 enim
731 1683 806 1768 hsce
816 1683 898 1748 inter
917 1693 1027 1774 gentes
1043 1680 1059 1746 f
1075 1721 1091 1732 .,

44 1793 132 1884 huia)
146 1792 218 1860 seio
230 1806 335 1862 cautu
350 1792 433 1860 feras
445 1791 566 1872 mulsit,
577 1793 663 1884 sagos
674 1795 770 1860 etiam
782 1795 914 1860 arbores
927 1815 945 1857 e
956 1792 1090 1881 propriis

51 1900 179 1966 sedibus
199 1901 235 1966 iu
251 1899 372 1970 alienas
386 1899 558 1966 transtulit.
575 1899 704 1968 Possem
718 1900 778 1966 tihi
794 1897 887 1978 aliam
904 1922 1031 1994 quoque
1047 1897 1093 1964 sa·

57 2006 170 2076 haiam
184 2021 489 2088 commemorarem
498 2008 594 2078 alium
609 2023 774 2078 cantorem
790 2009 849 2076 illis
861 2009 1010 2084 similem,
1023 2011 1091 2076 Eu-

63 2139 199 2184 nomum
212 2117 399 2184 Locrensem
415 2129 447 2182 et
463 2117 607 2186 cicadam
621 2117 797 2208 Pythicam.
819 2119 900 2188 Nam
915 2119 948 2186 iu
959 2117 1092 2186 celebri·
1170 2148 1176 2161 ·

63 2235 126 2287 tate
160 2225 257 2290 totius
293 2223 432 2300 Graeeiae,
465 2247 537 2312 quae
564 2205 696 2316 proptci
725 2235 888 2292 mortuum
921 2226 1092 2294 draconem

57 2333 202 2424 Ργώοηο
229 2347 436 2410 convenerat,
460 2335 625 2402 Eunomus
649 2332 845 2424 epitaphium
866 2336 1019 2424 serpentis
1040 2359 1094 2403 cc·

56 2447 145 2522 cinit,
165 2449 253 2537 quod
275 2447 418 2538 hymnus
434 2447 528 2514 suerit
555 2471 595 2514 an
617 2443 803 2513 lamentatio
826 2447 993 2536 serpentis,
1009 2446 1095 2513 haud

55 2559 127 2624 satis
143 2558 281 2626 dixerim
300 2583 309 2624 t
327 2582 440 2626 vorum
462 2559 635 2625 constituto
650 2555 714 2622 illic
729 2557 915 2636 certamine,
930 2559 1095 2626 Eunomus

56 2668 161 2734 aestiro
180 2682 331 2758 tempore
351 2667 471 2734 cithara
494 2665 637 2742 ludebat,
659 2668 737 2735 dum
759 2667 878 2736 eioa'dae
902 2665 1007 2736 calore
1021 2668 1095 2736 solis

57 2780 202 2848 animasse
224 2783 287 2847 suh
308 2777 391 2844 soliis
412 2789 563 2846 canerent
578 2801 635 2866 per
657 2789 796 2853 montes.
813 2776 898 2844 haud
912 2776 999 2848 illum
1022 2782 1095 2867 qui-

60 2888 129 2956 dem
147 2890 284 2956 draconi
299 2899 442 2964 mortuo,
461 2886 516 2954 sed
532 2887 761 2976 sapientissimo
776 2885 856 2963 Deo,
869 2886 1005 2956 solutam
1023 2887 1097 2980 legi·

62 2999 120 3065 hus
128 3000 340 3076 cantilenam,
353 2999 492 3066 Eunomi
502 2999 605 3063 modis
617 2999 879 3088 praestantiorem.
906 2998 991 3067 Tum
1003 3011 1095 3090 rupta

60 3107 209 3176 Locrensi
230 3107 367 3182 chorda.
385 3109 420 3174 in
438 3105 567 3176 citharae
584 3109 696 3198 jugum
717 3107 842 3176 advolat
861 3108 983 3182 cicada.
1000 3121 1033 3172 et
1047 3109 1097 3174 in·
1194 3101 1198 3110 ⁴

62 3232 239 3286 ammento
261 3219 387 3286 musico
414 3229 567 3306 tanquam
590 3241 679 3286 ramo
702 3231 872 3306 personot;
902 3216 1098 3286 eitharoedus

61 3341 166 3396 autem
182 3329 305 3396 cicadae
320 3327 431 3396 cantui
445 3350 539 3394 suum
551 3337 775 3416 attemperaus,
792 3327 996 3396 deficientem
1006 3329 1097 3396 chor·

65 3440 134 3504 dam
155 3438 327 3528 supplevit.
351 3435 470 3504 Cicada
491 3460 567 3526 ergo
585 3438 723 3503 Eunomi
743 3449 840 3502 cantu
857 3436 997 3516 ducitur,
1015 3440 1098 3506 utin

65 3548 174 3616 fabulis
199 3562 264 3623 est,
289 3571 362 3636 quae
388 3569 507 3612 aereum
534 3547 739 3623 Eunomum,
766 3569 840 3612 eum
868 3547 931 3636 ipsa
957 3549 1097 3626 cithara,

69 3685 190 3749 unaque
205 3661 326 3728 sociam
337 3659 519 3724 certaminis
535 3657 681 3746 Pythone
693 3668 894 3722 statuerunt:
913 3658 980 3725 haeo
993 3672 1099 3727 autem
1177 3663 1198 3686 “

8 3763 10 3770 ’
69 3784 176 3860 sponte
191 3768 332 3844 advolat,
349 3780 461 3856 sponte
483 3767 580 3832 etiam
597 3766 696 3842 canit,
709 3778 742 3830 et
758 3768 932 3857 agentibus
944 3771 1099 3836 musicam

73 3879 183 3948 imitata
195 3881 290 3948 fuisse
303 3877 424 3947 credita
440 3890 498 3942 est.
515 3877 622 3956 Quare
634 3899 708 3965 ergo
722 3877 893 3946 vanissimis
906 3877 1021 3946 fabulis
1030 3901 1100 3948 eam
