2574 4628
214 231 277 296 170
524 226 697 274 Glassssll'l'ls
721 229 932 278 tumtunm

214 379 229 438 a
241 348 343 418 rum¹.
364 375 378 414 a
392 348 519 418 Etenim
531 351 669 420 humana
680 374 731 420 ars
742 363 776 418 et
788 349 961 428 domicilia,
970 362 1005 418 et
1018 369 1129 428 nates,
1142 361 1178 418 et
1191 371 1247 416 ur·

210 462 279 540 laea,
291 474 324 528 et
341 461 480 551 picturas
491 463 637 538 conficit3
653 465 711 532 Dei
722 477 830 532 autem
838 487 934 554 opera
944 486 1008 554 qua
1021 463 1146 530 rationo
1162 485 1247 530 enu-

127 613 131 621 ·
212 571 355 639 merem?
366 573 482 663 Aspice
497 574 586 642 huno
600 575 759 646 mundum
773 574 988 645 universum¹.
1003 573 1062 646 Ille
1076 571 1202 644 ooelum
1215 585 1248 640 et
1283 635 1284 639 ,

211 681 311 750 solem
320 685 448 752 oreavit.
467 683 580 776 Angsli
594 699 627 754 et
639 687 784 754 homines
796 685 1181 778 auntopaautgumm
1200 683 1246 772 ir
1270 712 1284 767 p

207 794 284 860 sius.
300 793 427 874 Quanta
439 807 488 862 est
498 808 607 864 autem
617 797 677 864 Dei
687 798 841 888 potentia,
856 799 949 886 eujus
959 794 1026 864 tols
1037 793 1191 862 voluntas
1201 804 1247 858 ent

116 997 118 1002 Ι
209 903 321 971 mundi
336 905 478 972 creatio?
499 905 592 974 Solus
608 891 695 976 enini
712 908 799 976 Deus
813 907 971 978 mundum
984 906 1118 982 meavit,
1139 902 1248 992 utqui

209 1014 293 1084 solua
308 1017 349 1084 ait
363 1039 436 1084 vere
455 1017 541 1086 Deus
565 1042 574 1084 s
595 1020 621 1088 ia
641 1032 749 1090 autem
764 1043 860 1111 opera
876 1041 932 1087 assa
947 1016 1082 1087 volendo
1098 1012 1245 1090 ooniidt,
1283 1059 1284 1062 =

209 1125 342 1214 ejusque
363 1126 443 1194 velle
464 1129 607 1220 sequitur
628 1129 709 1198 lieri.
729 1132 791 1200 llio
808 1142 917 1198 autem
930 1127 1088 1196 aberravit
1102 1121 1246 1214 philoso·
1271 1163 1284 1202 μ

208 1233 346 1325 phorum
358 1234 474 1304 chorus
488 1261 507 1306 a
522 1241 665 1318 veritato,
678 1242 733 1331 qui
751 1227 944 1331 perpulchra
958 1237 1088 1326 quidem
1101 1233 1245 1300 fetent&

72 1434 74 1445 Ι
209 1345 250 1410 ad
266 1345 567 1437 contemplationem
584 1348 658 1418 oeli
675 1349 796 1418 lactum
818 1347 1113 1422 tumnensium,
1138 1355 1244 1410 tum

209 1479 280 1544 qum
295 1457 328 1524 in
343 1458 424 1527 ooelo
441 1472 596 1550 apparent
614 1460 746 1550 usuque
759 1461 980 1552 percipiuntur
991 1456 1137 1524 adorant.
1157 1453 1244 1520 lieet

208 1566 295 1632 enim
321 1589 359 1633 ea
384 1591 456 1657 quae
478 1581 552 1636 aunt
574 1570 608 1638 in
630 1570 712 1640 coelo
735 1594 801 1639 nou
825 1570 889 1636 sint
907 1567 1074 1636 homiuum
1095 1561 1242 1638 artificis,

209 1688 242 1742 at
262 1676 429 1746 hominum
448 1692 555 1749 tamen
569 1681 668 1772 gratia
690 1681 819 1750 oondita
834 1680 973 1748 suerunt.
987 1679 1036 1748 Ne
1049 1675 1123 1766 quit
1135 1672 1243 1764 igitut‘
1282 1713 1283 1718 κ

209 1775 308 1854 solem
332 1788 453 1867 adoret,
476 1813 588 1859 nerum
608 1791 681 1858 solis
701 1792 887 1862 effectorem
908 1788 1066 1858 desideret
1085 1809 1094 1851 r
1111 1806 1156 1857 tto
1177 1783 1243 1872 quit

208 1901 366 1966 mundum
382 1911 515 1989 reponat
528 1900 613 1967 inter
626 1901 715 1978 deos,
728 1925 840 1970 verum
854 1898 968 1968 munsli
983 1895 1188 1968 uenditorem
1201 1915 1243 1959 re-

208 2009 442 2102 quirat-Quam
456 2011 576 2077 obrem
589 2011 619 2076 ei
634 2012 689 2100 qui
700 2011 741 2078 ad
756 2022 864 2101 portas
875 2007 983 2078 salutis
991 2005 1131 2074 madere
1146 2003 1244 2092 eupit,

209 2121 354 2196 unicum,
378 2131 414 2184 ut
430 2118 567 2197 videtur,
589 2118 770 2209 perfugium
795 2117 987 2208 relinquitur
1001 2116 1110 2182 divim
1127 2113 1246 2204 espiers·

210 2231 263 2297 tia.
284 2230 381 2308 Hinc,
395 2227 483 2297 velut
497 2252 516 2297 e
530 2230 730 2298 sacrosancto
749 2227 891 2317 quodam
911 2225 1014 2316 asylo,
1031 2247 1110 2293 oum
1130 2224 1187 2314 qui
1206 2221 1246 2288 ad

211 2339 345 2409 salutem
361 2338 538 2416 oontendit‚
557 2336 648 2410 nulla
666 2338 712 2404 vis
727 2337 911 2406 daemonum
924 2336 1084 2405 abludere
1102 2355 1245 2422 uuquam

233 2449 337 2516 oterit.
463 2505 465 2507 .
863 2509 867 2517 .

210 2473 231 2540 P
252 2555 292 2623 V.
312 2555 410 2636 Quin,
435 2555 461 2621 si
483 2553 609 2621 libitum
631 2551 689 2622 tihi
711 2553 763 2629 ait,
785 2550 1050 2643 phtoaoptorum
1064 2550 1244 2639 opiniones,

212 2687 289 2754 quas
300 2664 342 2730 de
357 2663 415 2730 diis
429 2664 588 2752 jactitant,
603 2683 692 2730 nuno
707 2683 959 2752 persequamur:
974 2661 1003 2728 ei
1018 2659 1100 2726 forte
1120 2661 1246 2728 oonu'n·

212 2784 266 2866 gat
277 2773 380 2850 nobis,
399 2784 434 2838 ut
449 2773 550 2862 ipsum
564 2796 691 2863 quoque
704 2771 938 2863 philosophiam
952 2768 1153 2838 inveniamus
1169 2791 1246 2836 vam

212 2884 252 2957 de
266 2907 300 2952 se
313 2882 517 2974 persuasione
533 2884 701 2952 materiam
717 2885 750 2950 in
764 2881 932 2950 simulacra
945 2880 1079 2948 deorum
1090 2880 1243 2949 vertisse:

211 2992 260 3062 vel
275 2993 301 3062 si
317 2993 395 3060 dum
409 2992 564 3061 daemonia
578 2993 724 3081 quaedam
740 2991 873 3060 deorum
886 2991 1018 3058 nomine
1039 2989 1171 3080 dignata
1186 3001 1245 3064 est,

210 3127 282 3170 eam
307 3115 459 3192 tanquam
485 3101 663 3170 insomnio
689 3100 853 3168 veritatem
875 3099 1001 3176 vidisse,
1024 3097 1196 3166 ostendere
1216 3097 1249 3164 in

212 3227 395 3280 transcursu
409 3212 575 3304 possimus.
593 3212 756 3299 Hiitaque
770 3208 926 3278 elementa
941 3209 1034 3278 nobie
1050 3206 1252 3296 refiweruut

213 3324 366 3414 principia
380 3344 535 3412 :quorum
549 3319 664 3389 Thales
674 3318 812 3390 Milesius
827 3341 942 3408 aquam
956 3316 1152 3388 celebravit:
1166 3316 1250 3387 Ans·

213 3433 353 3501 ximenes
369 3445 489 3510 autem,
508 3429 646 3502 Milesius
662 3432 785 3520 etipse,
796 3436 904 3498 aerem
918 3453 927 3495 τ
942 3451 1037 3518 quem
1052 3439 1163 3517 postea
1176 3425 1250 3492 Diu·

214 3565 310 3636 genes
332 3543 545 3634 Apolloniates
568 3555 696 3612 seeuurs
721 3555 778 3610 est.
804 3539 1008 3608 Parmenides
1028 3562 1105 3608 sam
1125 3536 1250 3606 Etassss

214 3654 290 3722 deos
305 3653 479 3723 introduxit
493 3655 600 3746 ignem
614 3665 649 3724 ot
662 3676 797 3746 aquom:
814 3673 952 3744 quotum
964 3649 1118 3730 alterum,
1128 3650 1251 3742 ism·

241 3775 259 3841 '¹
269 3803 333 3854 Post.
341 3817 429 3866 insu,
439 3805 465 3856 6.

248 3888 332 3942 ²Vide
345 3891 376 3940 D.
387 3889 498 3953 Guillon,
508 3907 535 3958 p.
545 3891 601 3944 381.
609 3920 639 3934 -
651 3849 736 3946 ⁸iViale
747 3892 779 3943 1).
792 3889 902 3953 Guillon,
911 3903 937 3956 p.
952 3887 1007 3940 ³8¹.
