2522 4608
194 281 256 360 504
334 305 337 310 ·
503 305 677 352 cannatas
701 303 913 350 ansxsaaauu

194 425 348 492 adhibens
364 447 373 488 ε
390 427 560 494 modicam
574 441 681 496 autem
696 430 729 497 id
744 428 932 507 decernens,
953 455 995 498 ne
1012 455 1085 497 eum
1097 430 1202 509 lateret,

193 537 255 604 boc
272 535 462 612 remedium,
478 539 504 603 si
518 539 612 606 nimis
628 541 754 629 copiose
775 553 932 618 sumatur,
948 541 1006 608 alia
1025 566 1113 632 egere
1126 566 1205 609 cura-

192 649 289 722 tione.
308 647 464 714 Naturalis
480 649 586 735 itaque
601 660 634 713 ot
648 649 773 716 sobrius
787 663 882 739 potus
897 652 1076 718 sitientibus
1085 675 1205 718 necessa·

174 760 271 836 ¹rius,
288 770 336 824 est
354 781 446 846 aqua.
464 761 543 824 Eam
567 782 605 824 ex
629 773 788 850 praerupta
807 775 898 851 petra
920 775 1112 838 manantem,
1133 777 1206 830 veb-

117 915 120 921 ,
191 871 278 936 ribus
293 871 448 946 llebraeis,
464 871 595 936 unicum
611 893 648 937 ac
672 871 849 962 simplicem
865 877 1081 965 temperantia
1099 886 1205 964 potum,

191 980 403 1072 suppeditavit
413 981 594 1048 Dominus¹.
609 981 786 1072 Oportebat
801 995 907 1050 autem
919 1008 987 1061 eos,
1001 995 1111 1074 utpote
1119 1007 1208 1050 eman·

192 1102 252 1167 tes,
275 1115 344 1158 osse
358 1091 495 1178 maxime
510 1093 642 1158 sobrios.
665 1093 777 1158 Postea
792 1106 900 1159 sancta
917 1095 987 1160 vitis
1005 1095 1133 1160 botrum
1149 1117 1207 1183 ger

192 1202 324 1268 minavit
345 1201 580 1292 propheticum.
602 1201 671 1270 Hoc
692 1203 817 1291 signum
834 1215 883 1268 est
902 1203 940 1268 iis
954 1204 1009 1292 qui
1028 1204 1074 1268 ad
1087 1203 1214 1298 quietemv

190 1334 230 1376 en
240 1333 348 1376 errore
358 1311 494 1376 instituti
505 1323 591 1386 sunt,
604 1335 736 1401 magnus
751 1313 874 1388 botrus,
888 1335 1004 1402 nempe
1015 1311 1155 1380 Verbum
1164 1337 1208 1402 pro

154 1413 162 1428 ’
189 1423 281 1488 nobis
296 1444 453 1510 pressum,
470 1445 544 1488 cum
559 1423 685 1512 sanguis
703 1445 783 1500 uvae,
796 1423 858 1490 hoc
869 1435 917 1487 est
927 1421 1038 1496 Verbi,
1052 1444 1132 1508 aqua
1145 1433 1208 1488 tear

188 1532 292 1626 perari
308 1531 459 1606 voluerit;
483 1543 519 1597 ut
540 1531 637 1599 etiam
658 1533 784 1622 sanguis
805 1533 874 1619 ejus
895 1529 996 1597 salute
1015 1543 1205 1620 temperatur.

189 1640 313 1730 Duplex
324 1654 372 1706 est
385 1653 493 1708 autem
511 1641 637 1730 sanguis
648 1641 798 1708 Domini:
814 1639 894 1706 alter
905 1641 992 1706 enim
1008 1651 1058 1705 est
1078 1635 1207 1712 manalis.

189 1775 253 1840 quo
268 1752 424 1840 redempti
440 1773 549 1815 sumus
565 1751 605 1816 ab
617 1751 769 1816 interitu:
784 1749 865 1816 alter
875 1773 950 1816 vero
963 1747 1148 1839 spiritualis,
1158 1770 1208 1836 quo

191 1859 312 1928 scilicet
328 1861 416 1927 uncti
431 1883 552 1927 sumus.
572 1861 613 1926 Et
632 1860 695 1926 boc
715 1871 776 1936 est,
797 1860 906 1926 bibere
925 1859 1004 1924 Jesu
1024 1859 1201 1948 sanguim.

190 1981 305 2060 nempe
319 1969 389 2035 lieri
404 1970 592 2060 participem
603 1970 848 2059 incorruptionis
867 1969 1007 2035 Domini.
1022 1968 1120 2035 Verbi
1135 1968 1206 2034 enim

190 2077 288 2144 virtus
310 2090 358 2144 est
377 2078 525 2168 Spiritus,
548 2079 818 2168 quemadmodum
837 2081 964 2169 sanguis
984 2081 1102 2145 carnis.
1119 2078 1207 2151 Unde,

191 2189 461 2276 quemadmodum
476 2190 585 2256 vinum
597 2211 700 2280 uquae,
713 2190 759 2256 sic
773 2190 869 2256 etiam
881 2188 1003 2254 homini
1020 2187 1155 2278 Spiritus
1164 2187 1209 2252 sd-

189 2301 351 2366 miscetur,
378 2301 425 2368 Ac
449 2313 662 2392 temperatum
683 2301 814 2389 quidem
838 2301 947 2368 vinum
963 2299 1064 2366 fidem
1089 2297 1209 2366 conrir‘s

188 2410 309 2497 praebet
327 2409 486 2499 :Spiritus
507 2424 614 2476 autem
634 2409 762 2477 deducit
780 2409 821 2476 ad
838 2397 1127 2499 incorruptionem.
1153 2409 1211 2475 Am

188 2520 305 2584 borum
323 2531 430 2586 autem
449 2532 674 2609 temperatura,
686 2533 780 2609 potus
798 2519 919 2587 scilicet
934 2532 967 2586 et
978 2519 1093 2595 Verbi,
1111 2519 1211 2584 dicitnr

189 2629 400 2707 Eucherium,
420 2630 540 2698 scilicet
556 2622 722 2698 laudabilis
743 2644 775 2698 et
792 2633 957 2728 praeclara
975 2630 1091 2720 gratia
1107 2653 1119 2692 :
1137 2629 1214 2715 cujus

189 2739 244 2827 qui
259 2762 317 2830 per
336 2737 434 2805 fidem
448 2752 523 2806 sunt
537 2741 720 2830 participes,
735 2739 975 2806 sanctificantur
994 2751 1028 2804 et
1044 2747 1215 2826 corporeet

188 2847 311 2923 anima;
335 2849 451 2939 quippe
466 2849 609 2916 divinum
632 2862 933 2940 temperamentum,
954 2848 1123 2914 hominem
1146 2843 1218 2912 scib·

162 3034 167 3051 ¹
189 2971 253 3037 cet,
269 2959 373 3027 divina
388 2957 533 3028 voluntas
548 2959 667 3050 Spiritu
680 2973 712 3026 et
723 2958 831 3028 Verbo
842 2957 978 3048 mystice
990 2965 1215 3047 contemperat.

188 3067 316 3136 Etenim
330 3093 438 3136 revera
455 3069 591 3160 Spiritus
606 3072 731 3147 animae,
743 3094 813 3160 quae
831 3070 952 3159 abipso
967 3069 1083 3143 fertur,
1095 3068 1218 3154 conjuu

189 3178 295 3270 gitur:
310 3201 385 3245 caro
396 3191 502 3246 autem
514 3178 633 3257 Verbo,
646 3191 777 3271 propter
787 3203 906 3268 quam«
921 3177 1065 3246 Verbum
1079 3201 1159 3243 caro
1171 3175 1223 3240 tsc-

190 3301 286 3356 »tum
302 3302 350 3356 est
362 3288 385 3355 ².
405 3318 418 3354 s
439 3290 501 3357 Eos
519 3293 625 3382 itaque
641 3291 736 3358 laudo
756 3305 788 3357 et
802 3291 943 3357 admiror
961 3291 1015 3377 qui
1036 3290 1142 3354 vitam
1163 3307 1223 3352 aas

98 3407 99 3412 ’
189 3413 292 3468 teram
306 3400 506 3492 delegerunt,
521 3389 560 3469 et
571 3404 787 3493 temperantiae
808 3402 1093 3473 medicamentum,
1111 3417 1223 3488 aquam

190 3523 360 3598 appetunt:
379 3512 489 3578 unum
505 3523 624 3589 autem,
642 3525 793 3602 tanquam
813 3513 892 3602 iguis
908 3512 1021 3586 minas,
1038 3531 1141 3597 quam
1157 3505 1224 3570 lou-

190 3616 315 3705 gissime
326 3619 461 3709 fugiunt.
476 3619 583 3687 Placet
594 3645 682 3709 ergo,
696 3633 731 3686 ut
745 3623 836 3710 pueri
852 3633 885 3686 et
899 3617 1012 3709 puellae
1023 3621 1065 3684 ab
1081 3618 1148 3684 boc
1164 3634 1223 3680 me

189 3724 369 3792 dicamento
378 3742 412 3794 ut
423 3728 595 3818 plurimum
607 3730 795 3796 abstineant
807 3729 1114 3798 Nouenimlerreati
1128 3722 1224 3793 aetati,

187 3832 275 3923 quod
289 3846 337 3903 est
352 3839 494 3904 omnium
516 3840 721 3907 humidorum
737 3841 975 3919 calidissimum,
992 3842 1101 3916 sinum
1118 3835 1223 3904 insun-

222 3963 323 4019 ‘hod-
336 3984 398 4022 xru,
408 3971 481 4022 Num.
493 3971 592 4025 xx.-²
603 3974 678 4026 loun.
688 3991 708 4035 r,
719 3975 754 4033 al.
