2574 4628
316 329 515 376 COEORYATio
540 321 581 370 ss)¹
603 323 732 372 GBNTBSs

90 457 252 527 illiberalis,
266 457 395 536 quisquis
401 456 532 515 intentus
548 467 643 533 stupet

92 560 277 640 Opinionem,
290 559 337 617 vel
350 556 461 616 bonum
473 576 510 615 ex
520 555 569 615 itta
582 555 663 634 petit.
680 581 682 586 ·

29 709 134 792 Quibus
149 734 226 777 sane
250 709 354 776 verbis
368 707 546 776 luculenter
561 709 638 775 mihi
656 709 770 776 docere
785 709 923 784 videtur,
939 708 1040 799 qualis

29 823 156 894 sitDeos;
170 823 325 911 quodque
337 821 534 887 consuetudo
546 832 579 888 et
590 822 769 888 communis
779 821 895 910 opinio,
914 845 968 888 eos
987 823 1041 912 qui

31 933 96 1023 ipsas
110 932 192 1020 sequi
217 953 318 1021 quem
333 931 438 1010 Deum
459 953 599 1018 quaererc
618 927 754 1005 malunt,
771 930 803 996 iu
819 931 966 997 miseram
981 954 1044 997 sor·

31 1045 142 1108 ritutem
156 1041 333 1108 obducant.
352 1022 418 1106 Nec
437 1062 511 1106 vero
523 1039 763 1130 praetereundus
781 1053 828 1106 est
838 1041 1043 1130 Pythagoras,

32 1156 107 1244 cnjus
120 1153 185 1220 haec
199 1165 279 1218 sunt
293 1153 390 1216 verba
406 1175 439 1215 :r
455 1151 540 1217 Deus
554 1151 684 1240 quidem
699 1164 747 1216 est
762 1175 863 1217 unus:
880 1174 939 1218 nec
956 1153 981 1217 is
996 1175 1046 1216 ex-

33 1275 94 1328 rtra
106 1263 189 1329 hunc
208 1283 320 1326 rerum
341 1259 499 1335 ordinem,
518 1260 621 1326 sedin
636 1282 688 1336 eo,
708 1271 793 1326 totus
814 1261 847 1325 in
867 1272 934 1325 toto
955 1263 1047 1337 orbo,

36 1397 152 1462 npreses
165 1371 271 1438 omnis
293 1370 516 1464 generationis,
533 1371 752 1436 universorum
776 1370 975 1486 temperatiq‚
993 1373 1048 1460 qui

37 1505 165 1573 asemper
179 1495 243 1557 est,
259 1503 390 1546 suarum
409 1481 673 1571 compositionum
692 1504 889 1571 operumque
905 1482 1050 1548 omnium
1102 1491 1107 1512 '

37 1604 166 1669 sanctu,
180 1591 341 1657 luminare
357 1589 440 1666 cuti,
457 1603 490 1658 et
508 1604 598 1683 pater
612 1592 768 1668 omnium,
784 1615 874 1659 mens
886 1605 918 1658 et
929 1594 992 1660 rita
1003 1605 1049 1660 te
1129 1578 1132 1584 ¹

37 1702 115 1766 »tius
127 1697 220 1776 orbis,
237 1700 383 1766 omnium
398 1711 514 1767 motus.
533 1729 545 1764 ι
563 1701 668 1792 Atque
681 1701 751 1768 haec
764 1702 908 1790 quidem,
926 1727 997 1791 quse
1011 1705 1050 1769 ab

40 1808 90 1876 illis
104 1811 200 1877 efflatu
214 1812 274 1878 Dei
290 1812 420 1902 scripte,
434 1835 451 1876 o
464 1812 554 1878 nobis
568 1824 674 1878 autem
687 1811 803 1880 selecta
815 1825 901 1889 sunt,
915 1814 955 1878 ad
968 1813 1053 1902 ogni·

42 1921 149 1988 tionem
162 1921 218 1988 Dei
236 1921 421 1988 suffecerint
441 1922 477 1987 iis
500 1923 646 2014 omnibus
663 1914 717 2011 qui
738 1923 779 1988 ad
799 1923 1053 2013 perspiciendam
1147 1989 1153 2006 ,

46 2030 194 2095 ueritatem
206 2053 266 2096 non
282 2040 359 2096 suut
372 2053 501 2119 prorsus
515 2029 646 2096 hebetes
661 2044 756 2121 atque
771 2031 932 2098 indociles.

89 2137 153 2204 Vll.
170 2139 296 2206 Accedat
310 2141 444 2236 insuper
459 2140 500 2206 ad
514 2165 572 2206 nos
591 2141 669 2228 (nec
680 2142 765 2208 enim
776 2143 892 2208 erimus
908 2142 972 2210 sola
984 2143 1052 2234 phi-

49 2246 178 2336 iosophiu
192 2249 340 2336 contenti)
355 2248 480 2337 poetica
492 2273 621 2337 quoque
637 2250 715 2338 ipsa,
729 2273 799 2337 quae
814 2251 937 2338 penitus
950 2251 1054 2317 dedita

45 2358 215 2434 mendaciis,
229 2358 277 2422 rix
293 2357 422 2424 taudem
436 2356 606 2446 aliquando
618 2358 741 2423 veritati
756 2359 969 2424 testimonium
980 2384 1057 2448 prae·

42 2467 134 2544 tetis,
145 2491 198 2533 seu
211 2469 316 2557 potius
330 2491 422 2534 suam
438 2469 480 2534 ad
496 2467 617 2534 fabulas
634 2463 860 2558 digressionem
879 2469 946 2538 Deo
961 2471 1058 2537 conii-

40 2580 157 2645 tchitur.
176 2579 315 2644 Accedat
327 2589 434 2644 autem
448 2603 466 2644 c
481 2579 595 2668 poetis,
608 2579 804 2667 quicumque
819 2579 905 2656 velit,
923 2581 1052 2670 primus.

38 2687 143 2756 tuus
157 2688 250 2778 igitur
263 2687 323 2755 Dci
338 2688 513 2777 potentiam
525 2689 629 2754 omnia
645 2689 817 2778 pervadere
832 2691 1010 2758 existimat:

111 2898 117 2909 .
131 2897 137 2908 .
150 2899 157 2911 .
172 2899 180 2913 .
194 2857 235 2912 Ut
246 2852 346 2911 omnia
359 2852 442 2910 firma
453 2851 526 2924 sint,

109 2959 316 3033 Huncsemper
329 2953 468 3032 primum,
481 2965 718 3032 postremumque
732 2951 890 3033 propitiant
914 2977 922 3013 ι

109 3054 191 3114 sure
201 3067 296 3134 pater,
309 3053 477 3113 hominibus
488 3074 622 3134 maguum
633 3055 817 3129 miraculum,
829 3075 965 3134 magnum
980 3075 1061 3112 emo»

828 3157 1015 3232 [iumentum.

36 3303 150 3377 Pariter
164 3311 263 3376 etiam
279 3308 424 3377 Ascraeus
440 3299 593 3385 Hesiodus
608 3305 712 3375 Deum
728 3305 904 3396 significat:

109 3483 180 3560 Ipse
193 3481 270 3540 enirn
283 3478 413 3537 omnium
423 3499 477 3538 rex
489 3491 519 3537 et
529 3479 664 3558 princeps
675 3491 729 3550 est,

110 3585 176 3640 Nec
191 3580 399 3640 immortalium
411 3579 483 3638 atius
497 3579 641 3659 quispiam
655 3577 712 3636 ho‘c
721 3571 875 3656 imperium
889 3575 1023 3656 possidet.

17 3733 224 3819 'Quinetiam
248 3741 281 3808 in
309 3764 404 3808 scena
430 3743 593 3808 veritatem
616 3741 771 3830 aperiunt.
797 3741 845 3808 Ibi
870 3743 954 3809 enim
967 3766 1001 3809 :r
1028 3742 1064 3808 In

40 3877 51 3912 ι
64 3849 186 3918 ethere
200 3861 233 3917 ct
246 3849 363 3920 coeium
378 3873 452 3919 cum
467 3852 655 3942 suspexeris,
672 3851 759 3918 hunc
781 3864 815 3916 tu
833 3851 937 3920 Deum
960 3853 1067 3919 cuistia

41 3983 148 4037 rmes,
161 3989 177 4026 ι
192 3962 233 4027 eit
245 3962 420 4052 Euripides.
439 3955 572 4052 Sophilii
589 3985 662 4028 vero
678 3959 760 4028 filius
777 3961 949 4052 Sophocles
967 3982 975 4027 ι

127 4093 181 4137 ιιι.
853 4095 890 4137 12
