2478 4594
135 220 198 286 512
446 241 619 288 casusxrrs
645 241 858 288 uuxxuxrxr

133 385 195 453 per
209 359 338 432 Filium.
356 361 387 430 ls
402 376 509 430 autem
523 361 610 430 nulla
625 364 750 431 ratione
762 377 811 430 est
824 385 919 431 causa
934 360 1031 430 mali:
1045 361 1092 430 acl
1104 363 1180 430 nni·

132 472 218 537 versi
238 472 323 538 enim
340 470 492 548 salutem,
513 475 554 539 ah
569 495 608 538 co
622 473 677 561 qui
691 485 743 538 est
760 473 983 539 universorum
997 471 1176 546 Dominus,

133 581 240 646 omnia
251 593 325 645 sunt
339 580 503 656 ordinata,
518 593 550 646 ct
561 582 709 647 universe
718 591 753 645 et
771 579 941 669 sigillatim.
964 581 1025 644 Est
1034 602 1119 668 ergo
1132 580 1176 643 ol-

135 688 244 754 ficium
255 689 382 778 justitie
390 687 533 754 salutaris
545 689 797 777 unumquodque
803 711 930 777 semper
941 687 984 753 ad
992 687 1028 752 id
1036 687 1126 775 quod
1133 701 1173 752 est

132 795 265 873 melius,
280 797 387 884 quoad
401 795 470 862 lieri
483 809 606 885 petest,
624 796 785 862 deducere
799 819 807 862 ε
823 797 865 862 ad
881 793 1028 862 salutem
1042 795 1132 860 enim
1145 807 1172 859 et

131 905 386 994 permansionem
398 905 468 994 ejus
475 905 562 993 quod
569 915 616 970 est
628 904 826 993 praestantius
842 954 853 982 ,
868 903 1108 969 convenienter
1116 904 1171 968 suis

131 1014 272 1080 moribus
288 1012 477 1078 ordinantur
491 1013 625 1079 minora.
645 1013 761 1079 Statim
776 1011 863 1078 euim
878 1011 1045 1100 quidquid
1056 1023 1106 1076 est
1117 1013 1171 1075 rir-

130 1131 199 1185 tute
214 1119 403 1209 praeditum,
419 1132 562 1187 mutatur
573 1121 606 1186 iu
619 1117 753 1196 melius,
768 1117 890 1184 habeus
911 1119 1084 1208 propriam
1103 1142 1169 1184 caa-

129 1251 197 1293 sam
219 1228 431 1305 mutationis,
453 1226 643 1294 electionem
668 1227 886 1316 cognitionis,
913 1249 1020 1315 quam
1043 1226 1167 1292 habehat

131 1335 235 1401 anima
252 1336 285 1402 in
309 1359 364 1402 suo
388 1347 553 1426 potestate.
581 1333 809 1424 Castigationcs
831 1347 948 1400 autem
971 1336 1163 1408 necessarie.

125 1443 277 1510 bonitate
294 1445 399 1532 magni
414 1444 468 1533 qui
484 1444 591 1510 omnia
613 1444 760 1508 observat
782 1441 923 1530 judicis,
950 1453 1029 1506 tum
1046 1465 1100 1530 per
1116 1443 1162 1508 al-

131 1553 261 1641 juuctos
276 1550 433 1641 Angelos,
448 1562 518 1618 tum
537 1551 708 1643 pervarias
724 1550 1035 1640 prejudicationes,
1050 1562 1102 1615 t
1106 1574 1155 1638 pe·

131 1659 312 1749 perlectum
326 1659 413 1724 omni
432 1683 472 1725 ex
489 1671 579 1748 parte
597 1657 770 1748 judicium,
788 1669 912 1747 cogunt
933 1680 997 1724 eos
1017 1659 1062 1746 qui
1076 1657 1146 1747 plane

133 1765 364 1843 dedoluerunt,
378 1767 451 1832 duci
467 1767 664 1857 poenitentia.

147 1897 152 1904 ·
177 1875 237 1942 111.
256 1873 323 1942 Alia
349 1887 455 1942 autem
478 1887 589 1952 taceo,
608 1873 780 1941 Dominum
799 1870 1004 1962 glorificans.
1026 1873 1157 1939 Ceterum

134 1981 208 2049 «lico
220 1983 384 2049 Gnosticas
400 1981 467 2049 illas
483 1983 624 2058 animas,
640 2005 709 2070 quae
723 1980 917 2049 excellentia
935 1981 1160 2070 contemplatio

134 2091 183 2156 nis
196 2089 444 2179 uniuscujusque
458 2091 559 2157 sancti
575 2090 693 2156 ordinis
709 2089 780 2155 vitm
796 2090 991 2155 institutum
1007 2102 1159 2179 superant,

135 2199 252 2288 quibus
273 2200 375 2265 beatas
401 2199 534 2265 deorum
559 2196 769 2264 habitationes
787 2209 861 2262 sunt
885 2197 1159 2275 distributae,cun

137 2307 221 2372 inter
233 2317 356 2373 sanctus
368 2307 533 2373 sanctitate
544 2305 665 2371 eximiae
680 2304 797 2370 suerint
812 2317 998 2394 reputatae,
1011 2320 1044 2372 et
1054 2308 1159 2395 integr:

135 2437 176 2480 ex
190 2415 317 2503 integris
332 2412 509 2490 translatae,
538 2413 570 2480 in
593 2411 723 2480 meliora
747 2411 922 2478 meliorum
943 2411 1089 2480 locorum
1106 2413 1157 2478 lota

136 2524 282 2588 venerint
297 2535 329 2588 et
350 2546 414 2588 non
433 2523 466 2588 in
484 2520 619 2612 speculis
640 2533 693 2588 aut
710 2543 768 2609 per
786 2519 919 2610 specula
943 2523 1083 2589 divinam
1101 2545 1152 2586 ur·

139 2630 315 2722 plectentes
327 2628 646 2720 contemplationem,
657 2652 754 2718 quam
769 2631 910 2695 maxime
921 2629 1039 2698 autem
1048 2629 1148 2696 cedenti

139 2751 171 2805 et
186 2736 279 2827 plane
288 2739 412 2804 sincero
428 2738 541 2804 diuum
552 2738 678 2804 visionis
693 2736 893 2824 sempiternae
914 2741 1101 2828 sempiterne
1108 2760 1153 2801 ex-

141 2858 247 2936 ceptas
264 2845 427 2922 convivio,
440 2870 504 2934 quo
519 2845 623 2912 satiari
635 2868 699 2911 nou
711 2856 844 2934 possunt
855 2869 930 2932 quac
943 2870 1047 2936 supra
1056 2845 1161 2913 modun

144 2966 253 3022 amant
266 2955 397 3031 animae,
418 2965 450 3020 et
464 2951 644 3042 inexplebili
655 2952 795 3018 fruentes
806 2950 915 3018 laetitia
928 2954 962 3019 in
978 2955 1091 3022 secula
1103 2977 1163 3020 nox·

141 3087 239 3151 quam
259 3063 479 3139 terminanda,
502 3083 708 3150 permonere,
724 3059 916 3137 honoratas,
943 3074 983 3127 ut
1005 3064 1165 3135 italicam,

142 3170 310 3237 identitate
333 3169 523 3240 omnimodas
545 3166 746 3242 excellentie,
773 3167 849 3234 llaec
875 3180 926 3233 est
955 3169 1165 3260 contemplatio

142 3278 451 3368 quae'compreheudi
463 3289 566 3367 potest
577 3279 618 3344 ab
635 3277 671 3342 iis
686 3275 739 3364 qui
755 3285 828 3342 suut
842 3278 970 3343 mundo
982 3280 1090 3344 corde.
1105 3280 1167 3344 tiss

143 3399 192 3451 est
207 3387 284 3476 ergo
296 3388 437 3477 operatio
451 3387 519 3476 ejus
531 3385 586 3475 qui
597 3397 645 3450 est
657 3395 896 3450 consummatus
920 3386 955 3451 in
982 3388 1168 3476 cognitione,

144 3505 180 3558 ut
202 3517 277 3559 cum
300 3495 368 3564 Deo
386 3493 501 3560 habent
517 3493 778 3558 consuetudinem
801 3514 860 3580 per
880 3515 1038 3582 maguum
1059 3491 1171 3584 pontif}

145 3622 240 3676 cem,
264 3625 323 3690 pro
347 3602 465 3668 viribus
487 3601 624 3667 Domino
652 3597 838 3666 assimilatus
859 3621 918 3688 per
944 3602 1168 3673 universamia

144 3709 248 3776 Deum
271 3709 445 3797 pietatem,
472 3733 542 3799 quae
571 3709 673 3774 tendit
698 3708 738 3774 ad
763 3705 931 3774 hominum
963 3709 1096 3776 salutem
1120 3732 1169 3798 per

147 3837 257 3885 curam
273 3817 456 3885 exercendas
471 3819 503 3884 in
526 3841 583 3884 nos
606 3814 823 3884 beneficentiae
841 3837 849 3879 :
873 3828 907 3882 et
931 3839 1040 3884 rursus
1054 3841 1110 3906 per
1125 3841 1168 3882 sa-
