2478 4594
152 271 216 336 508
463 289 636 336 mannans
662 289 880 337 tuntum!

138 455 140 462 ,
154 425 202 480 est
219 413 300 478 duro
316 409 414 478 'corde
427 433 435 475 ε
448 410 526 478 hine
539 422 588 476 est
602 409 805 476 Providentia
813 409 981 499 privatim,
994 407 1131 498 publiee
1142 461 1151 486 ,
1164 425 1193 478 et

152 521 283 609 ubique.
296 519 355 587 Dei
368 531 474 586 autem
485 541 553 586 esse
568 517 703 594 Filium,
718 531 753 586 et
766 541 922 584 eumesse
933 539 1034 606 quem
1046 542 1108 584 nos
1123 519 1191 585 Ser-

152 641 295 696 vatorem
319 638 353 692 at
377 627 550 694 Dominum
573 627 727 702 dicimus,
752 639 862 716 aperte
888 626 1007 692 divinae
1024 627 1188 694 ostendunt

154 735 342 826 prophetiae.
355 735 424 801 Hac
439 735 561 801 ratione
575 734 629 822 qui
645 747 694 800 est
709 735 855 800 omnium
871 734 1069 800 Graeeorum
1079 747 1115 799 et
1123 737 1188 802 Dar·

154 845 305 911 harorum
317 841 486 919 Dominus,
498 842 667 932 pessundet
679 843 715 908 iis
727 843 783 930 qui
796 839 927 910 volunt:
943 843 1113 909 nonenim
1122 846 1189 934 oogi

156 975 229 1018 eum
241 951 296 1039 qui
312 953 352 1018 ab
367 951 436 1039 ipso
448 947 581 1017 salutem
598 950 743 1038 accipere
759 948 1035 1038 vaieteligendo,
1052 963 1087 1015 et
1099 954 1185 1018 omnia

151 1058 334 1148 implendo,
357 1081 429 1146 quae
448 1059 489 1124 ab
507 1059 575 1146 ipso
595 1057 765 1146 exiguntur
785 1058 826 1124 ad
848 1081 943 1146 spem
968 1059 1183 1147 accipiendam

154 1167 215 1234 Hie
229 1165 345 1256 estqui
361 1165 416 1232 dat
437 1165 555 1232 Graeeis
573 1165 759 1253 sapientiam
776 1188 835 1254 per
854 1165 1031 1230 inferiores
1053 1167 1179 1255 Angelos

150 1275 233 1342 Sunt
248 1274 335 1340 enim
350 1275 438 1362 jussu
450 1273 556 1339 divino
572 1284 605 1338 et
618 1273 749 1360 antiquo
763 1285 939 1361 pergentes
954 1273 1118 1339 distributi
1125 1277 1180 1340 Aa·

150 1381 244 1471 geti¹.
263 1381 328 1448 Sed
342 1405 416 1468 pers
434 1378 564 1446 Domini
581 1391 630 1445 est
652 1380 761 1474 opinio
781 1380 1006 1446 credentium.
1041 1381 1102 1448 Aut

151 1491 293 1556 omnium
305 1487 473 1555 hominum
486 1511 596 1554 curam
609 1511 674 1553 non
690 1487 770 1577 gerit
784 1487 972 1564 Dominus,
993 1490 1088 1577 idque
1103 1491 1127 1555 ei
1140 1515 1176 1557 aa·

150 1598 249 1676 cidit,
265 1609 323 1665 aut
345 1595 432 1686 quod
455 1619 521 1662 non
543 1596 643 1684 possit
675 1596 782 1684 (quod
802 1597 941 1685 quidem
957 1609 1013 1662 est
1032 1597 1170 1672 neiniom,

151 1717 200 1773 est
211 1708 297 1772 enim
313 1707 436 1795 signum
448 1703 692 1794 imbecillitatis)
707 1754 716 1781 ,
729 1717 784 1770 aut
795 1705 887 1793 quod
897 1704 990 1770 nolit
1002 1729 1071 1772 enm
1082 1707 1167 1795 ausit,

152 1839 222 1904 qum
234 1839 299 1881 non
311 1825 359 1880 est
375 1814 450 1879 boni
465 1811 591 1880 affectio
602 1837 610 1878 :
623 1813 756 1878 minime
769 1835 846 1879 vero
858 1837 980 1880 socors
997 1817 1042 1880 ob
1055 1815 1168 1897 deiuias,

151 1924 205 2012 qui
220 1934 350 2012 propter
361 1945 419 1988 nos
434 1943 564 1986 earnem
578 1921 699 2008 aceepit
713 1919 891 2009 patibilem.
909 1925 983 1988 Aut
1001 1925 1169 2011 curamgnit

150 2028 399 2101 universorum,
423 2025 510 2115 quod
531 2025 660 2113 quidem
678 2037 727 2090 est
746 2035 1041 2103 consentaneum,
1066 2027 1173 2093 mansit

149 2135 304 2201 Dominus
318 2134 548 2200 universorum.
564 2133 713 2198 Servatur
726 2134 812 2222 enim
827 2145 899 2198 est:
915 2158 990 2200 non
1004 2134 1109 2201 horum
1119 2137 1172 2222 qui

150 2242 223 2308 dem
239 2254 398 2316 servator.
415 2239 542 2306 iliorum
554 2263 628 2306 vero
643 2264 719 2306 non.
739 2240 802 2306 Pro
812 2264 849 2306 ea
862 2254 984 2309 autem
1001 2267 1090 2332 quam
1101 2244 1173 2308 hahet

154 2351 369 2438 unusquisque
386 2346 580 2438 aptitudine,
595 2371 689 2413 suum
704 2348 810 2414 divisit
824 2349 1051 2428 beneficium,
1064 2364 1092 2416 et
1104 2352 1171 2416 Gra-

151 2458 198 2526 eis
210 2457 397 2544 etBarbaris
406 2456 468 2546 (6),
477 2467 510 2521 et
518 2456 555 2522 iis
566 2506 575 2532 ,
588 2456 641 2544 qui
649 2479 688 2519 ex
694 2453 743 2520 his
751 2456 900 2544 praedesti
906 2439 977 2523 nati
987 2460 1105 2546 quidem
1117 2459 1169 2522 iue-

151 2579 243 2644 rant,
264 2589 323 2632 suo
341 2577 447 2631 autem
464 2575 608 2653 tempore
630 2575 702 2628 sunt
717 2565 838 2639 vocati,
857 2563 1058 2632 fidelibuset
1069 2565 1160 2630 eiectis.

151 2673 261 2762 Neque
276 2696 352 2762 ergo
363 2671 479 2760 poterit
495 2672 520 2736 is
539 2671 675 2758 cuipiam
692 2671 851 2746 invidere,
865 2673 926 2760 qui
940 2697 1052 2740 omnes
1060 2673 1164 2762 quidem

149 2804 189 2847 ex
203 2803 294 2869 aequo
309 2778 451 2845 vocavit:
466 2777 503 2843 iis
515 2789 622 2844 autem
634 2779 688 2866 qui
707 2777 821 2844 eximie
840 2779 1069 2858 crediderunt,
1080 2782 1169 2846 hono-

152 2911 203 2954 res
217 2887 329 2954 tribuit
344 2887 485 2952 eximios.
501 2885 611 2974 Neque
628 2888 667 2953 ab
683 2883 745 2951 alio
763 2885 952 2974 prohibitus
971 2913 1105 2979 unquam
1118 2889 1171 2953 iue-

153 2998 213 3074 rit,
226 2995 280 3085 qui
290 3006 338 3062 est
350 2994 493 3060 omnium
504 2994 678 3071 Dominus,
690 3005 723 3060 et
735 2994 810 3058 boni
825 2995 1117 3085 omnipotentisque
1125 2997 1171 3061 Pa-

153 3106 210 3170 tris
223 3103 376 3171 voluntati
388 3102 524 3168 maxime
534 3103 630 3167 servit
642 3101 771 3191 (7).Sed
785 3125 890 3190 neque
905 3104 942 3169 in
957 3103 1173 3192 Dominumqu'

148 3211 332 3302 impatibilis
347 3221 395 3276 est
413 3223 446 3276 et
460 3209 528 3275 sine
542 3209 699 3299 principio
714 3210 858 3298 genitus,
878 3235 1030 3300 unquam
1048 3213 1172 3279 caditin-

149 3320 252 3387 vidia:
267 3319 323 3386 sed
337 3341 396 3384 neo
411 3341 461 3382 res
476 3316 643 3383 hominum
659 3317 702 3382 ita
717 3315 858 3393 habent,
882 3330 918 3384 ut
936 3320 984 3385 eis
1000 3321 1097 3408 possit
1111 3319 1174 3384 inri-

151 3427 227 3492 dere
241 3428 406 3494 Dominus.
425 3422 512 3492 Alius
529 3436 635 3491 autem
654 3425 773 3514 estqui
797 3425 918 3490 invidet
942 3427 976 3492 in
997 3451 1092 3515 quem
1106 3425 1174 3492 cadit

151 3533 286 3600 affectio.
308 3534 372 3600 Sed
390 3555 450 3599 neo
471 3530 533 3598 dici
550 3544 655 3621 potest
669 3533 843 3599 Dominum
859 3531 947 3599 nolle
963 3535 1042 3600 dare
1059 3533 1174 3600 salutem

148 3639 291 3708 humano
306 3641 413 3730 generi
436 3651 565 3729 propter
587 3640 834 3730 ignorationem,
854 3643 943 3729 quod
970 3644 1092 3709 neseiat
1106 3663 1172 3730 qno-

147 3745 244 3816 modo
273 3747 314 3812 sit
343 3747 481 3838 gerenda
507 3771 584 3818 eura
619 3749 878 3840 uniuscujusque.
916 3749 1076 3838 ignoratio
1100 3749 1172 3816 enim

186 3887 381 3956 ’neut.m11,
395 3893 429 3954 8,·
438 3907 463 3956 9.
