2412 4596
209 727 379 813 LIBER
399 727 720 818 SECUNDUS.

20 1253 156 1342 Grecos,
185 1249 270 1325 libri
296 1257 421 1345 initio,
447 1252 644 1342 Barbarae,
675 1249 711 1324 id
732 1267 786 1325 est
806 1253 989 1362 Hebrficae

10 1367 190 1467 hilosophioe
201 1372 317 1464 fures
333 1369 525 1443 ostendere
552 1376 696 1461 nititur,
720 1371 821 1468 quod
846 1377 882 1443 in
908 1397 986 1444 ser-

10 1491 73 1556 uuis
88 1485 235 1558 decursu
254 1471 384 1586 saepius
403 1491 510 1559 iterat
531 1516 539 1558 :
567 1491 697 1560 Graecae
721 1503 842 1560 autem
863 1489 984 1562 Philo·

10 1601 88 1702 tphiae
99 1607 250 1702 seipsum
267 1630 419 1704 prorsus
431 1606 588 1678 alienum
602 1609 727 1678 asserit
737 1608 761 1676 ¹.

22 1781 89 1872 Sapo
110 1796 210 1851 cutem
235 1785 373 1852 diximus
388 1784 413 1862 ¹,
430 1809 535 1876 neque
549 1809 607 1852 uos
631 1797 665 1852 ut
684 1784 795 1852 Graece
813 1769 987 1874 'loquamur

11 1903 83 1954 unu
92 1894 281 1971 exercuisse,
294 1917 397 1984 noque
412 1895 445 1960 iu
456 1917 494 1960 eo
507 1894 649 1961 studium
664 1917 795 1984 ponere.
815 1895 886 1960 Hoc
896 1895 985 1962 enim

12 1992 165 2086 lisprudest,
186 2004 240 2093 qui
264 2001 378 2093 vulgus
394 2027 412 2070 e
427 2005 558 2070 veritato
579 2003 753 2069 abducunt.
778 2002 860 2070 Vera
877 2016 986 2072 eutem
1075 2006 1078 2020 '

10 2101 161 2198 titoophia,
182 2135 248 2178 non
274 2123 340 2179 tum
361 2111 484 2202 linguas
508 2111 724 2188 audientium,
746 2133 841 2202 quem
861 2125 985 2180 mentor

16 2226 59 2281 nt
74 2217 193 2308 Oportet
215 2233 345 2298 nutem,
367 2233 403 2286 ut
428 2221 558 2309 opinor,
578 2243 671 2298 eum,
694 2220 749 2309 qui
775 2242 883 2286 curam
906 2224 987 2311 gerit

13 2323 109 2405 sitatis,
123 2353 184 2395 non
198 2329 372 2397 artificiose
384 2342 416 2396 et
431 2328 527 2420 longo
539 2329 647 2395 studio
661 2331 987 2418 compositaorutione

13 2429 35 2505 ³⁸3
48 2436 93 2500 sed
106 2441 206 2506 conari
223 2451 351 2507 tantum
366 2439 419 2515 id,
435 2438 521 2527 quod
537 2436 623 2515 vult,
642 2437 867 2527 qualicumque
881 2450 987 2528 potest

14 2539 58 2608 odo
75 2567 229 2635 exponere.
254 2549 318 2614 Eos
335 2548 441 2624 enim,
458 2548 511 2635 qui
534 2545 655 2614 herent
676 2547 888 2623 dictionibus,
906 2558 939 2611 ct
955 2546 988 2612 in

13 2664 90 2716 nunt
101 2656 261 2745 occupati,
287 2679 337 2722 res
357 2656 431 2745 ipsae
446 2655 612 2744 effirginnt.
632 2656 737 2743 Atque
754 2653 898 2745 agricolae
912 2655 989 2744 qui·-

11 2773 45 2822 tm
60 2773 99 2828 cst
118 2765 298 2855 proprium,
320 2787 445 2842 rosam,
466 2787 536 2852 quae
554 2764 587 2830 in
608 2763 703 2852 spinis
723 2765 882 2840 nascitur,
905 2765 986 2831 citra

12 2883 75 2932 cutm
88 2893 209 2962 carpere
227 2897 235 2939 ε
256 2871 401 2938 similiter
415 2884 448 2937 et
464 2871 612 2948 artificis,
639 2895 729 2948 eam,
752 2895 821 2960 quie
838 2873 871 2937 in
892 2871 989 2937 ostrei

12 2993 63 3040 tue
79 2979 185 3049 infossa
199 2994 270 3059 cst,
293 2983 496 3072 margaritam
515 2981 666 3048 invenire.
691 2981 874 3062 Quinctium
898 2981 986 3046 aiunt

12 3075 86 3152 ‘fluas
106 3110 228 3180 quoquc
249 3113 379 3157 curnem
401 3089 520 3156 hebere
543 3082 774 3167 suavissimuni,
797 3088 927 3177 quando
942 3088 988 3153 cis

12 3209 39 3254 tu
50 3197 177 3286 copiosus
191 3200 351 3290 appositus
369 3199 464 3266 fuerit
487 3199 598 3276 cibus,
616 3199 672 3264 sed
695 3199 769 3288 ipsae
787 3197 921 3286 pedibus
938 3197 989 3262 so-

13 3293 99 3379 iitos,
115 3331 186 3373 cum
203 3307 313 3376 labore
328 3307 513 3375 alimentum
529 3305 690 3397 colligunt.
710 3308 743 3374 si
758 3307 827 3396 quis
844 3329 921 3395 crgo
938 3327 992 3370 ve-

13 3405 132 3480 initium
149 3415 408 3506 contemplationi
425 3417 567 3493 deditus,
593 3416 680 3506 cupit
694 3416 726 3481 in
744 3413 852 3480 multis
871 3413 992 3502 probu-

13 3507 96 3596 tibus,
107 3522 350 3614 iisqqurtecis,
363 3527 415 3603 id,
427 3524 514 3616 quod
525 3548 635 3591 rerum
648 3536 694 3591 est
705 3576 713 3601 ,
726 3523 890 3614 persequi,
902 3523 990 3589 haud

13 3615 117 3695 iuimilis
129 3632 187 3699 erit
198 3635 244 3711 ei,
257 3635 311 3725 qui
323 3658 433 3701 verum
445 3633 568 3701 vultum
583 3631 677 3699 larvis
693 3635 857 3700 obtectum
873 3633 990 3700 discer-

23 3753 231 3840 ¹Ptg.tnpetscq.
272 3801 278 3826 ι

21 3843 90 3905 'tue
99 3859 125 3908 n.
136 3863 247 3928 carrion,
257 3881 270 3912 ι
280 3861 407 3930 puniit,
420 3881 498 3931 unque
508 3864 538 3914 ad
549 3861 674 3930 rar-39⁶·
