2412 4596
300 173 487 254 eunomus
510 211 570 254 ιιι.
599 213 633 256 ιι.
703 273 706 280 1
944 195 986 278 75

23 369 52 415 ss.
68 346 134 416 Sine
146 346 206 412 fido
226 357 329 415 autem
346 345 541 435 impossibiie
560 359 609 414 est
634 347 701 412 Deo
714 345 841 436 phoere
853 349 902 415 ’.ι
925 347 987 418 Alii

23 469 88 534 um,
103 455 144 521 rei
162 478 224 521 non
241 455 419 545 apparentis
439 455 603 521 unientem
619 455 832 522 assensionem
846 456 988 553 tradide-

23 577 113 632 uersa
127 563 217 628 iidem
233 587 242 628 :v
255 564 336 630 siout
352 562 675 639 demonstrationem,
691 563 757 639 rei,
774 586 846 652 quaa
861 564 989 653 ignore

23 697 41 750 ι,
60 672 223 738 evidentem
246 672 469 739 assensionem.
487 672 521 738 Si
534 672 578 737 sit
590 672 697 762 itaque
713 670 888 740 voluntaria
902 671 990 740 eiec-

26 831 34 858 ,
47 780 286 870 quandoquidem
302 777 421 870 aliquid
436 781 574 876 appetit,
596 792 683 850 certe
702 780 852 870 appetitio
872 793 923 846 est
938 781 989 848 in·-

23 875 119 956 tuive.
139 889 295 970 Quoniam
311 901 418 956 autem
434 889 570 956 actionis
593 889 789 978 principium
810 901 859 954 est
873 886 989 957 eleetio

23 997 140 1074 notaria,
167 997 309 1086 sequitur
332 996 430 1064 fidem
451 1019 521 1063 esse
538 997 731 1086 principium
743 996 899 1074 aetionis,
919 1021 990 1086 quas

23 1103 189 1170 ilementum
205 1117 253 1171 est
274 1105 440 1196 prudentis
463 1103 648 1182 electionis,
664 1103 771 1196 aliquo
786 1107 815 1170 ei
830 1105 917 1194 prius
931 1129 990 1195 per

23 1235 60 1278 cm
74 1212 249 1280 ostendente
269 1213 584 1292 demonstrationem.
610 1214 762 1280 Libenter
778 1225 885 1280 autem
900 1215 990 1304 sequi

23 1331 145 1410 appetere
160 1321 210 1398 id,
235 1322 324 1411 qued
339 1334 388 1388 est
403 1321 499 1398 utile,
517 1333 565 1388 est
587 1323 780 1413 principium
797 1322 986 1412 prudentias.

23 1446 177 1518 nmugnum
187 1443 388 1496 momentum
399 1428 884 1520 adeognitionemafferteleotio
895 1430 990 1498 firma

23 1535 188 1603 ircuueussa.
208 1539 325 1606 Statim
338 1539 434 1628 igitur
445 1538 519 1616 fidei
534 1539 699 1607 meditatio
710 1538 748 1604 tit
760 1539 912 1616 seientia,
931 1552 992 1608 sta·

23 1643 128 1712 iinnixa
148 1647 367 1714 fundamento.
386 1648 559 1714 Scientiam
574 1649 660 1714 enim
678 1647 990 1736 definiuntphiluso-

23 1751 46 1826 i,
58 1751 187 1819 habitum
203 1779 221 1821 a
237 1756 361 1821 ratione
375 1756 429 1842 qui
444 1755 653 1824 transmoveri
672 1779 738 1822 non
757 1767 872 1844 potest.
892 1757 991 1824 Estne

23 1858 147 1950 patiquis
163 1860 242 1928 alius
257 1864 416 1952 ejusmodi
432 1886 526 1930 serus
539 1874 640 1949 atauus
654 1863 800 1952 pietatis,
817 1864 909 1953 cujus
923 1863 991 1932 sola

23 1977 28 2030 t
47 1971 165 2058 magistra
187 1970 295 2037 ratio?
317 1971 388 2038 Non
409 1993 470 2060 ego
493 1970 622 2059 quidem
650 1971 798 2037 arbitror.
830 1970 991 2040 casarum

23 2075 177 2164 uophrustus
194 2079 296 2156 dicit,
312 2102 440 2149 sensum
455 2101 523 2145 esse
539 2077 614 2146 tidei
631 2078 836 2168 principium.
857 2079 887 2146 ls
903 2081 990 2149 enim

23 2185 101 2276 ueipia
115 2188 226 2256 rationi
240 2199 277 2254 et
297 2187 473 2257 intellectui
489 2201 601 2254 nostro
613 2185 805 2277 suppeditat.
826 2188 891 2268 Qui
908 2189 990 2256 diri·

24 2313 88 2382 ¹crgo
100 2295 271 2386 scripturis
285 2295 379 2362 firmo
389 2296 516 2388 judicio
530 2295 653 2373 credit,
671 2295 989 2373 demonstrationem,

32 2406 186 2473 contradici
198 2407 332 2496 nequit,
345 2407 403 2473 Dei
415 2404 554 2482 soilioet,
568 2405 624 2496 qui
635 2404 817 2494 Scripturas
828 2405 921 2470 uobis
933 2405 992 2472 de·

25 2534 169 2592 ,rooem,
192 2515 322 2603 accipit.
350 2516 397 2581 its
417 2514 498 2580 fides
522 2537 582 2604 per
605 2513 910 2580 demonstrationem
933 2513 992 2580 fir·-

25 2619 113 2687 trtien‘
123 2623 245 2714 nequit.
265 2622 377 2690 «Beati
392 2624 519 2711 itaque,
536 2622 590 2712 qui
607 2645 672 2688 non
688 2620 856 2698 viderunt,
870 2633 903 2689 et
917 2646 990 2690 ere·
1098 2631 1101 2637 '

25 2723 118 2795 derunt
131 2729 171 2797 ².»
191 2733 241 2799 Ao
255 2732 404 2799 Sirenum
420 2732 549 2821 quidem
566 2743 695 2808 cautus,
706 2731 736 2797 ri
748 2729 916 2820 plusquam
930 2730 990 2801 hus

26 2857 52 2900 ua
64 2859 129 2916 eos,
145 2841 246 2928 quiin
263 2863 315 2907 eas
330 2839 527 2917 inciderant,
545 2840 861 2929 obstupefaciebant,
879 2851 915 2906 ut
929 2863 987 2917 ea,

26 2945 250 3027 cdicehantur,
276 2949 478 3039 exciperent,
500 2949 734 3040 propemodum
759 2947 874 3014 inritos
890 2948 985 3014 indu·

27 3061 71 3119 rte.

27 3205 636 3311 i'.ltejeetisValentiniBasilidisque
644 3217 870 3301 commentis,
878 3210 988 3284 fidem
1031 3271 1033 3276 .

28 3323 117 3398 nibus
142 3344 370 3426 competere,
393 3344 431 3400 et
449 3331 556 3399 certis
576 3331 643 3398 niti
662 3325 907 3398 fundamentis
924 3324 990 3398 de-

28 3447 162 3512 nstrat⁸z
187 3483 189 3490 ν

29 3577 62 3646 ius
71 3596 190 3663 summ,
208 3587 261 3674 qui
278 3585 414 3658 liberam
427 3597 617 3676 potestatem
630 3583 767 3678 eligendi
780 3597 815 3664 et
830 3584 948 3652 nundi
964 3609 983 3654 a

30 3741 383 3811 flen11,r,s,6.—'Josn·
398 3765 501 3815 ¹¹229·
524 3767 534 3780 ‘

30 3833 215 3904 isptdtetseq.
