2412 4596
174 207 213 270 7²
485 182 658 250 cunuaurrs
683 207 893 250 suerranum

172 325 325 392 roborant
340 323 642 404 demonstrationes,
661 327 852 416 firmantque
868 351 906 394 ae
922 327 1048 392 fundant
1061 329 1172 396 ratione

174 433 453 512 demonstrativas,
468 448 623 526 quatenus
633 459 764 512 eorum,
776 448 928 525 tanquam
938 437 1096 524 juvenum,
1106 459 1174 502 marr

173 553 222 607 tes
238 540 342 607 adhue
357 543 498 631 pendent
512 543 672 610 instabiles
689 549 771 611 ae're.
791 547 963 612 «Luoema
972 567 1045 633 ergo
1057 556 1101 608 est
1111 567 1174 632 pru·

175 660 327 738 »ceptum
342 651 484 728 honum,
505 664 539 717 ut
557 656 621 719 oatt
634 652 796 741 Scriptura
814 677 824 717 :
841 650 892 717 lex
912 663 1017 718 autem
1033 663 1079 716 eut
1090 649 1175 717 lumea

175 756 267 822 »vite
291 781 299 827 ε
318 758 384 824 vias
399 759 485 826 enim
500 761 571 827 ritae
587 762 690 851 arguit
705 759 869 851 disciplina
878 759 926 825 ’.ι
947 761 1011 825 Lex
1034 759 1131 848 regiae
1144 771 1175 824 ot

174 864 309 931 omnium
329 867 505 933 mortalium
525 879 555 934 et
570 869 803 948 immortalium,
826 869 929 957 inquit
950 867 1106 936 Pindarus.
1128 868 1174 956 Ego

176 985 283 1039 autem
302 998 360 1064 per
377 974 448 1042 haeo
465 999 558 1054 euru,
584 978 638 1066 qui
658 977 760 1068 legem
777 975 868 1056 tulit,
899 974 1037 1066 intelligo
1058 989 1112 1042 :et
1130 977 1174 1040 lle·

176 1082 319 1148 siodeum
335 1081 414 1150 illud
429 1085 551 1152 dictum
567 1086 688 1176 accipio
701 1086 741 1153 de
752 1087 821 1168 Deo
833 1086 1051 1153 universorum
1061 1134 1071 1160 ,
1081 1083 1173 1149 etiama'

176 1212 217 1254 ex
230 1191 417 1280 conjectura
430 1216 447 1259 a
458 1193 554 1262 Poeta
568 1195 690 1278 dictum
707 1207 777 1272 est,
798 1217 863 1262 non
881 1206 988 1262 autem
1006 1217 1045 1260 ex
1061 1213 1174 1280 comprs-

175 1297 344 1368 honsione:

294 1436 443 1515 ¹Humano
458 1459 558 1534 generi
569 1457 618 1517 lex
628 1475 757 1535 namque
769 1468 816 1516 est
827 1455 935 1516 alere
951 1455 1027 1529 lata,

297 1533 398 1614 Pisces
412 1567 502 1634 atque
513 1557 584 1616 lerae
596 1557 794 1636 volucresque
804 1576 858 1637 per
869 1558 937 1616 airu
952 1568 1055 1616 nantes

297 1656 371 1716 Sese
386 1667 419 1714 ut
431 1670 612 1717 consumant
626 1681 633 1716 ι
645 1677 714 1716 nam
727 1659 775 1736 jue
786 1661 902 1718 nescire
913 1669 1065 1739 putentur.

298 1760 351 1816 Ast
363 1756 522 1818 hominum
537 1763 639 1839 generi
653 1761 701 1836 jus
709 1801 720 1834 ,
734 1779 782 1820 res
793 1759 1019 1843 pulcherrima,
1035 1759 1123 1818 ausit.

8 1923 13 1940 '
79 1937 85 1955 ’
178 1936 252 2006 Sive
273 1958 350 2026 ergo
372 1933 549 2004 naturalem
576 1933 696 2026 legem,
727 1959 798 2024 quae
827 1948 876 2001 est
896 1960 959 2002 una
981 1959 1056 2001 oum
1078 1921 1201 2024 gener-l

174 2045 284 2119 tiones
302 2044 367 2111 siro
377 2065 450 2110 eam
465 2043 570 2120 dicat,
585 2066 655 2132 quae
665 2054 774 2132 postea
789 2043 862 2111 data
878 2055 945 2121 est,
964 2065 1074 2110 verum
1086 2067 1103 2108 a
1113 2042 1169 2114 aaa
1199 2101 1201 2128 ἶ

179 2165 212 2218 ot
227 2163 348 2218 naturae
363 2164 396 2218 et
414 2149 586 2240 disciplinae
609 2175 672 2220 una
693 2149 868 2240 eadamque
889 2163 937 2218 ost
960 2149 1035 2217 lex:
1055 2162 1090 2216 ut
1106 2149 1163 2215 utin
1199 2151 1201 2198 l

179 2255 270 2325 Plato
280 2257 314 2322 in
325 2255 455 2345 politico
471 2256 547 2322 dicit
563 2279 662 2322 unum
676 2254 884 2346 legislatorem
901 2280 909 2322 :
923 2256 957 2321 in
971 2254 1091 2346 legibus
1099 2266 1166 2321 rum

181 2385 282 2428 unum
305 2385 343 2428 ea
365 2384 434 2450 quae
457 2361 500 2427 ad
519 2360 674 2428 musicam
698 2361 862 2451 pertinent,
880 2359 1120 2432 intellecturum
1134 2377 1171 2446 pst

178 2469 251 2538 haee
268 2469 385 2536 docens
401 2493 502 2536 unum
516 2492 584 2536 esse
599 2469 727 2558 Logon‚
743 2481 776 2537 et
790 2470 894 2538 Deum
910 2493 1023 2536 unum.
1038 2469 1124 2536 llum
1134 2489 1174 2532 aa·

180 2591 247 2648 tem
270 2579 395 2646 uidetur
417 2581 589 2648 Dominum
608 2578 784 2670 appellare,
801 2576 1172 2655 coenatiunculam

180 2689 262 2758 Ecce
273 2712 345 2778 ego,
364 2691 485 2766 dicens,
498 2688 595 2782 soedus
605 2711 702 2755 meum
714 2687 837 2756 uocauit
857 2688 938 2757 Nam
949 2701 1040 2756 antea
1050 2684 1173 2760 dimo

182 2799 241 2865 dus
252 2799 356 2888 ipsum
372 2823 436 2866 non
452 2823 520 2866 esse
535 2798 741 2888 quaerendum
754 2799 788 2865 iu
802 2799 966 2888 Scriptura
980 2809 1048 2864 :est
1060 2793 1171 2863 animle

182 2908 263 2986 dus,
293 2909 381 2998 quod
394 2909 480 2975 Deus
500 2909 628 2985 statuit,
651 2909 705 2997 qui
724 2919 775 2974 est
787 2919 879 2974 autor
897 2907 1043 2974 universi.
1057 2907 1126 2974 lieet
1137 2923 1170 2966 tt*

181 3029 248 3085 tem
272 3019 382 3084 Graeoe
396 3023 459 3089 Θίος
474 3017 593 3093 dotus,
612 3021 681 3099 παρὰ
692 3023 738 3081 τὴν
751 3023 826 3078 θέσιν
839 3015 903 3084 hoo
917 3029 983 3098 est,
1001 3040 1037 3082 eu
1047 3012 1168 3102 poritt'ort

182 3138 216 3192 ot
231 3127 362 3204 ordine,
379 3151 434 3192 seu
452 3126 688 3193 constitutione.
708 3126 745 3192 ln
762 3125 846 3192 Petri
867 3137 973 3194 autem
992 3120 1165 3213 pradicahn

182 3235 339 3303 inveneris
361 3235 534 3302 Dominum
556 3235 662 3302 vocari
681 3235 797 3325 Legem
813 3247 845 3299 et
864 3234 984 3324 Logou.
1009 3223 1164 3316 Verumpt'r

183 3367 255 3410 mus
285 3344 510 3420 Gnosticorum
536 3343 712 3410 seeundum
738 3365 844 3410 veram
869 3340 1089 3432 philosophiam
1107 3355 1168 3401 oan-

182 3454 408 3538 meutatiorum
419 3453 616 3520 Stromateus
627 3451 682 3518 hic
694 3452 888 3520 terminetur.

222 3601 315 3654 'Pron
326 3623 364 3669 rr,
381 3603 424 3657 ud.
436 3603 486 3644 -¹
497 3607 560 3655 Gen.
573 3623 644 3668 xvrr,
664 3615 688 3662 4.
