2738 4628
473 297 598 351 cottum
622 307 769 352 ununsss.
1098 287 1136 350 25

79 430 123 484 est
137 418 244 484 earnis
260 430 297 484 et
316 423 496 511 sanguinis
512 421 791 510 nomine3'aliquid
806 422 1016 512 quidem,'uti
1034 422 1139 488 homi-

79 549 149 592 nem
158 529 231 614 ejus
243 539 421 597 statueret
436 531 577 617 (etenim
590 534 655 622 ipse
667 534 871 622 semetipsum
882 531 1001 600 Filium
1014 530 1141 602 dicebat

77 637 246 726 hominist
266 636 408 728 aliquid
424 652 550 719 autem,
566 644 611 708 uti
626 641 760 708 salutem
771 642 875 708 camis
886 652 1001 708 nostras
1018 639 1138 706 coufir-

82 763 189 813 msret.
203 748 236 814 Si
251 751 353 815 enim
372 759 447 818 non
463 752 687 820 haberet'caro
702 752 827 830 salvati,
841 773 1042 840 nequaquam
1058 749 1139 818 Ver-

88 860 161 924 bum
172 860 226 926 Dei
245 883 333 927 caro
353 861 487 929 sactum
501 875 586 930 esset
594 888 604 939 ς
615 875 651 928 et
664 865 691 929 si
706 887 772 930 nou
787 864 919 930 haberet
933 861 1059 951 sanguis
1074 861 1139 949 jus-

91 984 190 1038 torum
202 973 345 1060 inquiri,
366 999 575 1065 nequaquam
590 977 775 1066 sanguinem
793 975 955 1046 habuisset
968 973 1132 1040 Dominus.

87 1080 149 1145 sm
160 1081 316 1170 quoniam
343 1087 395 1150 ab
418 1085 509 1152 initio
530 1085 645 1152 vocalis
665 1099 713 1152 est
734 1087 874 1175 sanguis,
889 1085 976 1151 Deus
997 1083 1039 1149 ad
1056 1081 1135 1150 Csiu

88 1189 170 1267 dixit,
184 1213 260 1257 cum
277 1193 468 1261 occidisset
478 1195 607 1263 fratrem
619 1219 711 1262 suum
726 1218 735 1261 ε
749 1193 844 1262 «Vox
857 1193 1016 1282 sanguinis
1031 1191 1135 1278 Datria

84 1329 96 1362 ι
109 1303 152 1366 tui
165 1301 290 1369 clamat
305 1305 355 1371 ad
371 1327 429 1372 me
437 1303 460 1369 ¹.
479 1333 494 1368 s
510 1305 551 1370 Et
565 1306 713 1394 quoniam
728 1305 862 1372 haberet
875 1303 997 1394 exquiri
1008 1302 1134 1392 sanguis

79 1411 235 1500 ipsas-tun,
259 1413 350 1480 dixit
375 1414 419 1480 ad
434 1437 490 1480 cos
514 1415 568 1503 qui
585 1416 668 1481 cinea
684 1415 752 1483 Noe
766 1425 879 1480 etant:
897 1442 911 1476 ι
928 1413 1129 1484 Etenimvet·

80 1548 93 1580 ι
107 1533 195 1588 trum
205 1525 411 1614 sanguinem
427 1525 608 1593 animarum
619 1539 794 1594 vestrarum
808 1526 973 1616 exquiram
987 1523 1078 1590 illum
1093 1524 1133 1590 de

82 1655 208 1699 »manu
230 1637 388 1702 omnium
411 1635 619 1702 bestiarum².
638 1639 705 1704 'Et
719 1638 836 1704 iterum
853 1659 862 1702 ε
879 1635 972 1714 «Qui
992 1632 1135 1700 effundet

82 1744 304 1832 sanguinem
317 1744 486 1821 hominis,
502 1769 560 1835 pro
579 1745 730 1834 sanguiue
751 1746 821 1834 ejus
842 1743 1036 1810 effundetur.
1057 1741 1134 1808 ‚si-

85 1849 204 1918 militer
218 1865 330 1919 autem
351 1865 390 1919 et
409 1853 566 1921 Dominus
588 1853 638 1920 his
656 1856 711 1945 qui
733 1855 894 1922 habebant
913 1855 984 1943 ejus
1005 1853 1133 1943 saugui-

91 1983 170 2026 nem
186 1963 353 2029 effundens
372 1963 503 2030 dicebat
514 1987 524 2030 z
537 1964 752 2052 «Exquiuetur
762 1963 866 2031 omnis
877 1963 1003 2053 sanguis
1014 1964 1131 2051 justus,

101 2097 115 2130 ι
130 2093 186 2157 qm
198 2071 368 2138 effunditur
381 2094 481 2161 super
500 2083 661 2148 terrama
677 2072 828 2162 sanguine
842 2071 923 2140 Abel
936 2074 1013 2162 justi
1034 2094 1132 2161 usque

101 2181 171 2246 sad
193 2183 372 2272 sauguinem
392 2181 560 2249 Zachariae
581 2181 637 2248 filii
659 2184 834 2262 Batanaia,
854 2207 950 2274 quem
970 2180 1131 2257 occidistis

95 2289 211 2356 »iuter
225 2288 389 2380 Templtun
403 2301 439 2356 et
453 2288 555 2355 altare
573 2313 582 2354 ε
599 2289 695 2356 etiam
710 2291 782 2359 dico
802 2292 902 2368 vobis,
919 2291 1046 2357 venient
1059 2311 1131 2355 om-

93 2399 171 2464 nnia
192 2399 252 2466 ista
271 2423 369 2490 super
392 2401 635 2490 generationem
653 2399 786 2474 istaml3
809 2396 1132 2489 »recapitulationem

89 2508 254 2577 effusionis
268 2511 432 2599 sanguinis
447 2512 486 2577 ah
503 2511 593 2576 initio
609 2511 753 2576 omnium
769 2510 929 2598 justorum
945 2518 977 2574 et
989 2507 1133 2597 Prophe·

88 2630 196 2685 tarum
216 2621 252 2686 iu
274 2619 483 2708 semetipsum
503 2619 643 2684 futuram
662 2619 821 2696 indicans,
840 2631 874 2684 et
888 2616 1132 2706 exquisitionem

10 2778 14 2787 .
87 2730 253 2820 sanguinis
273 2731 417 2818 ipsorum
431 2753 489 2818 per
503 2731 718 2820 semetipsum.
738 2732 808 2799 Non
824 2743 931 2797 autem
946 2729 1130 2818 exquiretu-

85 2853 140 2906 tm·
155 2842 236 2918 hoc,
256 2841 319 2906 nisi
336 2851 369 2906 ct
384 2839 496 2908 salvari
512 2841 643 2908 liaberet
658 2864 667 2906 ε
686 2841 796 2908 necin
817 2840 1023 2930 semetipsum
1039 2859 1130 2906 reca-

85 2948 244 3038 pitulatus
259 2960 345 3015 osset
365 2949 434 3016 haec
452 2950 620 3027 Dominus,
640 2951 700 3016 uisi
718 2963 751 3016 et
773 2951 840 3038 ipse
860 2971 935 3016 cauo
950 2961 983 3017 et
1002 2948 1128 3037 sanguis

86 3059 273 3144 secundum
297 3057 505 3148 principalem
525 3056 766 3148 plasmationem
787 3057 890 3125 suctus
914 3057 1042 3132 suisset,
1066 3054 1129 3121 sal·

85 3191 169 3234 vens
187 3169 221 3233 in
243 3167 416 3256 semetipso
431 3167 464 3236 iu
479 3165 544 3236 linc
556 3165 637 3234 illud
653 3168 739 3256 quod
753 3169 892 3258 perierat
913 3166 947 3231 in
968 3163 1126 3256 principio

85 3277 122 3342 iu
136 3275 252 3344 Adam.

10 3445 11 3450 ,
96 3372 118 3404 “
148 3385 185 3452 Si
206 3397 315 3452 autem
340 3385 383 3451 ob
405 3382 500 3452 aliam
521 3385 691 3474 quamdam
716 3384 953 3475 dispositionem
970 3383 1125 3452 Dominus

8 3526 11 3646 l

86 3499 274 3562 incarnatus
289 3507 350 3572 est,
366 3507 455 3560 etex
469 3493 566 3561 altera
581 3495 756 3562 substantia
779 3516 908 3561 earnem
926 3494 1043 3572 attulit,
1059 3518 1125 3562 non

10 3659 11 3690 p
85 3630 166 3697 ergo
180 3607 214 3673 iu
229 3607 437 3698 semetipsum
452 3606 676 3696 recapitulatus
692 3619 739 3674 est
759 3630 794 3674 se
811 3607 972 3675 hominem
991 3631 1000 3672 ε
1019 3609 1124 3677 adhuc

8 3719 12 3855 'l
88 3720 185 3783 etiam
199 3740 261 3783 nec
271 3739 349 3783 caro
363 3715 497 3806 quidem
515 3716 577 3782 dici
594 3727 709 3806 potest.
729 3716 810 3782 Caro
823 3717 910 3784 enim
926 3739 998 3784 vere
1013 3718 1123 3807 primas

10 3855 12 3922 l
90 3827 302 3916 plasmationis
314 3825 420 3895 elimo
434 3826 514 3892 lacta
526 3837 575 3893 ost
586 3828 753 3896 successio.
768 3827 801 3895 Si
814 3843 967 3895 automex
979 3827 1039 3894 alia
1050 3831 1122 3895 suh·

123 3961 132 3994 ¹
145 3961 233 4012 Ganos.
241 3977 277 4022 n,
292 3975 331 4010 ιο.
340 3987 371 4000 -
381 3957 394 3992 ²
404 3957 470 4008 ibid.
482 3975 517 4019 tx,
530 3961 554 4020 5,
566 3959 590 4008 6.
603 3987 633 3999 -
645 3958 654 3995 ⁸
664 3959 726 4011 Luc.
739 3978 772 4022 n,
783 3963 822 4023 io,
833 3968 857 4014 et
868 3959 958 4012 llatth.
971 3977 1044 4022 xxm,
1054 3961 1092 4013 ’δᾶ
