2522 4608
336 285 536 340 rnorcoeus,
559 286 621 332 mr.
649 285 683 330 n.
815 351 821 360 ι
967 267 1028 346 545

25 427 127 474 omos.
141 401 233 484 Quod
246 402 271 468 si
285 414 334 467 est
344 403 441 468 etium
456 401 575 491 aliquid
590 391 848 488 conocdo'ndum,
861 402 960 469 odore
971 400 1032 470 llo-

26 541 84 582 rum
103 514 144 580 uti
165 513 288 590 sufficit,
307 536 510 604 nequaquem
526 526 634 582 autom
652 524 846 580 coronentur
865 535 873 577 ι
895 513 1034 581 hominis

26 626 95 694 euim
109 647 212 690 curam
233 623 314 713 gerit
333 623 441 700 Potor,
463 625 493 690 ci
515 623 572 690 soli
594 625 755 714 propriam
777 635 878 690 artem
899 626 1030 712 praebet.

27 736 94 801 llicit
108 735 208 822 itaque
224 734 388 822 Scriptura
410 758 444 798 :r
461 735 552 823 llquu
568 747 600 800 ct
615 735 708 824 ignis,
728 747 762 799 et
778 733 910 812 serrum,
923 747 955 800 ot
971 733 1035 810 loc,

27 841 133 910 ‚similo
147 843 309 917 frumenti,
324 855 357 908 ot
373 841 450 920 mel,
466 845 593 932 sanguis
605 866 687 921 uvae,
703 855 736 909 et
750 841 870 920 oleum,
882 855 915 909 et
927 838 1037 921 nostis,

29 956 104 1021 »hnc
117 955 215 1020 omnia
227 955 286 1043 piis
298 953 340 1020 ad
353 957 438 1022 bonu
450 955 554 1022 sunt¹.
573 983 585 1018 ι

404 1185 558 1256 CAPUT
580 1187 642 1254 lX.

237 1388 381 1469 Quomodo
391 1410 422 1448 se
431 1389 461 1448 in
470 1411 565 1449 somno
571 1409 666 1468 gerere
678 1402 804 1465 oporteat.

68 1583 221 1664 Quomodo
237 1597 344 1652 nutem
360 1584 517 1675 'deinceps
527 1606 586 1650 nos
598 1584 638 1651 ed
657 1606 805 1650 somnum
823 1582 1038 1659 conseramus,

33 1695 181 1764 sobrietatis
191 1707 426 1786 praeceptorum
438 1717 608 1772 memores,
623 1695 689 1784 jem
702 1695 873 1764 dicendum
884 1705 942 1760 est.
952 1693 1040 1759 Post-

33 1828 109 1894 quam
126 1805 219 1884 euim,
240 1805 331 1872 finito
346 1806 503 1880 convivio,
522 1805 589 1872 Dco
608 1805 876 1878 benedixerimus,
899 1793 985 1893 quod
1002 1827 1040 1868 ea

34 1915 260 2004 participorimus
275 1939 347 2005 quae
361 1915 620 2006 suppeditaverit,
636 1927 669 1982 et
688 1924 724 1982 ut
749 1939 823 1982 eum
838 1916 923 1981 diem
938 1913 1039 1980 solici-

37 2033 79 2086 ter
87 2026 352 2090 transmitteremus
374 2023 578 2100 concesserit,
595 2024 686 2090 nohis
702 2023 915 2092 convertenda
930 2035 978 2088 est
996 2021 1037 2088 ed

37 2152 160 2200 somnum
172 2136 268 2201 oratio
289 2158 298 2199 τ
318 2145 490 2200 stratorum
504 2132 785 2222 magnificentiam,
798 2131 943 2222 pulvinos
959 2155 1040 2198 auro

36 2239 204 2320 intertextus,
215 2266 358 2332 auroque
369 2244 540 2332 variegatus
552 2240 689 2332 glabras,
702 2242 866 2332 stragulae,
880 2243 1043 2332 puniceus-

37 2371 89 2436 qne
100 2352 235 2439 xystislas,
250 2365 283 2418 et
298 2353 538 2441 pretiosissimus
553 2375 723 2442 gaunecus,
742 2365 774 2418 et
791 2354 913 2442 poetica
926 2377 1044 2442 purpu-

35 2481 79 2524 res
90 2457 182 2550 pollio,
197 2474 364 2551 vestesque
380 2485 515 2552 superno
527 2461 638 2529 molles
650 2485 688 2529 ec
705 2461 867 2542 delicatos,
883 2475 916 2529 ct
928 2462 1057 2532 cubilia.

34 2567 139 2660 relipso
146 2595 254 2640 somno
265 2571 409 2639 molliora
417 2573 520 2640 volere
532 2575 727 2662 jubentibus.
739 2574 820 2642 Nom
831 2587 1044 2665 praeterquom

34 2679 105 2768 quod
115 2681 325 2772 vituperandae
339 2683 403 2749 sint
423 2683 556 2761 delicias,
571 2685 605 2751 in
627 2684 818 2776 lanuginosis
833 2685 948 2776 plumis
969 2686 1047 2772 dor-¹

34 2790 98 2855 mire
116 2805 160 2858 oct
171 2795 320 2872 noxium,
335 2807 486 2885 tunquam
497 2797 530 2862 in
543 2809 664 2864 rustum
675 2800 846 2886 quemdum
857 2799 980 2866 hictum
993 2799 1045 2864 in-

36 2899 189 2971 cidentibus
201 2905 403 2995 corporibus,
415 2919 545 2997 propter
559 2920 730 2975 stratorum
741 2908 917 2977 mollitiem.
932 2909 1042 2999 Neque

35 3011 105 3078 enim
120 3036 168 3080 eos
182 3015 237 3106 qui
251 3016 285 3082 in
296 3016 343 3081 cis
354 3027 520 3082 versentur
529 3030 563 3082 et
573 3017 736 3084 dormiunt
754 3019 931 3093 continent,
951 3041 1043 3106 prop·

36 3125 211 3212 tcrerquod‚
229 3137 515 3215 exutruquepartc
530 3127 684 3216 corporis,
697 3125 1045 3216 cubileaggerieinstor

36 3249 176 3326 resurget:
190 3260 295 3326 nequo
311 3247 347 3301 ut
362 3236 426 3302 cibi
442 3250 682 3326 concoquantur
697 3237 899 3328 permittunt,
918 3236 974 3302 uod
992 3259 1047 3325 po-

37 3341 89 3408 tius
104 3345 285 3422 incendunt,
307 3346 395 3435 quod
409 3347 539 3437 quidem
552 3347 785 3412 nutrimentum
803 3345 988 3433 corrumpit.
1009 3345 1047 3412 ln

14 3457 16 3462 ’
38 3447 124 3538 plenu
132 3469 233 3523 nutem
245 3467 279 3524 et
289 3456 420 3569 aequetrs
436 3455 593 3526 cubilibus
605 3457 787 3531 decubitus
798 3479 852 3544 qur
864 3466 938 3520 cunt
946 3475 1049 3524 somus

38 3560 120 3628 veluti
136 3566 275 3634 naturale
291 3537 506 3656 gymnasium,
525 3567 568 3632 od
587 3568 820 3634 nutrimentum
841 3547 1048 3656 digerendum

39 3672 194 3742 conferunt.
216 3676 281 3756 Qui
301 3688 409 3742 autem
433 3689 566 3766 possunt
584 3677 616 3742 in
635 3674 704 3741 uliis
721 3674 855 3744 volutari
877 3676 1048 3750 cubilibus,

40 3784 126 3850 somni
138 3785 237 3882 veluti
250 3785 394 3854 naturale
414 3787 475 3853 hoc
491 3786 646 3853 habentos
666 3786 880 3874 gymnasium,
899 3785 1049 3853 elimenta

66 3921 152 3976 ¹Rceli.
166 3943 247 3990 ιιιιι,
261 3929 302 3987 26,
317 3945 357 3994 ²7·
