2574 4628
339 287 539 334 conuersata
565 289 603 331 16
627 243 755 332 carras
1002 265 1063 330 165

14 407 131 484 mariti,
154 409 219 494 qui
241 407 359 497 Sponsi
382 408 614 480 meminerunt;
633 407 730 472 servis
750 406 889 496 denique
905 406 982 472 boni
1003 406 1063 472 do-

13 519 100 594 mini,
113 519 175 607 qui
193 531 279 588 sunt
295 521 337 586 ab
351 534 492 588 extrema
508 522 658 588 servitute
677 519 814 586 liberati}
831 519 860 585 0
877 519 993 586 bestias
1009 518 1064 583 ho-
1113 536 1120 551 ‘

13 628 151 692 minibus
174 629 239 716 qui
254 630 321 728 bpc
336 653 445 697 errore
460 629 637 709 ducuntur,
650 631 824 696 beatiores!
840 629 920 711 Qnae
932 627 1065 718 quidem
1181 677 1186 688 .

13 738 143 826 perinde
156 761 202 806 ac
214 759 278 806 vos
288 740 324 805 in
338 739 534 828 ignoratione
546 752 728 813 versanturt
744 733 1065 829 nequaqnamautem
1095 763 1101 784 ¹

13 848 221 914 mentiuntur
235 850 415 916 veritatem.
433 849 520 916 lnter
531 872 584 917 ens
594 847 681 916 nulla
692 860 740 916 eat
752 847 951 916 adulatorum
962 867 1061 937 gens:

14 956 112 1044 pisces
128 958 307 1026 daemonas
328 981 395 1025 non
414 957 548 1026 colunt:
572 982 645 1025 aves
668 981 733 1025 non
755 971 947 1026 venerantur
960 957 1064 1023 simu-

16 1061 122 1132 lacra:
150 1091 266 1134 unum
283 1065 485 1134 solummodo
501 1066 621 1136 coelum
640 1068 848 1146 admiramur,
863 1091 937 1135 cum
958 1068 1064 1134 Deum

15 1176 184 1264 percipere
200 1201 267 1266 per
284 1177 446 1245 delectum
460 1178 592 1246 rationis
607 1178 738 1245 omnino
748 1191 918 1268 nequeant.
933 1176 1064 1265 11661ςί-

18 1296 69 1350 tur
92 1286 235 1354 tandem
266 1309 336 1354 non
363 1288 562 1366 erubescitis,
590 1289 678 1378 quod
700 1289 906 1379 vosmetipsos
927 1285 1065 1355 feceritis

18 1392 216 1466 animalibus
229 1397 358 1464 ratione
373 1398 556 1464 carentibus
571 1399 670 1486 magis
681 1396 926 1476 irrationabiles,
945 1399 999 1486 qui
1014 1409 1064 1464 tot

20 1519 122 1572 etates
138 1507 171 1573 in
185 1508 361 1597 impietate
376 1508 590 1576 contrivistis?
600 1507 717 1576 Fuistis
728 1509 814 1576 enim
829 1508 932 1598 pueri,
947 1507 1063 1574 deinde

21 1614 260 1694 adolescentes,
274 1617 390 1683 deinde
405 1617 550 1705 juvenes,
563 1617 678 1684 deinde
689 1617 747 1684 viri
755 1640 765 1691 ς
784 1617 859 1684 boni
872 1628 978 1684 autem
989 1616 1064 1682 bac·

23 1741 113 1794 161166
120 1729 329 1816 nentiquam.
345 1728 552 1796 Senectutem
562 1726 686 1805 saltem,
700 1751 775 1796 cnm
785 1729 850 1816 jam
863 1727 903 1793 ad
913 1705 1063 1794 occasum

24 1837 94 1904 tite
109 1839 258 1927 provecti
267 1839 356 1916 estis,
370 1838 569 1905 reveremini.
584 1837 705 1904 Saltem
719 1838 752 1904 in
763 1837 826 1906 boc
841 1849 985 1904 extremo
992 1838 1064 1904 vitre

30 1949 97 2016 bne
117 1949 306 2038 resipiscite,
329 1949 498 2042 Deumque
524 1949 704 2040 agnoscite:
728 1960 767 2014 ut
788 1948 878 2014 vobis
898 1949 970 2014 11161
991 1948 1063 2014 finis

33 2057 164 2122 initium
175 2056 281 2124 solutis
293 2069 471 2150 recuperet.
484 2057 700 2125 Consenuistis
715 2056 848 2124 incultu
864 2057 1059 2136 demonum,

33 2167 145 2232 venite
159 2169 291 2256 juvenes
309 2167 349 2235 ad
366 2167 489 2236 cultum
504 2168 562 2234 Dei
580 2191 588 2232 ε
606 2169 640 2234 16
658 2189 829 2234 numerum
843 2167 1064 2242 innocentium

31 2299 208 2368 puerorum
236 2300 287 2344 ros
307 2277 425 2346 1616161
448 2277 543 2364 Deus.
573 2277 776 2344 Atheniensis
800 2276 896 2365 igitur
923 2275 1087 2352 Solonis‚·'

31 2387 162 2477 Argivus
183 2387 354 2465 Phoronei,
375 2401 409 2454 61
430 2387 605 2478 Spartanus
625 2387 764 2476 Lycurgi
782 2385 871 2478 ¹leges
890 2398 1038 2474 sequatur
1050 2409 1061 2449 ι·

29 2497 76 2564 616
97 2510 127 2564 16
143 2498 215 2564 1166
231 2497 378 2574 ascribis,
404 2495 520 2564 colum
546 2496 677 2585 quidem
702 2495 760 2562 tibi
777 2495 881 2585 patria
899 2507 959 2571 est,
977 2495 1062 2560 11666

27 2619 130 2676 autem
143 2606 319 2697 legislator.
330 2606 404 2674 Jsm
418 2630 492 2674 vero
508 2618 664 2695 quaesunt
684 2603 768 2696 leges
778 2605 815 2670 la
830 2605 901 2673 Non
920 2605 1061 2681 occides,

25 2716 118 2786 »Non
138 2716 371 2790 maechaberis,
394 2715 524 2782 aPuero
544 2727 691 2805 stuprum
715 2738 781 2782 non
806 2715 934 2793 inseres,
956 2742 969 2776 a
991 2716 1062 2782 Non

24 2827 222 2904 rimaberis,
237 2827 310 2894 Non
322 2827 409 2894 dices
427 2825 540 2894 salsum
558 2826 805 2901 testimonium'3
819 2825 935 2918 Diliges
948 2829 1060 2895 Domi-

25 2961 131 3006 annm
144 2937 257 3006 Deum
270 2951 365 3004 tuum
382 2937 405 3002 ².
424 2965 438 3000 1
453 2937 516 3004 llas
529 2959 625 3027 porro
640 2938 767 3026 explent
782 2951 878 3026 atque
893 2939 1065 3027 perficiunt

24 3045 105 3138 leges
118 3047 186 3118 illae
201 3048 320 3114 rationi
330 3059 566 3122 consentanee,
575 3059 607 3112 et
621 3059 729 3114 sancta
739 3047 849 3123 verba,
863 3070 934 3135 quae
945 3047 977 3112 in
990 3047 1065 3134 ipsis

24 3157 195 3226 bominum
219 3158 371 3226 cordibus
400 3157 549 3245 inscripta
573 3168 647 3222 sunt
671 3180 679 3220 ε
704 3183 717 3218 a
737 3155 855 3245 Diliges
882 3157 1063 3244 proximum

24 3283 155 3348 atnum,
172 3271 259 3337 sicut
273 3267 440 3358 teipsum⁸.
456 3266 520 3332 Et:
535 3266 598 3346 Qui
606 3267 663 3336 tibi
672 3266 884 3332 verberaverit
892 3263 1063 3341 maxillam,

25 3409 38 3442 1
52 3384 162 3472 praebe
178 3393 211 3446 et
225 3378 360 3444 alteram
376 3379 399 3442 ¹.
418 3379 484 3442 Et:
501 3377 571 3444 Non
584 3377 790 3466 concupisces
810 3399 818 3439 :
840 3399 915 3442 nam
931 3374 1063 3441 11661611

27 3491 132 3559 »oltra
151 3511 252 3580 quam
273 3489 507 3578 concupiveris,
524 3489 701 3556 moecbatus
716 3511 749 3554 66
760 3487 781 3551 ⁶.
801 3486 953 3566 »Quanto
970 3488 1067 3577 igitur

26 3601 134 3670 melina
151 3600 341 3668 hominibus
352 3611 412 3675 est,
424 3600 466 3665 ab
481 3598 570 3664 initio
587 3621 656 3686 qnae
672 3621 736 3664 non
753 3609 877 3686 oportet
892 3595 975 3663 nolle
990 3621 1066 3664 con-

28 3714 202 3801 cupiscere,
220 3731 318 3798 quam
335 3708 458 3795 assequi
475 3730 544 3794 qum
559 3706 800 3794 concupiverint
811 3705 825 3770 1
837 3705 995 3774 Caeterum
1009 3730 1064 3772 vos

58 3887 67 3921 ¹
82 3887 161 3938 and.
176 3885 318 3948 11,13,14,
341 3887 378 3945 15,
393 3883 562 3934 111-111661.
575 3901 609 3941 vi,
620 3885 642 3932 5.
655 3885 745 3936 11161111.
759 3899 820 3942 sari,
832 3885 870 3948 57,
882 3881 1049 3934 etc-Utin.

28 3959 130 4024 39,616.
143 3962 269 4011 -·1.uc.
282 3977 318 4020 rr,
331 3975 369 4025 ²9·
384 3960 432 3998 -1
444 3959 534 4010 Matth-
547 3975 571 4018 1,
586 3959 622 4008 18.
