2478 4594
355 299 549 349 sraouarou
570 303 632 346 un.
659 301 737 356 ru..
995 283 1056 372 507

5 443 80 488 sese
90 421 362 512 omnipotentem,
379 436 411 490 et
421 423 525 491 divina
540 423 692 512 mysteria
703 419 850 490 didicerit
861 423 972 492 oFilio
983 427 1053 515 ejus
1119 427 1148 471 ἵ

5 531 196 621 unigenito,
216 532 488 620 quemadmodum
513 531 652 597 fueritis
675 539 771 608 ἄθεεε,
796 531 829 598 id
851 543 899 598 est
915 533 1059 624 impiusi¹

5 662 91 706 uum
110 651 184 716 ἄθεος
201 641 330 730 quidem
345 639 462 728 estqui
477 661 541 705 non
557 652 647 728 putat
662 661 730 705 asse
745 639 848 707 Deum
864 661 873 706 t
891 650 1057 731 δεισιδαίμων

5 761 146 827 autem,
162 750 225 817 hoc
246 761 315 826 est,
331 747 588 838 superstitiosus,
610 747 665 836 qui
689 747 779 813 timet
806 747 962 816 doemonia
978 773 987 816 r
1003 751 1058 838 qui

5 859 125 925 omnia
140 859 172 925 in
188 859 321 926 deorum
337 857 435 924 refert
445 879 633 932 numerum,
649 867 681 922 et
692 855 832 948 liguum,
855 869 887 922 et
898 855 1058 947 lapidem,

5 977 39 1031 et
64 967 233 1057 spiritum,
254 974 287 1033 et
301 964 467 1034 hominem
491 965 547 1052 qui
565 965 676 1032 vivite
698 965 820 1031 ratione
841 963 1008 1034 redactum
1027 967 1060 1034 iu

5 1075 213 1143 servitutem.

55 1182 101 1248 ll.
120 1183 216 1248 Fides
228 1203 304 1271 orgo
315 1191 364 1246 est
376 1201 468 1246 nosse
482 1179 606 1257 Deum',
622 1203 693 1268 que
708 1190 756 1246 est
770 1180 874 1270 prima
888 1193 959 1270 post
969 1179 1061 1248 'lidu-

5 1288 101 1355 ciam
113 1287 267 1355 doctrinae
276 1288 450 1355 Servatoris
464 1337 474 1364 ‚
488 1285 576 1353 nullo
587 1287 686 1353 modo
698 1289 815 1376 injusta
824 1288 947 1365 faoere,
964 1289 1060 1379 idque

5 1397 198 1463 existimare
215 1397 328 1462 decere
338 1395 395 1462 Dei
409 1394 614 1484 agnitionem.
629 1396 677 1460 Eo
688 1407 838 1484 respectu
851 1395 884 1462 in
897 1407 981 1463 terra
993 1398 1061 1485 qui-

5 1504 92 1569 dem
105 1527 155 1570 res
166 1517 213 1570 est
222 1503 478 1594 prestantissima
490 1502 609 1580 homo,
625 1503 679 1591 qui
694 1515 742 1568 est
753 1503 891 1592 maxima
906 1505 939 1571 in
954 1504 1059 1574 Deum

5 1611 142 1702 pietate.
166 1611 203 1677 ln
225 1610 308 1677 coelo
330 1621 439 1677 autem
458 1633 509 1677 res
530 1622 580 1676 est
600 1611 878 1699 praestantissima,
902 1611 1060 1703 Angelus,

5 1719 69 1806 qui
85 1718 157 1786 loco
172 1720 301 1808 propius
324 1730 357 1784 et
379 1719 444 1806 jam
465 1717 575 1807 purius
596 1729 645 1782 est
665 1729 792 1784 oetcrnae
813 1729 845 1783 et
869 1721 969 1786 beatae
989 1723 1060 1788 vite

5 1827 187 1916 particeps.
206 1825 438 1902 Perlectissima
454 1837 561 1890 autem
583 1833 616 1889 et
639 1827 851 1904 sanctissima,
870 1836 902 1892 ot
922 1829 1061 1896 maxime

5 1931 222 2024 principalis,
239 1937 353 2020 etquis
367 1932 504 1998 maxime
518 1929 672 2022 imperat,
688 1945 721 1998 et
734 1943 784 1998 est
801 1934 937 2002 maxime
955 1937 1059 2026 regia,

5 2054 44 2108 et
55 2041 152 2131 longe
158 2039 711 2116 beneficentissima‚estnaturaFilii
721 2091 730 2117 ‚
740 2063 810 2129 quae
822 2054 870 2108 est
885 2043 943 2109 soli
953 2046 1060 2111 omni-

5 2150 140 2241 poteuti
147 2147 479 2239 propinquissima(5).
490 2149 619 2214 Haecest
627 2148 765 2216 maxima
776 2150 1060 2243 excellentia‚quae

5 2258 125 2324 omnia
141 2257 267 2323 ordinat
276 2279 315 2321 ex
330 2253 494 2323 voluntate
508 2255 630 2332 Patris,
643 2257 806 2346 etoptimo
820 2261 976 2347 gubernat
989 2263 1057 2329 uni-

6 2385 166 2442 versum,
182 2365 338 2430 indefessa
353 2375 386 2429 et
397 2352 584 2429 inexhausta
598 2375 755 2452 potestate
767 2378 884 2432 cuncta
899 2391 1033 2457 operans
1048 2421 1057 2447 ,

6 2485 187 2564 propteroa
202 2472 290 2560 quod
305 2471 369 2560 agit
382 2491 513 2538 arcanas
529 2471 700 2560 respiciens
711 2473 868 2542 notiones.
888 2475 1060 2565 Nunquam

6 2584 103 2650 enim
120 2605 206 2649 asua
221 2581 345 2648 excedit
358 2578 486 2670 specula
501 2579 560 2646 Dei
570 2578 690 2658 Filius,
705 2589 740 2646 ut
751 2582 878 2671 quinon
887 2583 1058 2664 dindatur,

7 2713 82 2758 non
99 2691 295 2766 dissecetur,
319 2711 385 2754 non
405 2700 545 2755 transeut
559 2713 577 2754 a
592 2685 665 2754 loco
680 2689 720 2755 ad
738 2687 870 2768 locum,
893 2692 933 2758 sit
951 2707 1058 2762 autem

7 2821 144 2888 semper
155 2799 272 2886 ubique
283 2848 292 2875 ,
304 2808 336 2863 ct
349 2796 551 2862 contineatur
561 2819 718 2884 nusquam
732 2821 741 2862 τ
755 2809 840 2864 totus
851 2821 959 2878 mens,
971 2814 1058 2868 totus

7 2907 74 2974 lux
92 2918 243 2995 paterna.
259 2917 343 2970 totns
360 2903 491 2980 oculus,
509 2903 563 2994 qui
580 2905 686 2971 omnia
700 2905 805 2983 videt,
825 2909 932 2976 omnia
947 2911 1056 2989 audit,

7 3015 77 3084 scit
99 3013 226 3088 omnia,
241 3023 395 3102 potestate
414 3023 574 3078 scrutatur
595 3025 775 3103 potestates.
794 3015 831 3080 Ei
848 3017 993 3107 subjecta
1008 3031 1058 3084 est

8 3121 164 3190 universa
186 3117 298 3186 militia
318 3117 511 3208 Angelorum
533 3131 566 3185 ot
584 3122 739 3187 deorum:
760 3119 888 3200 Verbo,
903 3124 1055 3213 inquam,

8 3243 151 3322 paterno
178 3227 264 3318 quod
288 3237 429 3293 sanctam
455 3227 592 3318 suscepit
618 3227 902 3318 dispensationem,
925 3248 1057 3324 propter

8 3363 93 3407 eum
114 3338 168 3428 qui
188 3335 335 3427 subjecit.
354 3336 526 3425 Propterea
549 3336 644 3424 ipsius
662 3349 735 3404 sunt
758 3361 868 3406 omnes
883 3340 1052 3410 homines:

9 3445 143 3516 sedulii
158 3444 287 3536 quidem
302 3466 361 3536 per
373 3443 567 3534 agnitionem
582 3493 590 3520 ‚
609 3443 660 3511 alii
675 3469 750 3512 vero
766 3447 910 3515 nondum
929 3473 937 3514 r
955 3463 988 3516 et
1003 3450 1054 3519 olii

11 3556 148 3648 quidem
161 3567 196 3620 ut
207 3553 301 3622 amici
314 3605 322 3631 ,
334 3551 386 3622 olii
401 3575 476 3619 vcro
490 3564 524 3617 ut
536 3553 616 3619 servi
628 3552 756 3632 fideles,
769 3554 821 3622 alii
833 3580 906 3623 vero
919 3570 953 3624 ut
964 3561 1057 3628 ahso-

13 3666 86 3732 lute
102 3664 193 3730 servi.
220 3661 280 3728 Hic
301 3673 349 3727 est
364 3660 534 3751 magster,
551 3661 605 3751 qui
629 3662 784 3750 mysteriis
799 3665 926 3753 quidem
949 3671 1054 3737 erudit

13 3797 93 3840 eum
108 3773 161 3861 qui
173 3783 221 3837 est
235 3770 406 3838 Gnosticus
420 3794 428 3835 ε
443 3781 475 3836 et
490 3793 545 3859 spe
561 3771 644 3836 bona
661 3793 735 3837 eum
751 3772 804 3862 qui
819 3787 867 3841 est
880 3775 1004 3846 fidelis:
1022 3791 1056 3845 et

13 3881 202 3970 corrigente
218 3877 380 3968 disciplina
397 3901 454 3967 per
465 3878 653 3946 sentientem
665 3883 879 3972 operationem
890 3937 899 3965 ‚
912 3911 988 3956 eum
1000 3886 1055 3975 qui
