2738 4628
516 329 677 374 ocravrrs.
1073 311 1115 398 ⁶0

50 441 196 531 quilleqae
214 443 416 532 progressi,
432 467 530 512 oram
542 447 631 513 curvi
642 444 917 522 molliterlittoris,
930 445 991 512 iter
1006 445 1117 512 sabulis

54 551 238 630 fallentibus,
252 553 484 644 legebamus.
505 556 563 622 llae
574 554 685 622 sabulae
695 567 787 622 erant
798 555 921 624 Octavii
937 555 1118 622 disserentis

55 662 303 753 denarigatione
329 666 505 731 narratio.
525 664 664 730 Sedubi
680 664 776 730 eundi
796 663 933 754 spatium
959 665 1118 754 satisjus-

58 783 124 837 tum
150 795 217 838 eum
237 795 413 838 sermone
437 773 711 864 consumpsimus,
727 774 873 844 eamdem
892 774 1012 840 emensi
1033 774 1116 840 viam

61 881 260 946 rursusrersis
272 883 440 972 vestigiis
455 885 650 950 terebamus.
666 885 706 949 Et
721 905 796 950 cum
812 883 853 948 ad
865 884 897 949 id
911 882 972 951 loci
984 894 1115 949 ventum

65 1003 108 1055 est
119 992 164 1056 ubi
183 991 366 1059 subductae
382 991 552 1060 navicula
566 993 747 1060 substratris
766 993 946 1071 roboribus,
959 1017 977 1062 a
989 1005 1113 1060 terrena

65 1097 295 1191 ltbesuspensae
321 1101 567 1190 quiescebant,
590 1125 705 1191 pueros
719 1101 862 1168 videmus
883 1103 1029 1169 certatim
1048 1125 1114 1191 ges·

64 1209 162 1276 tientes
173 1223 338 1276 testarum
351 1211 393 1276 in
406 1233 504 1277 mare
515 1211 760 1298 jaculationibus
773 1209 894 1276 ludere·
913 1211 942 1277 ls
953 1210 1039 1277 lusus
1051 1223 1111 1286 est,

63 1331 158 1386 tettan
179 1331 344 1397 teretem,
367 1320 554 1409 jactatione
570 1319 728 1386 fluctuum
747 1317 935 1409 levigatam,
951 1319 1055 1410 legere
1072 1320 1113 1386 de

61 1427 167 1504 littorer
178 1454 256 1496 eam
272 1442 406 1496 testam
419 1428 521 1518 plano
535 1430 597 1496 situ
611 1429 714 1518 digitis
730 1428 1007 1517 comprehensam,
1023 1427 1113 1496 incli-

61 1561 126 1604 nem
139 1539 248 1628 ipsum
269 1551 380 1628 atque
400 1536 573 1614 humilem,
590 1548 744 1625 quantum
758 1549 875 1626 potest,
893 1561 989 1627 super
1011 1538 1111 1618 undas

60 1649 214 1715 irrotare:
229 1661 268 1715 ut
286 1647 377 1714 illud
398 1646 547 1738 jaculum
569 1645 618 1715 vel
638 1647 768 1712 dorsum
784 1649 879 1713 maris
900 1647 1038 1722 raderet,
1062 1645 1110 1714 vel

62 1770 211 1836 murat,
237 1759 324 1824 dum
339 1757 413 1824 leni
435 1759 557 1845 impetu
581 1755 715 1829 labiturt
731 1755 787 1822 'vel
805 1757 937 1823 summis
958 1757 1111 1823 {luctibus

63 1869 159 1934 tonsis
178 1868 352 1941 emicaret,
369 1875 565 1954 emergeret,
582 1866 661 1932 dum
675 1862 800 1930 assiduo
816 1863 897 1930 saltu
913 1863 1107 1933 sublevatur.

68 1974 99 2040 la
112 1999 146 2040 se
159 1975 196 2040 in
207 1975 315 2062 pueris
330 1973 492 2039 victorem
508 1971 641 2048 serebat,
657 1973 750 2062 cujus
763 1983 841 2039 testa
857 1983 890 2038 et
906 1983 1108 2062 procurreret

71 2076 212 2172 longius,
226 2096 259 2148 et
272 2083 468 2170 frequentius
484 2081 614 2149 exiliret.

118 2189 175 2256 tv.
201 2191 301 2279 lgitur
316 2213 385 2256 cum
398 2212 512 2256 omnes
527 2190 590 2257 hac
607 2192 778 2280 spectaculi
795 2191 954 2281 voluptate
972 2190 1105 2284 capere«

70 2323 155 2376 mar,
165 2299 415 2368 Ceu'fim‘nihil
428 2301 607 2376 intendere,
617 2325 721 2390 neque
729 2301 769 2370 de
777 2303 980 2369 contentione
988 2303 1105 2378 ridere,

67 2412 123 2478 sed
138 2425 263 2490 tacens,
286 2413 411 2490 anxius,
436 2424 630 2502 segregatus,
647 2409 757 2480 dolere
785 2412 892 2479 nescio
915 2413 993 2501 quid
1019 2412 1107 2478 vultu

65 2525 233 2591 fatebatur.
264 2525 326 2590 Cui
348 2547 433 2615 ego:
451 2522 623 2603 Quidhoc
641 2535 689 2589 est
711 2523 782 2590 rei?
801 2547 860 2591 cur
873 2544 938 2591 non
957 2545 1105 2612 agnosco,

65 2633 184 2711 cecili,
197 2633 400 2702 alacritatem
415 2646 504 2699 tuam
519 2631 629 2698 illam?
643 2645 676 2698 et
687 2630 774 2699 illam
786 2631 953 2699 oculorum
964 2633 1061 2698 etiam
1072 2633 1106 2698 in

63 2745 151 2809 seriis
173 2743 373 2810 bilaritatem
397 2741 549 2831 requiro?
568 2741 651 2807 Tum
665 2740 718 2808 ille
731 2764 740 2806 ε
755 2742 950 2808 iamdudum
966 2765 1018 2808 me
1037 2740 1102 2810 Oe*

64 2855 136 2920 avii
154 2856 257 2920 nostri
277 2855 396 2920 acriter
414 2854 500 2943 angit
519 2864 551 2917 et
570 2853 731 2920 remordet
747 2854 846 2920 oratio
858 2877 932 2943 qua,
953 2854 985 2920 in
1000 2864 1033 2920 te
1051 2855 1102 2920 in-

64 2973 184 3038 vectus,
200 2961 387 3050 objurgavit
398 2959 605 3049 negligentia,
619 2973 655 3026 ut
665 2985 719 3027 me
729 2960 962 3028 dissimulanter
976 2963 1102 3050 gravius

67 3081 207 3160 argueret
222 3069 413 3136 inscientiae.
436 3069 548 3157 ltaque
562 3069 745 3159 progrediar
760 3069 890 3138 ulterius
905 3094 913 3136 ε
934 3070 974 3138 de
990 3082 1058 3136 toto
1068 3083 1101 3138 et

67 3181 183 3270 integro
197 3179 281 3246 mibi
298 3201 378 3244 cum
396 3174 530 3244 Octavio
545 3201 594 3244 res
609 3191 666 3244 est.
686 3176 721 3244 si
731 3178 835 3268 placet
852 3190 886 3244 ut
898 3179 996 3269 ipsius
1009 3191 1101 3246 secta

69 3287 157 3356 bomo
172 3311 250 3356 cum
263 3311 305 3353 eo
317 3286 490 3374 disputem,
503 3285 566 3374 jam
578 3286 720 3376 prolecto
732 3286 885 3377 intelliget
900 3285 1021 3354 lacilius
1032 3313 1100 3358 esse

70 3399 97 3466 in
115 3397 401 3468 contubernalibus
420 3397 591 3486 disputare,
611 3421 707 3486 quam
727 3420 895 3464 conserere
912 3399 1097 3487 sapientium

71 3511 162 3576 nodo.
180 3511 218 3576 ln
231 3509 301 3575 istis
313 3507 357 3573 ad
375 3505 506 3572 tutelam
517 3505 700 3574 balnearum
712 3509 803 3596 jactis
814 3520 848 3572 et
868 3508 901 3574 iu
915 3505 1011 3574 altum
1027 3534 1097 3600 pro-

72 3620 262 3686 currentibus
278 3629 446 3707 petrarum
457 3615 602 3682 obicibus
614 3616 802 3692 residamus,
812 3627 846 3680 ut
857 3626 889 3682 et
899 3619 1096 3705 requiescere

72 3727 229 3796 &itinere
244 3727 422 3818 possimus,
444 3737 477 3790 et
499 3725 649 3792 intentius
671 3725 841 3813 disputare.
865 3724 994 3792 Etcum
1010 3725 1096 3793 dicto

72 3839 129 3924 ejas
143 3838 334 3913 assedimus,
352 3837 396 3901 ita
419 3845 455 3898 ut
470 3857 521 3902 mc
541 3857 580 3906 ex
596 3835 696 3902 tribus
719 3833 858 3902 medium
874 3832 979 3904 lateris
993 3837 1097 3910 ambi-

100 3965 177 4034 ll'ide
188 3968 221 4016 1).
234 3966 345 4018 Guillon
355 3999 363 4025 ,
375 3979 403 4030 p.
417 3978 476 4027 ²7²·
