2738 4628
239 245 277 308 18
555 261 668 306 sineri
693 261 806 309 sununs
828 262 892 308 un.
917 263 936 304 v

234 379 423 472 spirituales,
438 393 472 448 et
485 381 626 448 virentes
640 381 708 449 Deo
728 407 737 448 ε
756 382 830 471 quin
846 382 965 450 babent
981 356 1137 472 Spiritum
1152 381 1281 457 Petris,

233 495 287 584 qui
308 492 463 560 emundet
482 493 664 574 bominem,
686 508 719 562 et
739 496 882 562 sublevet
906 497 939 561 in
960 496 1058 561 vitam
1080 495 1150 560 Dei.
1174 495 1279 560 Sicut

209 655 212 661 ,
232 607 405 673 unimeoro
416 605 571 694 infirme,
588 607 633 673 sio
644 607 781 696 spiritus
794 607 987 696 promptus¹
1000 631 1017 672 u
1031 607 1168 672 Domino
1183 607 1280 671 testi-

232 716 376 782 monium
400 717 532 805 recepit.
555 717 616 783 Hie
636 729 684 782 est
702 728 815 805 potens
833 717 988 805 perficere
1003 739 1216 806 quaecumque
1236 715 1277 779 in

230 839 383 917 promptu
398 826 505 893 babet.
526 827 561 893 Si
575 827 671 916 igitur
684 827 747 894 hoo
763 829 849 916 quod
865 839 913 893 est
930 839 1114 916 promptum
1130 827 1280 916 Spiritus

232 938 406 1004 admiscent
420 936 536 1028 uliquis
547 936 634 1004 velut
645 937 809 1004 stimulum
821 937 997 1004 infirmitati
1010 940 1127 1014 sarnis5
1137 959 1277 1003 neeesse

140 1055 146 1060 “
231 1059 280 1112 est
294 1047 491 1123 omnimodo,
509 1058 543 1112 ut
558 1045 591 1112 id
609 1047 696 1135 quod
715 1060 763 1112 est
782 1047 865 1113 sorte
884 1059 1012 1136 superet
1031 1047 1207 1124 infirmum,
1224 1046 1276 1111 ita

231 1170 267 1222 ut
282 1159 490 1223 absorbentur
505 1156 672 1223 infirmitas
687 1158 791 1224 cornis
810 1181 828 1222 a
848 1157 1034 1224 fortitudine
1054 1157 1211 1246 Spiritus3
1235 1168 1275 1222 et

232 1289 299 1333 esse
314 1289 389 1334 eum
407 1266 461 1356 qui
478 1267 518 1332 sit
536 1265 618 1344 tulis,
635 1291 700 1334 non
714 1269 782 1356 jam
798 1267 973 1343 earnuiom,
986 1270 1041 1336 sed
1057 1266 1277 1358 spiritualem,

230 1389 361 1467 propter
380 1376 515 1466 Spiritus
542 1377 813 1444 communionem.
840 1378 895 1445 Sio
922 1379 1016 1468 igitur
1038 1389 1193 1466 rnertyres
1208 1390 1275 1444 tes-

231 1497 352 1561 tantur,
367 1497 399 1550 et
421 1498 632 1554 contemnunt
652 1499 803 1564 mortem,
819 1511 884 1553 non
904 1487 1082 1554 secundum
1103 1487 1275 1554 infirmitu-

232 1609 297 1664 tem
309 1597 425 1674 cernis,
442 1597 498 1662 sed
514 1597 691 1688 secundans
706 1597 792 1686 quod
808 1611 974 1688 promptus
986 1610 1033 1662 est
1048 1596 1194 1686 Spiritus.
1215 1598 1271 1665 In·

230 1707 363 1774 firmius
379 1706 576 1772 enimcurnis
588 1707 750 1794 absorpto,
761 1717 926 1795 potentem
938 1706 1076 1772 ostendit
1092 1705 1270 1794 Spiritumf

231 1816 367 1905 Spiritus
388 1827 495 1881 sutem
513 1838 622 1880 rursus
637 1815 810 1880 absorbens
829 1814 1059 1890 infirmitatem,
1080 1814 1270 1881 haereditute

231 1927 370 2018 possidet
381 1948 510 1992 curnem
523 1925 555 1990 in
567 1947 600 1990 se
610 1936 658 1989 :et
669 1947 708 1990 ex
719 1925 860 2012 utrisque
872 1924 973 1991 sactus
982 1924 1247 1990 estvivenshomo
1258 1949 1272 1998 ς

155 2017 164 2032 ⁶
231 2036 338 2102 vivens
350 2035 478 2123 quidem
493 2043 623 2123 propter
638 2031 913 2121 participationem
928 2031 1078 2124 Spiritus,
1096 2033 1192 2099 homo
1209 2057 1270 2098 uu-

232 2157 298 2211 tem
315 2155 446 2234 propter
460 2142 670 2208 substantium
688 2141 801 2206 curnis.

290 2255 390 2346 Igitur
414 2277 488 2321 curo
510 2251 577 2320 sine
597 2251 717 2342 Spiritu
737 2251 796 2317 Dei
817 2263 941 2318 mortus
960 2263 1026 2324 est;
1053 2275 1117 2318 non
1143 2251 1273 2320 habens

232 2366 341 2443 vitam,
358 2388 492 2454 regnum
509 2363 568 2428 Dei
584 2363 744 2452 possidere
761 2385 825 2427 non
846 2374 972 2449 potest:
991 2362 1117 2452 sanguis
1141 2364 1272 2432 irratio-

233 2475 326 2552 nulis,
345 2474 430 2541 velut
455 2497 535 2562 uque
559 2473 659 2538 effuso
682 2473 715 2538 in
741 2484 869 2537 terrum.
893 2473 934 2538 Et
952 2484 1083 2561 propter
1109 2472 1172 2538 hoc
1197 2473 1268 2538 uit:

234 2587 353 2669 Qualis
365 2601 524 2656 terrenus,
542 2583 620 2647 tales
636 2583 759 2647 urreisi
771 2580 794 2645 ².
805 2581 866 2646 Ubi
878 2592 985 2646 sutem
1000 2580 1135 2670 Spiritus
1151 2581 1271 2658 Patris,

232 2696 277 2761 ibi
293 2695 389 2760 homo
407 2693 524 2769 vivens,
539 2691 665 2780 sanguis
677 2688 836 2757 rationulis
853 2691 892 2756 nd
910 2689 1061 2757 ultionem
1078 2691 1175 2757 uDeo
1191 2715 1269 2757 ens-

232 2802 364 2878 toditus,
383 2822 458 2867 curo
477 2822 495 2864 n
517 2799 637 2888 Spiritu
661 2823 815 2888 possessu,
835 2799 932 2865 oblitu
959 2800 1087 2887 quidem
1115 2801 1176 2874 sui,
1193 2824 1272 2888 quu-

230 2907 351 2977 iitatem
375 2921 482 2975 antem
504 2905 640 2998 Spiritus
663 2931 837 2984 assumens,
861 2907 1033 2974 conformis
1060 2909 1141 2976 sueto
1158 2909 1271 2977 Verbo

230 3021 299 3088 Dei.
321 3023 362 3086 Et
381 3029 548 3110 propterea
565 3018 608 3084 sit
624 3039 659 3080 :s
682 3017 772 3083 Sicut
788 3017 981 3106 portavimus
1003 3019 1173 3108 imaginem
1196 3021 1274 3108 ejus

231 3157 244 3191 s
259 3131 314 3218 qui
330 3130 369 3195 de
385 3141 468 3194 terre
483 3139 543 3204 est,
558 3139 721 3216 portemus
736 3139 768 3192 et
789 3127 959 3216 imaginem
974 3129 1043 3216 ejus
1059 3130 1113 3216 qui
1130 3129 1169 3194 de
1186 3129 1270 3195 coeio

230 3237 335 3303 sest⁸.
355 3265 367 3300 s
384 3236 469 3316 Quid
485 3249 532 3302 est
546 3258 622 3326 ergo
638 3235 968 3301 terrenumPPlusme.
985 3237 1072 3316 Quid
1084 3251 1191 3304 nutem
1205 3262 1271 3306 oce·
1344 3277 1352 3309 -,

230 3347 331 3416 iestei’
342 3347 489 3437 Spiritus.
503 3343 593 3412 Sient
604 3345 712 3434 igitur,
724 3344 780 3420 ait,
793 3344 860 3410 sine
873 3343 991 3432 Spiritu
1004 3343 1125 3411 coelesti
1137 3370 1272 3416 conver·
1362 3389 1366 3432 p

231 3459 290 3525 suti
307 3479 415 3524 sumus
438 3452 607 3543 aliquando
626 3455 659 3520 in
677 3465 833 3520 vetustate
852 3454 975 3532 earnis,
995 3477 1060 3524 nos
1083 3458 1269 3524 obedientes

230 3569 323 3634 Deo:
343 3565 388 3631 sio
402 3587 489 3630 nuno
504 3564 695 3653 accipientes
715 3563 882 3652 Spiritum,
902 3563 934 3628 in
957 3565 1096 3631 novitate
1113 3567 1181 3631 sitae
1198 3589 1271 3632 sm-

230 3673 391 3751 bulemus,
404 3672 588 3760 obedientes
601 3672 677 3739 Deo.
691 3671 851 3750 Quoniam
865 3672 962 3760 igitur
983 3675 1050 3740 sine
1072 3674 1192 3764 Spiritu
1208 3677 1269 3742 Dei

231 3783 342 3852 miseri
365 3805 430 3850 non
454 3804 635 3872 possumus,
651 3781 839 3847 adhortatur
862 3781 1032 3872 Apostolus
1053 3805 1124 3862 nos,
1144 3807 1202 3874 per
1228 3784 1272 3852 u-

264 3913 274 3948 ¹
285 3907 650 3970 Matth.uvs,ds.-²1Cor.
663 3926 706 3970 xv,
714 3909 754 3968 48.
774 3937 805 3948 —
816 3907 894 3960 ¹1ttd.
905 3911 946 3975 ip.
