2412 4596
190 204 233 292 96
511 221 684 283 cnaurxrrs
710 220 922 266 anaxaunmm

191 370 267 414 usus
295 343 337 412 ad
362 341 525 410 salutem?
551 340 763 418 Miseremini,
787 341 891 432 inquit
915 341 1081 416 Dominus,
1101 351 1133 407 ut
1146 303 1200 408 *l

192 453 397 522 sericordiam
423 449 692 539 consequamini:
718 451 895 526 remittite,
919 462 954 514 ut
978 449 1138 518 remittatur
1168 486 1169 489 ¹

194 564 242 630 bis
272 586 279 627 :
306 572 342 627 ut
367 559 501 653 facitis,
536 559 580 626 ita
607 558 663 626 fiet
692 558 781 625 vobis
808 583 816 624 a
848 571 885 623 ut
907 558 1012 635 datis,
1034 559 1074 624 ita
1099 558 1166 624 dala*

193 672 307 746 vebis3
333 681 369 734 ut
394 668 571 757 judicatis,
603 668 646 733 ita
673 667 894 756 judicabimini
920 691 929 732 ε
962 678 998 732 ut
1028 667 1167 756 benigni.

193 781 258 856 tis,
290 778 333 846 itu
350 776 523 842 'vobiscum
550 787 662 865 agetur
688 776 849 864 benigue;
881 776 955 858 Qua
976 799 1110 842 menam
1137 818 1161 833 -.

196 887 332 981 fueritis,
355 883 527 951 remetietur
548 882 662 951 uobis¹.
682 884 925 960 Pretereaeis,
950 883 1003 972 qui
1023 893 1138 972 prepter
1163 885 1170 900 “

196 1012 266 1067 tum
298 994 458 1071 serviunt,
491 993 653 1061 infamiam
688 992 819 1058 omniuo
844 993 978 1081 irrogari
1004 991 1156 1080 prohihet:
1187 1024 1192 1053 s

127 1117 131 1125 '
197 1107 255 1182 iis,
269 1104 323 1194 qui
339 1115 470 1194 propter
486 1102 592 1168 debita
607 1101 727 1168 redacti
745 1101 866 1181 suntin
882 1102 1086 1178 servitutem,

199 1237 283 1288 auno
308 1213 361 1279 dat
387 1210 495 1301 plenas
517 1209 671 1276 inducias.
697 1209 882 1291 Quinetiam
909 1209 1058 1298 prohibet
1082 1233 1167 1298 supe¹

190 1325 277 1392 aare
294 1323 334 1390 ad
349 1320 550 1410 supplicium.
574 1321 630 1384 Est
649 1341 726 1408 erge
741 1319 942 1385 verissimum
962 1317 1039 1384 illud
1060 1317 1151 1406 eloqui
1174 1344 1187 1373 ι

156 1486 160 1493 .
211 1432 325 1500 «Sicut
340 1431 495 1518 probatur
507 1452 620 1495 aurum
632 1441 664 1494 et
680 1440 847 1518 argentum
857 1427 890 1494 in
907 1427 1059 1503 fornace,
1075 1428 1111 1494 ita
1130 1438 1148 1483 t
1183 1456 1188 1478 τ

202 1564 285 1606 »nus
296 1535 383 1627 eligit
397 1538 493 1604 corda
504 1537 672 1604 hominum
682 1535 704 1602 ².
720 1537 782 1613 Et,
798 1536 853 1602 Vir
865 1536 998 1624 quidem
1009 1536 1180 1601 miserim

203 1648 429 1738 elonganimim
448 1648 523 1712 etin
537 1645 698 1735 queliluet,
715 1645 769 1734 qui
784 1656 831 1710 est
843 1643 1017 1720 sollicitus,
1031 1641 1174 1730 inexqua-

168 1787 170 1794 ’
205 1758 287 1824 etia.
309 1757 345 1822 lu
361 1756 466 1822 virum
480 1755 566 1821 enim
578 1753 807 1842 intelligentem
823 1752 906 1818 cudit
922 1751 1103 1820 sollicitudo
1115 1745 1173 1836 :uq'

205 1879 276 1934 »est
287 1864 440 1931 sollicitus
456 1888 493 1932 uc
510 1885 621 1930 curam
637 1863 717 1951 gerit
733 1863 853 1940 ,vitam
869 1875 1015 1949 quaeret:
1034 1875 1066 1928 et
1078 1861 1180 1950 quilla!

206 1975 360 2066 aquaerit,
384 1974 523 2040 inveniet
542 1973 759 2062 cognitionem
774 1995 850 2038 cum
866 1972 1000 2060 justitia.
1020 1972 1084 2052 Qui
1097 1985 1184 2034 eun*

206 2098 294 2150 »tem
306 2094 394 2150 recte
406 2083 635 2172 quaesiverunt,
652 2104 766 2171 pacem
778 2082 970 2148 invenerunt
979 2081 1004 2146 ¹.
1017 2111 1030 2142 ι
1053 2079 1117 2146 Mili
1127 2089 1185 2142 an!

206 2194 334 2260 videtur
356 2192 452 2260 etiam
473 2189 667 2280 Pythageras
690 2213 780 2256 suam
800 2190 833 2256 in
855 2189 1035 2256 animantes
1052 2187 1186 2256 reticula·

208 2315 314 2392 pertes
326 2299 604 2368 mansuetudinem
619 2296 716 2388 alege
727 2299 898 2386 accepisse.
913 2299 1001 2364 Ecce
1013 2298 1096 2364 enim
1105 2297 1190 2380 lap

210 2412 243 2478 iu
259 2411 365 2476 ovium
382 2419 413 2474 et
430 2431 598 2498 caprarum
614 2408 762 2497 gregibus
778 2409 941 2495 boumque
953 2407 1100 2474 armentis
1112 2427 1158 2469 ιιι

210 2532 282 2595 tur,
307 2519 450 2608 protinus
474 2515 520 2581 uti
539 2517 722 2593 interdixit,
745 2540 786 2582 ne
805 2527 964 2606 praetextu
987 2515 1108 2604 quidem
1123 2509 1189 2576 sau*

211 2627 354 2702 ciorum,
375 2638 502 2715 patrum
520 2638 553 2690 et
572 2636 711 2692 matrum
727 2626 844 2713 gratia,
861 2624 1029 2693 huminem
1052 2623 1089 2690 ad
1110 2654 1133 2677 ιι·Ὶ
1146 2650 1163 2675 u

212 2735 356 2802 tudinem
371 2733 421 2800 vel
436 2757 475 2802 ex
487 2733 607 2830 'infimis
623 2757 641 2800 a
656 2734 757 2800 brutis
773 2733 988 2801 animantibus
1000 2734 1133 2799 educens·

213 2843 313 2919 cede,
335 2841 456 2930 inquit,
474 2843 568 2912 matri
588 2843 719 2918 soetum,
738 2840 788 2908 vel
810 2855 933 2930 septem
953 2841 1063 2930 primis
1078 2840 1162 2905 diebus
1175 2840 1185 2881 ἵ

215 2952 300 3020 euim
313 2949 390 3018 nihil
406 2951 443 3018 fit
458 2952 525 3018 sine
541 2974 657 3028 causa,
681 2962 714 3015 et
728 2950 827 3016 enixis
844 2942 1060 3020 animantibus
1074 2948 1114 3014 lac
1124 2940 1189 3008 reb

216 3061 270 3128 dat
287 3060 327 3128 ad
341 3060 434 3128 soetus
447 3060 636 3152 nutriendos
654 3083 662 3125 :
680 3059 734 3147 qui
750 3083 769 3124 a
788 3059 1021 3147 dispensatione
1036 3057 1114 3124 lactis
1124 3053 1183 3118 tu·

216 3168 339 3246 avellit,
356 3181 503 3236 naturam
515 3166 823 3236 afficitcontumeliu.
839 3169 1038 3236 Erubescaut
1049 3150 1182 3254 ergesm'·

217 3290 249 3342 et
265 3279 370 3368 siquis
386 3289 433 3342 est
448 3275 543 3354 nlius,
560 3274 662 3365 legem
678 3275 826 3343 insectari
845 3299 853 3340 t
871 3297 948 3342 cum
963 3299 1000 3340 ea
1017 3261 1185 3362 quideuttll'

219 3388 333 3454 bestias
350 3387 485 3476 benigna
497 3387 555 3462 sit,
569 3385 613 3453 illi
633 3400 739 3454 autem
754 3387 850 3454 etiam
865 3384 1032 3454 huminum
1047 3385 1192 3460 suntme?

220 3507 319 3572 nunt,
340 3519 522 3584 quanquam
541 3492 634 3584 longe
656 3507 728 3562 ante
748 3507 783 3559 et
807 3492 994 3583 pmphetice
1014 3513 1114 3560 eorum
1126 3481 1191 3550 [aaa

220 3615 286 3670 tem
307 3600 357 3670 lex
380 3629 438 3695 per
458 3603 521 3672 hoc
545 3615 740 3693 praeceptum
761 3603 969 3670 exscinderet.
995 3603 1027 3669 Si
1051 3601 1121 3667 enin
1136 3593 1189 3656 Μ’

222 3713 395 3780 bestiarum
408 3739 425 3782 a
439 3725 542 3782 matre
552 3713 690 3802 separari
704 3711 853 3803 prohihet
865 3724 938 3778 ante
948 3709 1035 3778 lactis
1045 3705 1187 3774 etesium

262 3869 436 3936 'Matth.v11‚
449 3873 698 3937 a.-'Prov.xv11,
714 3869 738 3922 3.
748 3871 800 3911 -¹
815 3871 852 3920 lu.
863 3887 925 3934 ιιι,
939 3889 966 3921 ιι
977 3865 1173 3933 ;ιιν,13;ιῐΰι”“
