2478 4594
187 259 251 326 atu

499 277 674 324 Cfflssfl'l'lb
698 277 910 324 amalum!

289 402 385 462 Norat
397 403 479 460 enim
493 419 553 480 qua
566 418 695 480 magnus
707 402 766 460 iter
776 401 823 460 sol
836 401 938 460 flectat
948 401 981 460 in
995 401 1116 474 erbeus,

290 503 492 581 AEquatoaque
507 501 632 577 habilis,
643 503 818 578 arcumque
829 503 972 562 immania
985 512 1077 562 terrm

290 603 443 672 Pondere,
459 601 513 662 sed
526 603 649 683 proprio
662 620 751 680 gyros
764 611 921 662 convertat
934 604 965 660 iu
977 619 1033 661 axe
1046 623 1054 659 :

289 705 327 762 Et
339 703 477 763 volucres
492 702 604 762 effusus
615 707 710 781 equos
725 721 779 782 per
789 702 897 762 caerula
913 701 1022 763 mnndi

291 803 393 862 Verset
407 821 515 882 agens,
530 819 676 886 aurasque
688 803 795 877 obeat,
811 802 996 882 pelagusque
1006 802 1192 883 profundum.

191 935 274 1002 Tum
292 935 382 1023 quasi
397 935 520 1002 dictum
535 933 631 1012 illud,
647 934 799 1002 «Caelum
814 934 892 1002 mibi
910 934 1048 1002 thronus
1061 947 1127 1011 est,
1143 947 1202 1001 tert
1237 947 1238 1028 j

191 1055 317 1110 »autem
334 1042 509 1110 scabellum
524 1043 643 1132 pedum
654 1043 870 1120 meorum¹‚2
887 1043 1076 1134 paraphrasi
1091 1045 1201 1132 qrntlan

189 1151 362 1241 explicaret
373 1203 382 1228 ‚
394 1153 453 1218 ista
463 1153 643 1240 subjungit:
1237 1151 1238 1154 ’

290 1297 344 1356 Ille
358 1297 449 1376 igitur
464 1297 565 1376 magni
580 1273 669 1376 supra
683 1297 833 1375 laquearia
846 1295 914 1356 coeli

289 1397 457 1470 immotus,
470 1397 605 1478 solioque
620 1398 712 1456 micat
723 1395 860 1457 sublimls
872 1400 902 1454 in
918 1416 1025 1456 aureo.

291 1499 350 1558 Olli
363 1499 464 1580 planta
475 1497 605 1558 humiles
617 1497 721 1557 subter
732 1499 842 1578 premit
855 1497 950 1556 ardua
961 1508 1057 1557 terras
1072 1519 1079 1555 :

234 1631 237 1638 ·
290 1597 403 1655 Oceani
416 1607 568 1656 extremos
581 1595 701 1673 attingit
715 1595 837 1654 dextera
847 1594 940 1665 fines3

291 1697 390 1775 Cujus
405 1695 616 1756 inexhaustum
630 1698 714 1774 quasi
729 1695 766 1754 ab
780 1695 933 1756 radicibus
946 1697 1019 1756 imis

176 1821 178 1832 =
290 1799 380 1856 Ferre
394 1809 506 1876 negant
518 1798 613 1856 robur
624 1797 742 1856 nutanti
754 1798 868 1857 vertice
878 1809 1014 1858 montes.

293 1900 390 1978 Atque
402 1909 436 1958 ut
448 1897 564 1958 siderea
578 1905 735 1978 utinquam
745 1897 878 1958 discedat
891 1899 930 1958 als
943 1916 1034 1972 arce,

291 1999 407 2060 Cuncta
421 2008 522 2058 tamen
538 2000 648 2058 nostris
662 2015 794 2082 presens
808 1999 937 2060 molitur
950 2002 983 2059 iu
996 2002 1075 2072 oris,

289 2100 476 2180 Principium
490 2101 521 2158 in
532 2117 614 2171 sese,
631 2115 668 2157 ac
684 2099 818 2158 medium
833 2101 990 2178 finemque
1007 2101 1143 2160 coercens.
1237 2117 1238 2120 ¹

288 2197 348 2260 Illa
359 2218 447 2258 secus
458 2217 627 2275 memorare
639 2200 740 2272 nolas,
757 2200 963 2279 membrisque
980 2201 1100 2273 solutis,
1237 2187 1238 2192 ἵ

287 2301 408 2360 Mecum
419 2301 520 2358 animo
537 2300 662 2360 volvens
672 2299 800 2380 trepido.
819 2301 897 2360 Nam
909 2301 1042 2382 desuper
1055 2305 1112 2382 ipse

286 2399 406 2460 Cuncta
416 2400 544 2478 regit...

185 2551 218 2606 et
235 2561 304 2628 quae
322 2549 508 2628 sequuntur.
526 2537 582 2603 His
593 2537 679 2604 cnim
694 2523 881 2630 prophetica
896 2537 950 2606 illa
966 2540 1074 2606 omnia
1088 2536 1189 2604 ‹letbra
1237 2599 1238 2602 ,

185 2647 245 2714 vit:
263 2673 276 2708 a
291 2647 340 2714 Tu
356 2647 382 2712 si
398 2645 558 2748 aperueris
573 2643 709 2724 caelum,
729 2657 849 2712 tremor
863 2647 1036 2743 corripiet3
1054 2661 1084 2713 et
1097 2674 1111 2714 a
1123 2669 1190 2713 outa-
1237 2679 1238 2734 ζ

186 2766 304 2848 spectu
336 2766 393 2824 tuo
422 2765 546 2822 montes
572 2752 814 2844 colliquescam,
835 2755 920 2821 sicut
943 2781 961 2822 a
981 2756 1064 2822 facie
1084 2751 1190 2846 ignisle
1237 2801 1238 2838 3

185 2864 328 2954 »quescit
348 2887 420 2930 cera
429 2863 452 2928 ².
469 2892 482 2926 s
504 2865 648 2952 Itemque
663 2861 732 2931 haec
748 2864 869 2932 Fsaiae:
887 2892 902 2928 a
918 2865 1003 2946 Quis
1015 2863 1189 2932 coelumnca

185 2996 258 3038 »sus
281 2984 328 3038 est
349 2970 476 3063 palmo,
496 2983 529 3037 et
545 2971 725 3038 universam
748 2984 866 3039 terram
892 2971 1080 3063 pugillo⁸ls
1101 2973 1188 3042 llum

184 3105 262 3150 cum
277 3083 320 3149 ita
336 3081 468 3148 cecinit:

284 3228 432 3303 AEtheris‚
445 3245 463 3290 o
478 3226 607 3306 ditisque
619 3239 746 3308 poteras,
760 3226 942 3306 pelagique,
958 3227 1091 3305 solique,

284 3330 346 3404 Qui
361 3328 491 3390 solidum
505 3329 619 3390 tonitru
633 3330 734 3406 quatis
747 3326 800 3386 alti
812 3327 908 3388 limen
919 3328 1062 3408 Olympi,

286 3431 446 3508 Quemque
458 3431 548 3490 Lares
558 3428 698 3502 horrent,
712 3431 821 3488 metuit
833 3447 927 3507 quem
940 3430 1031 3490 turba
1042 3429 1159 3496 deorum

185 3547 192 3560 ·
286 3533 323 3596 Et
335 3534 382 3591 cui
397 3535 506 3606 Parca,
522 3529 592 3598 licet
605 3547 813 3591 mansuescere
828 3533 951 3606 nescia,
970 3533 1071 3593 servit.

285 3635 388 3694 Matris
403 3649 520 3690 summe
534 3633 645 3690 Parcus
653 3669 663 3706 ‚
679 3628 767 3710 cujus
781 3631 865 3690 furor
880 3633 985 3690 omnia
999 3633 1104 3711 jactat,

286 3732 407 3810 Quique
423 3735 482 3796 cies
498 3741 606 3792 sentos
614 3774 629 3804 ,
639 3741 669 3789 et
680 3731 810 3792 nubibus
822 3735 928 3793 omnia
940 3732 1061 3806 condis,

220 3891 558 3958 ‘latiur'1‚1.-'lhid.
573 3890 871 3970 ane-'labanque
