2448 4610
309 227 312 233 ’
338 251 536 304 narremus,
561 249 621 294 ιιι.
649 248 696 290 ιιι.
967 225 1030 304 445

34 392 207 446 accurremus
222 390 230 432 ι
248 379 280 432 et
295 367 322 434 si
337 367 437 434 simus
458 364 610 434 sermonis
627 363 798 440 auditores,
818 362 943 442 beatem
961 359 1030 450 glo·
1069 449 1071 456 y
1142 449 1145 458 1

34 483 165 552 rifiemu
182 477 392 550 oeconomiam
414 500 471 566 per
493 499 588 564 quum
610 475 705 542 homo
727 473 915 555 instituitur,
937 493 1031 538 sonc-

33 592 146 665 tidenter
163 601 269 656 sutem
290 599 444 675 tanquam
458 586 517 652 Dei
537 582 666 660 filiolus,
683 595 715 649 et
736 585 767 662 iu
792 580 880 648 coelis
902 580 1031 669 quidem

35 711 187 776 censione
202 711 283 766 terro
300 697 476 772 institutus,
488 706 610 784 putrem
627 706 734 772 auteur
749 691 813 758 illic
828 691 923 759 sumit
934 710 1031 777 quem

33 811 105 878 discit
116 811 144 876 in
159 821 248 876 terra.
269 805 388 874 Omnia
401 804 504 894 Logos
520 816 552 869 et
567 803 654 881 fecit,
666 816 699 868 et
715 803 821 881 docet,
834 813 866 868 et
881 798 1026 866 instituit.

31 917 116 1006 Equus
127 916 219 984 imno
237 912 384 990 ducitur,
406 925 439 980 ct
459 925 568 984 taursu
585 913 662 1002 jugo
680 912 819 987 ducitur,
839 910 903 977 sere
917 907 1030 995 laqueo

31 1027 151 1114 rapitur:
166 1025 260 1090 homo
275 1035 387 1092 nutem
401 1022 755 1120 Logotrunssormetur,
768 1043 832 1109 quo
846 1019 919 1086 serre
937 1039 1029 1084 man-

31 1143 161 1208 suescunt,
177 1131 362 1203 inescantur
370 1129 528 1207 natatilis,
541 1142 574 1196 et
588 1130 791 1198 attrahuntur
803 1126 955 1194 volucres.
970 1125 1031 1192 Hic

29 1263 115 1310 resera
129 1264 210 1328 equo
223 1240 371 1308 froenum
394 1239 508 1318 struit,
523 1251 620 1306 teuro
635 1239 760 1327 jugum,
775 1236 849 1304 fere
866 1234 1028 1324 loqueum,

31 1349 91 1436 pisci
104 1349 293 1426 arundinem,
311 1349 361 1418 eri
378 1360 455 1416 rete.
474 1349 534 1416 Hic
548 1345 776 1436 rempublicam
792 1347 873 1434 regit
886 1355 919 1412 et
938 1367 1029 1434 egres

32 1455 99 1534 coiit,
111 1458 235 1547 imperet
249 1469 283 1526 et
298 1471 349 1526 est
368 1458 565 1534 administer,
581 1470 613 1524 et
628 1457 771 1524 universa
788 1455 957 1524 fabricetur
974 1476 981 1518 ι

93 1621 137 1678 Hic
153 1634 268 1694 terram,
284 1641 320 1680 nc
333 1623 452 1694 coelom,
467 1621 553 1679 maris
566 1639 740 1698 aequoraque
755 1621 812 1678 alra
825 1619 948 1696 crearit,
981 1661 987 1666 .

94 1725 231 1799 Astraque,
243 1741 310 1800 quae
324 1723 429 1780 coeium
443 1721 564 1799 pulchra
576 1721 706 1798 undique
719 1733 822 1778 cuncto
834 1732 983 1778 coronant.

36 1865 58 1929 0
71 1865 151 1934 dirius
166 1873 280 1960 opere!
296 1895 318 1938 o
336 1871 440 1938 divina
457 1872 633 1960 praeceptoi
657 1870 775 1958 «Aque
790 1868 860 1934 haec
880 1869 913 1934 in
929 1869 1027 1958 seipsa

38 1972 178 2044 »ductibus
192 1981 411 2070 reciprocetur
428 2005 435 2044 :
453 1979 505 2046 hic
521 1980 601 2070 ignis
617 1981 696 2044 irem
714 1979 873 2046 contineat
888 2003 895 2044 :
910 1985 965 2044 adr
975 1979 1027 2044 hic

35 2097 157 2172 rugetur
173 2088 205 2154 in
217 2089 339 2155 aethere
355 2112 362 2153 :
379 2100 462 2156 terro
482 2100 589 2154 eutem
604 2101 635 2154 et
651 2087 777 2178 figetur,
793 2100 826 2155 et
841 2101 929 2154 motu
946 2089 1027 2153 sere-

37 2203 103 2258 rtur.
125 2195 250 2276 Quando
273 2225 335 2290 ego
357 2199 428 2266 volo
450 2199 613 2266 hominem
637 2199 785 2276 formare,
809 2213 841 2266 et
864 2201 1027 2267 materiam

37 2305 186 2389 »desidere
201 2313 360 2382 elemento
379 2327 452 2381 sunt
466 2315 545 2380 mihi
561 2315 704 2391 materie,
719 2338 867 2381 unacum
882 2339 954 2390 meo
969 2315 1029 2403 iig-

37 2430 141 2484 »nento
160 2423 318 2492 cohabito.
345 2423 379 2490 Si
400 2447 450 2490 me
474 2426 671 2514 cognoveris,
692 2426 770 2514 ignis
789 2427 846 2492 tibi
863 2427 985 2492 serviet.
1008 2456 1020 2488 ι
1137 2485 1142 2492 .

36 2519 98 2591 Talis
114 2553 145 2598 ec
168 2543 269 2600 tentus
290 2547 340 2602 est
359 2534 470 2624 Leges.
497 2535 556 2606 Hic
575 2546 622 2601 est
640 2535 844 2626 Paedegogus,
866 2537 977 2602 mundi
998 2550 1030 2602 et

37 2630 141 2706 hominis
159 2643 270 2732 opifex,
290 2657 325 2712 et
344 2657 475 2735 propter
498 2646 601 2735 ipsum
619 2647 683 2736 jem
701 2661 749 2713 est
766 2649 877 2716 muudi
902 2671 1029 2737 quoque

39 2745 199 2839 pedagogus,
212 2756 305 2844 cujus
321 2756 408 2842 jussu
423 2758 518 2821 ambo
533 2769 725 2832 constemus,
737 2769 936 2846 expectentes
949 2757 1031 2846 judi-

39 2851 110 2922 cium.
127 2860 224 2951 Neque
235 2867 323 2932 enim
337 2866 489 2933 firrtirum
500 2865 559 2932 iert
570 2865 751 2933 hominibus
762 2867 869 2936 vocale
883 2871 1026 2934 verbum.

39 2961 88 3030 Erit
99 2972 214 3040 terbum
228 2978 394 3069 sapientie,
410 2989 446 3042 ut
460 2977 504 3044 ait
518 2975 726 3066 Bacchylides
743 3001 751 3042 :
770 3005 782 3038 ι
798 2979 1029 3067 irreprehensi·

39 3073 119 3143 ’biles
131 3095 242 3162 nuum,
252 3098 286 3153 et
301 3087 426 3176 integri,
440 3099 472 3153 et
489 3086 640 3176 inculpati
654 3087 776 3164 Dei,et
791 3088 872 3152 dicit
887 3088 1026 3163 Paulus,

40 3181 113 3262 iiiiii,
132 3190 159 3256 in
174 3196 274 3262 medio
296 3197 508 3287 generationis
522 3221 625 3288 provee
643 3211 675 3262 et
696 3221 864 3287 perversae,
881 3209 1029 3285 tunquam

41 3289 206 3380 sluminsria,
219 3306 251 3372 in
262 3308 383 3373 mundo
395 3307 573 3397 apparete¹.
593 3336 606 3369 ι
623 3307 720 3387 Quod
732 3331 807 3397 orgo
819 3317 916 3374 restet
931 3307 963 3372 in
974 3307 1028 3374 toli

41 3397 95 3491 logi
106 3408 313 3493 celebratione,
332 3416 441 3506 chon
461 3440 589 3484 oremus
610 3441 618 3482 ε
637 3444 650 3478 ι
672 3418 720 3485 Sis
743 3417 897 3507 propitius
912 3417 985 3491 tuis,
1009 3440 1028 3483 o

43 3507 212 3610 »Pedagoge
229 3523 347 3614 pueris,
359 3514 461 3614 poter,
474 3527 581 3615 auriga
593 3525 702 3602 lsrael,
715 3525 759 3591 fiii
771 3539 803 3591 et
814 3541 915 3616 peter,
929 3552 1028 3596 unum

45 3624 145 3700 ¹tnbo.
158 3629 297 3699 Domine.
313 3632 359 3699 Da
372 3635 462 3701 nobis
475 3647 523 3711 ut,
536 3645 590 3700 tue
608 3647 774 3724 sequentes
788 3650 957 3726 praecepte,
972 3630 1029 3702 im-

45 3727 173 3814 ’Plenus
187 3742 422 3820 similitudinem
436 3744 593 3835 imaginis,
606 3757 639 3811 et
649 3769 708 3834 pro
724 3745 840 3814 viribus
856 3747 1026 3816 sentiemus

67 3873 152 3947 ¹Philip.
164 3904 189 3947 rr,
200 3893 235 3942 ts.
