2532 4608
339 335 529 380 annonarum
552 337 613 378 nra.
642 335 695 378 vu.
973 311 1043 398 547¹

17 455 101 524 tione.
123 453 175 523 sia
193 455 251 524 Dei
274 456 445 524 Gnostious
466 456 604 546 gustabit
622 454 818 530 voluntatem
837 477 846 522 r
866 475 932 522 non
948 477 1040 522 aures

17 565 91 630 snim
104 567 239 655 prebet,
254 565 312 632 sed
327 567 489 643 animum,
507 565 601 632 rebus
616 587 687 654 qnae
702 563 924 654 significantur
941 567 980 632 ab
1003 565 1040 631 iis

17 695 78 761 pure
88 673 243 740 dicuntur.
261 675 345 741 Cum
359 697 436 765 ergo
454 675 536 764 ipsas
554 697 663 740 rerum
680 673 831 740 essentias
846 686 879 740 ot
893 696 944 740 res
958 675 1040 762 ipsas

17 783 161 872 receperit
175 805 234 873 per
251 784 363 861 verba,
384 783 501 849 merito
515 784 653 852 animam
669 805 797 872 quoque
810 779 940 849 deducit
951 782 992 848 ad
1003 805 1041 848 ea

17 913 79 978 puae
93 903 236 980 oportet,
253 890 353 968 illud,
370 892 444 959 Non
457 892 669 968 maechaberis,
682 891 754 958 Noa
770 889 884 957 occider
897 889 926 966 ¹,
941 912 1044 980 peou-

17 997 77 1065 iiari
88 999 182 1065 modo
194 999 364 1090 accipiens,
378 1013 414 1066 ut
426 1000 549 1070 dictum
561 1010 608 1066 est
621 1001 785 1077 Gnostico,
798 1023 864 1066 non
877 1010 912 1064 ut
923 1001 966 1065 ab
975 997 1043 1064 aliis

17 1109 197 1198 coneipitur.
215 1109 321 1198 Pergit
336 1129 413 1199 ergo
424 1133 458 1175 se
474 1131 625 1175 exercens
640 1105 908 1197 contomplatione
919 1106 1045 1173 scienti-

17 1215 84 1293 ioa,
97 1229 133 1282 ut
148 1216 302 1307 paulatim
317 1241 445 1307 quoque
460 1241 494 1286 se
512 1228 658 1304 exorceat
672 1219 704 1285 in
722 1219 760 1285 iis
772 1239 842 1306 quse
856 1217 954 1306 magis
970 1216 1044 1282 uni-

17 1347 94 1392 terso
103 1337 136 1391 et
146 1325 401 1416 magnificentius
421 1327 505 1394 diota
520 1338 615 1405 sunt,
639 1338 726 1393 reete
748 1327 869 1404 sciens,
889 1324 975 1414 quod
994 1323 1046 1412 qui

17 1433 93 1500 tacet
112 1434 257 1500 hominem
274 1435 429 1502 scientiam
447 1435 478 1513 ¹,
496 1448 531 1502 ut
547 1437 589 1504 ait
608 1433 786 1526 Propheta,
802 1445 852 1501 est
866 1433 1043 1511 Dominus,

17 1565 66 1630 per
83 1563 117 1608 oa
127 1541 263 1611 hominis
276 1543 431 1610 Dominus
446 1566 591 1634 operans.
608 1525 685 1611 Ideo
697 1567 828 1611 earnem
843 1565 972 1632 quoque
989 1566 1046 1609 ao-

17 1652 103 1739 tepit.
121 1651 233 1718 Merito
244 1675 320 1742 ergo
332 1677 497 1742 nunquam
507 1653 686 1742 jucundum
700 1655 828 1743 praeiert
843 1652 931 1729 utili,
948 1651 1044 1717 necai

17 1779 80 1826 *asu
99 1759 204 1848 aliquo
222 1762 351 1830 invadat
364 1785 441 1828 eum
456 1763 701 1851 meretricioquo
715 1785 807 1828 more
822 1761 904 1827 sorte
919 1761 1046 1828 fortuna

17 1879 158 1956 provocet
174 1868 313 1934 formosa
330 1867 468 1934 mulier:
486 1871 637 1958 quoniam
655 1891 714 1935 nee
728 1868 849 1958 Joseph
865 1868 995 1956 quidem
1006 1871 1047 1934 ab

17 1975 154 2040 instituto
166 1975 326 2042 abduoere
336 1961 440 2064 potuit
455 1998 535 2042 uxor
550 1976 682 2043 domini.
700 1976 750 2044 Ab
762 1999 799 2042 ea
813 1974 919 2042 autem
930 1977 1002 2042 exui
1013 2000 1047 2044 se

17 2084 189 2149 satiebatur
206 2107 264 2173 per
279 2085 344 2151 vim
363 2097 491 2151 tenente
510 2086 669 2162 tunicam,
686 2097 720 2152 ut
734 2086 788 2175 qui
802 2101 819 2152 a
832 2097 966 2176 peccato
980 2085 1050 2180 qui-

17 2191 81 2257 iem
97 2191 193 2258 suerit
206 2193 364 2271 nudatus,
380 2194 554 2262 honestatis
573 2207 679 2262 autem
694 2207 918 2262 ornamentum
933 2197 1049 2262 indue-

17 2299 57 2365 tt.
81 2299 161 2368 Nam
178 2302 238 2368 etsi
253 2300 338 2368 oculi
356 2301 498 2379 domini,
514 2303 654 2392 AEgyptii
674 2303 823 2392 inquam,
846 2303 965 2393 Joseph
983 2327 1048 2372 non

17 2408 176 2486 ridebant,
195 2421 228 2478 at
246 2412 472 2502 omnipotentis
485 2413 614 2502 quidem
626 2425 714 2480 certe
728 2413 947 2503 inspiciebant.
968 2414 1048 2480 Nam

17 2539 66 2583 ros
86 2539 199 2584 vocem
221 2519 350 2609 quidem
370 2520 534 2598 audimus,
558 2532 591 2587 et
611 2543 744 2611 corpora
765 2521 1046 2611 contemplamurt

17 2625 94 2692 tens
106 2638 213 2694 autom
222 2627 323 2717 ipsam
335 2652 403 2695 rem
414 2629 593 2706 examinat,
607 2653 693 2717 aqua
705 2629 807 2694 fertur
822 2653 882 2696 vox
893 2641 926 2696 et
938 2652 1049 2720 aspec-

17 2757 68 2800 us.
90 2735 147 2800 His
171 2749 426 2825 consequenter,
455 2737 547 2804 rivel
573 2741 729 2815 morbus,
754 2736 803 2804 vei
825 2761 916 2804 casus
937 2737 1050 2829 aliquis

17 2841 200 2908 inostioum
220 2844 387 2922 invaserit,
409 2857 505 2935 atque
532 2849 610 2914 adeo
633 2869 719 2916 mors
742 2871 812 2936 quaa
835 2859 883 2913 est
906 2848 1050 2914 omnium

17 2950 324 3030 naximeterribilis,
337 2966 445 3022 manet
461 2955 568 3022 animo
579 2956 758 3032 interritus,
772 2956 873 3022 sciens
885 2977 1051 3045 quaecum-

17 3081 73 3146 1ua
87 3071 164 3126 sunt
174 3058 357 3147 hujusmodi
373 3085 440 3128 esse
455 3076 576 3130 naturae
587 3065 807 3132 necessitatem
823 3089 831 3130 ι
845 3049 901 3130 add
912 3066 959 3130 sie
974 3086 1051 3153 quo-

17 3189 72 3255 pue
87 3168 148 3234 Dei
163 3169 281 3234 rimute
292 3193 329 3236 ea
342 3170 424 3236 effici
435 3173 705 3240 medicamentum
720 3171 848 3250 salutis,
866 3185 901 3237 ιιι
913 3195 984 3262 quae
993 3195 1054 3263 per

17 3262 219 3366 iisciplinam'
234 3301 289 3344 eos
303 3261 468 3346 ¹beneficio
485 3281 622 3348 afficiant
644 3283 698 3371 qui
720 3281 879 3348 difficilius
899 3281 1052 3348 transsor-
1075 3329 1080 3333 -

17 3397 159 3464 nantur,
172 3397 205 3450 et
217 3409 290 3452 vere
302 3389 386 3452 bona
402 3411 460 3476 pro
471 3389 590 3454 meritis
603 3391 828 3479 dispertiantur
837 3389 1047 3458 Providentia.

17 3491 111 3559 Utens
132 3495 230 3584 igitur
243 3498 340 3562 rebus
355 3497 487 3573 creatis,
507 3498 634 3586 quando
652 3510 686 3563 et
700 3511 855 3588 quantum
873 3499 956 3564 dicet
971 3498 1052 3566 Ver-

17 3623 107 3680 sum,
121 3604 215 3691 eique
232 3605 285 3698 qui
298 3605 416 3672 creavit
428 3629 523 3695 agens
538 3607 673 3696 gratias,
690 3631 765 3673 nsua
777 3631 887 3676 earum
899 3607 936 3673 Γιι
946 3609 1053 3676 Domi-

17 3731 80 3775 rua.
99 3709 271 3799 Nunquam
294 3723 431 3801 acceptae
449 3725 496 3778 ost
511 3735 637 3779 memor
651 3714 794 3803 injuriae,
811 3715 928 3782 nemini
947 3715 983 3782 fit
1000 3718 1052 3783 in·
1159 3737 1163 3750 ¹

17 3815 138 3895 ansus,
153 3821 277 3886 etiamsi
293 3821 332 3886 sit
352 3822 425 3888 odio
445 3822 559 3914 dignus
575 3836 708 3916 propter
723 3847 760 3892 ea
772 3848 842 3915 qua·
857 3825 931 3894 iacit
949 3851 957 3893 ε
974 3826 1053 3894 colit

48 3957 547 4035 'ramum15,13.-¹1²aat.xuv,
564 3989 602 4022 ro.
