2546 4614
419 327 459 370 ns
484 324 705 372 surscnmsro.
1014 299 1078 382 dci

6 455 9 496 t
46 445 131 510 esim
145 445 298 523 moriens,
310 443 480 534 imperium
494 442 631 511 solidum
643 442 677 508 in
690 452 826 530 quatuor
840 451 945 532 partes
960 439 1075 507 divisit.

6 571 10 612 t
88 553 191 622 XXV.
210 555 333 622 Deinde
344 556 387 620 cit
402 553 551 622 sellestia
563 562 674 644 quarta
687 551 836 619 terribilis
847 574 886 620 sc
897 550 1075 642 stupenda:

45 691 59 726 ι
73 663 181 732 dentes
195 667 264 754 ejus
278 665 386 740 ferrei,
399 677 432 731 et
446 687 566 755 ungues
580 665 650 753 ejus
665 663 755 730 and.
767 691 783 726 s
797 661 938 742 Quinam
953 661 1004 728 isti
1018 659 1079 728 nisi

6 797 8 834 ε
43 773 177 840 llcmani
188 775 203 840 i
213 775 300 864 quod
311 787 359 863 est
370 775 503 850 serrum,
515 774 603 862 quod
617 798 705 841 nunc
717 783 780 840 stat
794 785 965 861 manetque
976 773 1078 863 lmpe-

6 911 12 950 ι
44 882 137 950 rium.
158 885 259 952 Crura
275 885 364 960 enim
385 885 455 973 ejus
474 884 586 950 ferrea.
604 883 680 950 Post
697 884 765 950 haec
779 883 878 959 enim,
894 882 972 971 quid
990 880 1078 948 uliud

6 1019 15 1062 r
42 1005 182 1082 superet,
194 995 391 1071 charissime,
405 1005 520 1084 praeter
534 995 662 1084 vestigia
676 995 795 1084 pedum
809 993 981 1070 simulacri,
997 993 1077 1058 etin

6 1133 17 1176 ,ι
42 1103 158 1190 quibus
172 1127 245 1194 pars
259 1105 405 1194 quaedam
420 1105 534 1180 ferrea,
546 1127 619 1194 pars
631 1126 707 1170 vero
717 1115 886 1180 testeacst,
898 1103 1077 1170 commixtis
1207 1150 1212 1158 ·

6 1247 19 1290 η
41 1212 125 1278 inter
139 1235 174 1277 se
189 1214 378 1302 speciebus?
391 1213 453 1278 Per
468 1235 588 1301 ungues
608 1212 729 1303 pedum
748 1234 864 1278 arcanc
878 1235 973 1278 sensu
986 1233 1076 1300 reges

6 1365 10 1400 ,
42 1345 82 1388 ex
95 1321 150 1388 illo
165 1336 271 1388 ortum
286 1323 450 1389 hubituros
464 1322 650 1411 designauit,
664 1321 710 1388 uti
722 1321 836 1390 ldanisl
849 1322 909 1389 ait:
919 1347 936 1382 s
948 1319 1075 1412 Cogita-

6 1471 22 1514 „
44 1461 56 1494 ι
70 1433 145 1498 bum
159 1434 308 1510 bestium,
319 1447 352 1500 et
362 1456 439 1501 ecce
451 1432 564 1500 decem
576 1457 699 1501 cornua
713 1447 799 1504 reus
813 1455 897 1510 eam,
910 1434 994 1499 inter
1003 1455 1076 1522 quae

6 1585 22 1628 fl
43 1555 176 1630 »surget
195 1541 391 1610 minusculus
411 1541 493 1608 stolo
515 1540 607 1619 alius,
627 1555 661 1608 et
683 1544 743 1610 tria
770 1566 842 1632 quae
868 1553 942 1608 aute
969 1541 1084 1632 ipsum*

6 1676 23 1740 ἠ
40 1663 157 1718 »eraut
171 1673 290 1718 cornua
304 1649 429 1718 evellet.
449 1679 462 1714 s
478 1649 553 1730 Quu
567 1673 632 1716 ucn
647 1649 734 1716 aliud
749 1673 847 1739 quam
861 1649 1074 1717 Antichristus

6 1787 21 1855 u
38 1771 231 1825 monstratus
242 1771 307 1835 est,
323 1760 377 1847 qui
391 1759 505 1846 etipse
520 1757 540 1823 J
543 1757 706 1823 udaeorum
719 1781 854 1846 regnum
866 1756 1074 1825 suscitaturus

6 1861 19 1968 fl
40 1877 100 1930 est.
115 1865 189 1931 Tria
204 1889 324 1933 cornua
338 1889 396 1956 per
409 1887 485 1931 eum
497 1863 616 1940 evulsa,
629 1877 693 1931 tres
709 1889 798 1955 reges
814 1879 918 1943 vocat,
930 1864 1072 1955 AEgypst,

6 2037 16 2080 ι
40 1975 150 2064 Libyas
162 1989 196 2042 st
210 1975 392 2065 AEthiopiae,
403 1999 483 2064 quos
497 1973 667 2042 interficiet
679 1976 713 2042 in
727 1973 803 2042 belli
817 1977 896 2043 acie.
909 1975 971 2043 llic
983 1975 1075 2042 nimi-

6 2147 15 2190 Ι
38 2109 113 2152 rum
127 2088 272 2153 omnium
287 2086 373 2176 gravi
383 2086 517 2175 imperio
532 2085 663 2174 potitus,
675 2085 729 2174 qui
742 2109 842 2154 saevus
857 2098 1009 2176 tyrannus
1018 2087 1072 2164 sit,

6 2263 13 2304 Ι
38 2197 280 2265 tribulationem
300 2220 339 2265 sc
357 2195 660 2287 persecutionem-in
675 2194 820 2263 homines
838 2197 990 2274 movebit,
1012 2197 1071 2263 sd-

7 2361 12 2412 Ι
39 2331 150 2374 versus
165 2331 245 2398 quos
259 2306 419 2374 sileretur.
434 2307 487 2374 Ait
501 2305 587 2371 enim
598 2302 728 2373 Daniel:
739 2305 986 2396 «Attentiusque
997 2309 1073 2374 c'ou·

7 2477 9 2496 ι
38 2447 53 2480 s
69 2417 248 2484 sideralium
260 2439 376 2491 corum
391 2429 424 2482 et
435 2439 511 2484 ecce
521 2437 624 2482 cornu
634 2411 713 2482 illud
723 2414 858 2482 iaciebat
865 2413 986 2482 bellum
997 2439 1072 2483 cum

7 2505 11 2634 'l
37 2555 52 2590 s
66 2529 196 2604 sanctis,
212 2541 245 2594 et
263 2525 452 2617 praeralebat
467 2526 616 2593 adsersus
630 2547 697 2602 ecs,
714 2524 817 2592 donec
837 2525 1003 2592 interiectu
1021 2539 1071 2593 cst

35 2665 49 2700 ι
64 2639 164 2705 bestia
181 2651 213 2704 at
229 2639 361 2715 interiit,
374 2651 405 2704 ct
420 2659 536 2728 corpus
550 2636 624 2724 ejus
636 2635 750 2702 datum
765 2636 861 2704 estin
872 2637 1070 2704 combustio·

8 2813 10 2852 Ι
34 2771 142 2814 anem
157 2747 268 2837 ignis¹.
287 2776 300 2811 s

8 2899 9 2906 κ
77 2855 200 2924 XXVI.
224 2856 317 2922 Brevi
335 2870 409 2946 post
427 2858 533 2924 veniet
550 2859 595 2926 de
617 2857 705 2928 coelis
725 2855 803 2948 lapis
831 2857 886 2947 qui
912 2859 1071 2948 percussit

32 2964 241 3032 simulacrum
262 2962 391 3030 utillud
408 2967 575 3044 contrivit,
601 2981 696 3056 atque
714 2989 811 3057 regna
833 2965 1014 3044 transtulit,
1036 2981 1069 3034 et

31 3075 150 3143 sanctis
167 3073 318 3143 Altissimi
336 3097 471 3164 regnum
486 3076 574 3142 dedit
586 3076 609 3142 ².
629 3078 689 3144 llic
704 3088 752 3142 cst
767 3075 821 3164 qui
844 3075 945 3143 luctus
965 3089 1014 3143 cst
1033 3078 1066 3144 in

29 3197 176 3252 moutam
197 3205 347 3272 magnum
370 3195 402 3248 et
423 3182 566 3273 implerit
584 3186 763 3253 universum
784 3199 914 3261 terrum,
938 3186 978 3252 ds
1002 3177 1067 3276 quc

29 3293 145 3364 Daniel
168 3295 211 3360 ait
228 3317 237 3360 ε
254 3320 267 3356 s
282 3293 483 3383 Aspictebam
510 3295 542 3360 in
560 3295 678 3362 visione
697 3296 824 3362 noctisz
842 3307 875 3363 ct
896 3317 972 3364 ecce
989 3319 1068 3365 cum·

30 3436 46 3472 ι
61 3407 200 3474 nubibus
215 3403 289 3472 coeli
303 3405 392 3495 qussi
408 3405 433 3471 F
436 3403 507 3470 ilius
529 3405 666 3472 hominis
681 3407 809 3472 veniens
826 3427 834 3470 :
853 3415 886 3471 et
904 3429 1006 3496 usque
1024 3408 1065 3474 cd

29 3549 45 3584 s
60 3517 237 3605 Antiquum
248 3516 371 3582 dierum
385 3517 541 3606 pervenit,
553 3528 586 3582 et
596 3514 721 3583 oblatus
733 3528 782 3586 est
792 3517 831 3582 ei.
846 3517 887 3582 Et
898 3515 1006 3584 dutum
1017 3531 1066 3586 est

29 3630 89 3696 »ei
101 3628 269 3717 imperium
285 3639 317 3694 et
331 3626 435 3694 honor
449 3638 482 3693 et
494 3649 626 3718 regnum
634 3649 644 3700 ς
660 3636 693 3692 et
705 3643 817 3692 omnes
830 3624 952 3715 populi,
962 3627 1062 3694 tribus

29 3767 45 3801 ι
60 3749 94 3804 et
104 3736 219 3826 linguar
231 3736 366 3804 servient
377 3734 431 3802 illi.
446 3735 587 3803 Potestas
601 3736 684 3824 ejus,
696 3745 834 3824 potestas
850 3746 979 3814 asterus,
991 3761 1064 3826 quas

27 3877 44 3912 ι
58 3871 125 3916 non
136 3845 358 3936 pertransibit:
372 3859 405 3914 et
416 3869 550 3937 regnum
561 3847 631 3933 ejus
642 3867 707 3912 uon
719 3843 890 3913 interibit'.
900 3875 913 3911 s
922 3845 1062 3918 omnm

62 3980 152 4030 tuan.
162 3995 206 4043 ru,
215 3989 279 4032 sset
288 3997 326 4032 ss.
338 3975 390 4022 ·-'²
401 3979 443 4034 ld.
454 3998 483 4041 u,
496 3980 528 4041 34
537 3988 563 4032 ct
572 3981 614 4039 li.
626 4007 658 4020 -
670 3979 680 4016 ⁸
690 3980 733 4032 ld.
745 3995 791 4041 ru,
805 3980 841 4032 1³.
