2522 4608
1250 183 1252 264 t

232 257 294 319 582
550 247 720 316 cirurnrts
747 271 956 316 rnnxnnnnrrtr

230 416 323 462 »non
336 393 520 469 'aemulntur,
533 415 600 459 non
618 383 683 482 egit
700 409 880 481 perperam,
897 415 962 458 non
978 393 1143 460 inllotur¹.·»
1161 398 1217 465 Per-

229 528 303 595 pern
319 505 403 571 enim
418 503 501 568 ectio
517 503 634 569 dicitur
648 499 766 577 cultus,
782 501 838 589 qui
853 501 1096 589 superfluitatem
1111 519 1139 572 et
1150 508 1218 574 inuti

230 615 350 681 litatem
369 626 477 702 aperte
495 613 625 680 indicat.
640 613 682 678 Et
701 613 772 677 ideo
792 613 980 702 subjungit:
1001 614 1090 682 «Non
1105 617 1218 684 indecore
1251 603 1252 682 l

229 749 290 790 »se
309 727 399 814 gerit.
418 723 602 792 »lndecora
616 723 702 789 enirn
723 734 783 801 est,
808 745 878 812 quae
893 721 1008 799 aliene,
1024 737 1055 791 et
1068 750 1123 792 non
1135 742 1175 793 est
1185 752 1219 794 e-
1250 817 1252 836 .

228 834 370 902 cundum
382 842 596 907 naturam,est
608 829 723 919 ligure:
734 854 805 919 quae
815 844 922 898 autem
933 831 1007 898 ficta
1019 847 1074 907 est,
1084 846 1125 898 est
1134 833 1218 900 aliene.
1250 853 1252 918 t

229 943 324 1026 Quod
336 942 464 1033 quidem
477 953 586 1032 aperte
597 940 745 1031 explicet,
759 942 837 1008 dum
849 942 927 1010 dicit
940 965 948 1006 :
962 969 974 1003 ι
987 942 1055 1008 Non
1067 945 1220 1032 quaeritque
1250 927 1252 1008 l

226 1065 418 1121 »sua'sunt
444 1081 456 1116 r
478 1051 559 1117 Nam
585 1052 698 1118 veritas
717 1075 811 1117 suurn
833 1063 923 1119 vocat
942 1052 976 1116 id
992 1052 1075 1141 quod
1094 1055 1221 1142 proprium

225 1177 283 1232 eet.
310 1162 407 1243 Quod
428 1161 566 1228 alienum
582 1174 630 1226 est
646 1172 754 1228 autem
768 1163 881 1250 quaerit
896 1162 1031 1228 nimium
1049 1175 1163 1228 ornatus
1175 1176 1222 1228 str-

225 1273 328 1347 dium,
347 1283 382 1336 ut
397 1269 484 1359 quod
499 1271 538 1335 sit
554 1274 712 1335 remotum
728 1294 746 1334 e
761 1271 843 1346 Deo,
859 1271 959 1358 Logo,
979 1282 1012 1334 ct
1027 1270 1173 1335 charitate.
1187 1271 1223 1358 lp·

225 1394 415 1450 sumentem
428 1381 601 1446 Dominum
612 1379 706 1444 luisse
716 1395 846 1468 aspectu
860 1381 1036 1474 deformem
1052 1380 1111 1470 (t),
1123 1392 1223 1445 testetur

224 1491 360 1581 Spiritus
375 1513 433 1578 per
449 1490 597 1554 Esaiam:
617 1489 683 1554 «Et
699 1488 832 1554 vidimus
849 1489 965 1576 ipsum,
988 1501 1020 1554 et
1038 1514 1100 1555 non
1117 1490 1222 1556 hebebit

224 1603 389 1692 »speciem
405 1621 466 1666 nec
480 1596 766 1688 pulchritudinem
782 1600 838 1664 sed
849 1602 968 1688 species
984 1601 1053 1687 ejus
1072 1599 1135 1665 vilis
1149 1600 1223 1665 etde

224 1739 238 1773 r
253 1709 364 1776 ficiens
375 1731 440 1797 prae
449 1707 629 1772 hominibus
640 1705 663 1772 ².
673 1733 685 1769 ι
697 1706 776 1787 Quis
788 1719 893 1772 eutem
902 1707 1040 1773 Domino
1046 1705 1223 1796 praestantior?

224 1817 289 1885 sed
309 1840 374 1884 non
397 1815 499 1882 cernis
515 1813 808 1902 pulchritudinem,
821 1839 890 1903 quae
912 1817 1031 1882 visione
1051 1817 1223 1905 appretient

223 1940 287 2003 tur,
301 1925 357 1991 sed
370 1947 477 1990 rerem
493 1924 606 1990 enimae
617 1935 650 1988 et
663 1924 806 2013 corporis
817 1925 956 1990 ostendit
966 1923 1221 2013 pulchritudinem:
1250 1987 1252 2002 ,

223 2037 336 2102 nnimae
360 2033 491 2123 quidem
514 2032 779 2109 beneficentiam
807 2035 911 2100 cernis
930 2035 1224 2112 vero,⁴immortditr
1250 2003 1252 2072 l

222 2159 296 2212 tem.

626 2290 775 2358 CAPUT
799 2287 843 2358 ll.

498 2459 501 2464 Δ
526 2490 612 2582 Quod
620 2513 674 2551 non
684 2497 721 2552 sit
734 2493 813 2553 cultu
824 2493 963 2553 utendttm.

264 2691 334 2757 Non
350 2693 474 2758 externi
488 2716 565 2783 ergo
580 2694 717 2762 hominis
730 2709 888 2784 aspectus,
909 2697 965 2763 sed
982 2699 1110 2763 enimus
1126 2699 1232 2788 probite-

218 2799 257 2865 tis
270 2814 457 2868 ornamento
473 2802 635 2869 ornandus
650 2816 707 2870 est.
724 2805 794 2871 Dici
806 2818 923 2894 potest,
940 2807 1120 2874 ornandam
1134 2825 1241 2896 quoqot·

216 2932 284 2976 esse
299 2933 430 2976 carnem
451 2925 639 2980 ornamento
661 2916 876 2984 continentiae.
896 2917 967 2982 lstae
983 2929 1092 2983 autem
1112 2941 1172 2983 non
1187 2915 1242 2981 ari·-

217 3018 432 3096 modvertont,
442 3023 519 3087 dum
533 3021 642 3090 colunt
653 3024 687 3089 id
698 3025 784 3115 quod
801 3038 849 3092 est
866 3027 1077 3104 extrinsecus,
1092 3051 1161 3117 quae
1171 3029 1233 3092 intrt

216 3128 249 3193 in
264 3129 422 3217 profundo
438 3132 497 3197 site
518 3145 604 3208 sunt,
622 3129 690 3200 esto
705 3133 798 3224 plane
813 3135 946 3212 inculte,
964 3136 1110 3215 horrida,
1126 3151 1157 3205 et
1169 3135 1235 3203 steri·

215 3237 255 3302 lie
278 3261 286 3302 τ
312 3241 491 3328 cujusmodi
515 3253 588 3308 sunt
603 3247 699 3308 etiem
715 3258 902 3312 ornamenta
918 3245 1157 3337 AEgyptiorum,
1172 3241 1236 3336 apol

215 3371 294 3436 quos
309 3349 440 3438 templo,
463 3375 638 3439 eorumque
652 3354 805 3441 porticus,
825 3355 982 3421 restibule
1003 3381 1042 3423 nc
1056 3356 1124 3424 luci
1142 3355 1238 3446 megri-

215 3456 276 3522 fico
291 3459 450 3536 instructi,
467 3485 642 3550 eorumque
656 3464 736 3529 etrio'
753 3466 860 3534 multis
872 3465 1031 3534 columnis
1043 3469 1152 3536 cincta
1163 3479 1233 3534 sunt:

215 3568 350 3655 parietes
368 3581 476 3634 nutem
496 3571 654 3659 lapidibus
672 3577 810 3642 externis
825 3589 858 3642 et
873 3577 1045 3645 artificiose
1059 3577 1190 3668 depictis
1200 3599 1238 3642 re·

215 3674 394 3765 splendent,
412 3680 455 3744 ite
472 3694 506 3744 ut
522 3680 601 3746 nihil
617 3683 697 3746 desit
714 3707 722 3747 :
741 3685 823 3750 aedes
839 3699 948 3753 autem
963 3711 1056 3762 euro,
1075 3695 1252 3778 argentoet¹

214 3783 333 3852 electro
352 3787 530 3868 collucent,
551 3804 583 3857 et
605 3815 643 3857 ex
666 3795 753 3860 India
774 3819 812 3863 oo
831 3795 992 3888 AEthiopie
1015 3799 1112 3866 variis
1137 3799 1235 3889 fulgent

247 3914 256 3950 ¹
281 3931 291 3964 ι
306 3915 365 3967 Gor.
384 3934 438 3982 xrrr,
449 3919 505 3978 d,5.
519 3949 549 3960 -
561 3921 631 3971 ²lsni.
649 3940 703 3981 cnr,
718 3939 739 3985 π,
750 3924 773 3971 3.
