2570 4614
118 279 121 286 ·
209 256 270 319 268
518 273 691 318 ιιιιιιιιτιι
715 273 926 318 ruminarunt

609 463 760 532 CAPUT
784 463 845 530 lx.

231 643 315 724 Quod
330 641 454 721 ejusdam
466 645 503 701 st't
513 645 653 718 potestatis
668 655 692 701 ct
705 641 870 724 beneficam,
881 639 988 721 etjustc
996 644 1120 716 punire.-
1132 643 1161 700 r'n
1173 664 1222 716 qua

376 745 458 801 etium
467 741 642 816 dicdurqnis
651 742 794 801 sitmodus
802 733 976 821 poedug'ogioe
985 741 1023 802 V
1017 740 1084 800 orbi

251 931 410 998 Omnibus
421 953 496 1020 ergo
509 931 640 1009 viribus,
651 931 800 1000 humanae
808 919 932 997 naturae
943 931 1155 1021 Paedagogus‚
1171 929 1236 994 diri

208 1063 286 1108 num
301 1053 447 1107 nostrum
458 1039 613 1118 Verbum,
631 1053 722 1107 utens
735 1042 884 1108 omnibus
899 1042 1060 1132 sapientiae
1072 1040 1237 1113 machinis.

210 1152 346 1218 inlantca
371 1173 560 1218 conservare
584 1175 748 1242 aggressus
772 1163 835 1228 est,
857 1151 1044 1230 admonens,
1068 1150 1238 1239 repreben-

210 1261 302 1336 dens,
329 1259 510 1349 increpans,
533 1283 687 1350 arguens,
711 1261 848 1337 minans,
874 1284 1008 1338 sanans,
1034 1261 1236 1351 promittens,
1265 1329 1270 1348 ⁸

210 1369 404 1460 gratificans,
417 1369 523 1437 multis
534 1371 724 1460 quibusdam
738 1369 834 1438 veluti
847 1372 979 1438 [renisa
991 1373 1120 1437 ratione
1130 1369 1236 1438 abenas

210 1477 358 1548 bumanae
373 1493 493 1545 naturae
508 1481 717 1570 appetitiones
733 1477 873 1569 alligans.
897 1481 939 1547 Ut
963 1503 1039 1571 ergo
1062 1481 1180 1570 paucis
1197 1480 1235 1545 di·
1279 1543 1281 1570 ἵ

209 1609 295 1666 com,
311 1589 345 1656 in
362 1611 420 1654 nos
438 1589 481 1652 ita
500 1611 532 1652 se
546 1587 628 1677 gerit
644 1587 809 1662 Dominus,
835 1601 870 1653 ιιι
885 1612 942 1655 nos
957 1588 990 1652 in
1006 1599 1137 1653 nostroe
1153 1584 1231 1652 fitbr
1280 1573 1282 1654 l

218 1723 231 1760 ι
246 1699 328 1766 Sunt
342 1699 400 1766 tibi
415 1696 495 1764 filiii
510 1698 627 1787 castiga
642 1722 710 1776 eos,
729 1701 844 1766 suadet
860 1698 1049 1788 Sapientia,
1068 1709 1104 1762 et
1121 1655 1282 1762 ἰιιὼιιιΙ

211 1833 294 1876 aeos
309 1832 327 1874 a
341 1809 506 1899 juventute
520 1833 587 1877 sua.
606 1809 689 1876 Sunt
705 1811 764 1877 tibi
782 1809 878 1878 liliaei'
898 1810 1027 1876 attende
1042 1809 1177 1899 corpori
1193 1831 1233 1873 ea-

210 1943 323 1996 erum,
333 1931 366 1984 et
376 1943 416 1985 ne
429 1917 551 1986 vultum
564 1931 656 1987 tuum
672 1921 757 2010 apud
771 1943 825 1987 eas
839 1919 1088 1987 exhilaraveris²
1092 1967 1101 1984 .
1121 1948 1136 1980 s
1152 1919 1234 2008 Atqui
1282 1967 1283 1982 t

209 2027 327 2095 liberos
342 2041 477 2104 nostros,
496 2027 577 2094 lilios
591 2041 624 2094 et
639 2027 733 2106 filias,
753 2021 844 2096 valde
860 2041 893 2096 et
907 2053 1002 2119 supra
1018 2029 1283 2117 quodcumque
1282 2039 1283 2102 l

210 2137 297 2204 nliud
305 2161 459 2205 amamus.
474 2137 634 2218 Quoniam
646 2151 752 2204 autem
764 2139 801 2204 iis
812 2162 866 2227 qur
858 2139 918 2204 ad
928 2138 1063 2228 gratiam
1071 2136 1283 2226 loquuntur

209 2269 323 2338 parum
338 2260 386 2314 est
401 2246 487 2337 quod
502 2245 645 2314 molestia
661 2269 727 2312 non
744 2245 910 2320 alliciunt,
926 2246 981 2335 qui
996 2258 1108 2312 autem
1125 2247 1167 2312 ad
1186 2247 1236 2311 uti·
1281 2191 1284 2360 l

211 2357 332 2426 litatem
347 2358 454 2426 acerbi
471 2368 558 2433 sunt,
577 2357 636 2422 etsi
652 2357 684 2422 in
700 2357 869 2447 pinsentis
882 2355 1005 2423 molesti
1020 2357 1097 2436 sint,
1117 2359 1152 2424 in
1168 2357 1237 2422 lutri

208 2492 279 2536 ram
289 2481 398 2560 postea
412 2479 538 2535 aetatem
554 2465 712 2533 beneficio
727 2467 871 2533 afficiunt
887 2489 895 2532 :
912 2489 976 2533 non
987 2481 1183 2557 praesentem
1194 2490 1237 2532 ro

210 2575 366 2666 luptatem
388 2575 556 2650 Dominus,
578 2572 788 2640 sedluturam
810 2575 964 2663 spectavit
986 2573 1234 2644 delectationem

208 2685 319 2764 Quare
333 2685 398 2774 jam
414 2683 558 2772 benignas
573 2680 657 2748 illius
671 2681 863 2773 Paedagogiae
874 2684 1006 2751 modum
1020 2707 1237 2774 percurramus

211 2819 286 2882 cum
301 2781 489 2885 prophetico
503 2794 698 2861 testimonio.
719 2795 776 2861 Est
794 2815 870 2885 ergo
886 2795 1062 2862 admonitio
1079 2819 1159 2862 cum
1172 2819 1237 2862 cura

210 2907 383 2996 conjuncta
401 2905 604 2995 vituperatio,
624 2929 695 2996 quae
715 2902 954 2996 intelligentiam
974 2907 1069 2996 parit.
1091 2906 1178 2972 Talis
1200 2915 1239 2970 est

211 3011 404 3107 Paedagogus
414 3016 606 3096 admonitor,
618 3031 655 3084 ut
666 3018 795 3107 quando
805 3020 882 3085 dicit
891 3019 922 3085 in
933 3019 1126 3108 Evangelio:
1140 3020 1240 3100 «Quo

212 3129 301 3195 »ties
321 3126 407 3195 volui
422 3151 615 3218 congregare
637 3127 718 3194 filios
740 3142 824 3206 tuos,
843 3131 925 3196 sicut
940 3129 1057 3220 gallina
1076 3139 1241 3219 congregat

212 3237 431 3327 »pullos'suos
447 3239 506 3303 sub
529 3236 607 3316 alas,
623 3251 655 3303 et
671 3237 801 3305 noluisti
819 3237 855 3304 ²?
869 3268 882 3302 ι
898 3241 939 3306 Ει
955 3264 1066 3306 rursus
1083 3239 1241 3329 Scriptura

211 3338 380 3414 admonet:
394 3346 457 3412 «Et
469 3345 619 3412 moechati
631 3359 717 3424 sunt,
732 3348 855 3424 dicans,
873 3349 905 3414 in
916 3347 1038 3437 lignum
1050 3361 1084 3415 et
1095 3348 1239 3439 lapidem,

212 3468 270 3520 set
291 3451 534 3545 suffumigarunt
555 3453 632 3522 Baal
655 3454 679 3519 ⁸.
707 3455 904 3523 »ttaximum
930 3469 1040 3524 nutem
1058 3458 1184 3547 signum
1198 3468 1243 3521 est

212 3563 282 3651 ojus
295 3565 497 3654 benignitatis
502 3597 511 3642 ι
524 3565 611 3653 quod
624 3562 701 3631 licet
711 3578 819 3655 aperte
835 3567 929 3634 sciret
944 3568 1176 3656 impudentiam
1189 3589 1242 3654 po

212 3669 291 3759 puli,
308 3671 362 3760 qui
376 3670 598 3741 recalcitrabat
612 3686 645 3740 et
660 3671 833 3752 resiliebat,
852 3687 960 3768 aperta
976 3687 1086 3744 tamen
1101 3675 1242 3742 adhorta·

246 3839 341 3892 'scen
356 3859 403 3906 ru,
414 3846 455 3907 ab,
468 3847 507 3906 sd.
523 3845 574 3886 -2
585 3847 677 3900 Maru.
692 3865 763 3910 xxm,
777 3849 818 3916 37.
831 3849 880 3888 -l
894 3849 947 3904 lar.
960 3867 1000 3912 ιιι,
1013 3867 1043 3915 93
1055 3867 1100 3912 arr,
1112 3849 1144 3912 s;
1155 3865 1193 3910 n,
1205 3847 1241 3904 15;

213 3933 279 3968 run
301 3934 340 3970 ι.
