2412 4596
343 187 530 230 s'rttttttt'rutt
553 187 615 229 ΗΒ.
643 187 689 230 111.
755 215 762 230 1
976 189 1037 256 119

882 255 907 286 Ω

14 329 82 374 tere.
106 307 224 375 Revera
251 309 358 384 enim,
386 319 421 372 ut
448 308 526 373 dixit
547 308 728 396 Dominus:
746 307 836 376 «Nisi
858 311 1037 378 abundave-

14 415 64 480 trit
83 415 199 503 justitia
222 427 324 482 vestra
344 412 512 503 plusquam
536 415 722 486 Scribarum
733 429 768 482 et
786 417 1035 497 Pharisaeorum,

14 546 85 589 »non
99 522 255 588 intrabitis
275 524 308 589 in
323 545 457 612 regnum
472 523 530 589 Dei
549 522 573 590 ¹.
589 551 603 584 a

50 673 94 754 4⁰.
103 666 273 767 Explodit
283 667 541 766 «aliquosalios
550 669 672 768 pusilli
683 685 719 741 et
732 671 867 743 nullius
877 677 984 771 pretii
993 679 1016 743 ².
1024 704 1041 739 2>

36 825 151 890 Dicunt
161 823 334 890 formatum
341 822 436 888 luisse
450 823 614 890 bominem
626 849 644 890 a
656 825 785 890 diversis
800 825 1013 892 potestatibus
1024 849 1041 894 ε.

14 941 35 998 ιι
45 954 112 1020 prae
127 943 202 996 sunt
218 929 347 1018 quidem
362 931 518 1018 usquead
534 929 720 998 umbilicum
735 954 803 997 esso
819 933 893 998 artis
905 933 1041 1004 divinior

14 1039 155 1126 is:quae
177 1049 283 1104 autem
306 1029 435 1115 subter,
461 1039 593 1104 minoris
616 1063 624 1103 :
649 1023 711 1127 qua
735 1040 775 1104 de
794 1063 889 1108 causa
915 1042 1039 1110 coitum

14 1169 123 1236 proquo
139 1158 300 1236 appetere.
326 1146 397 1214 Non
415 1146 670 1215 animadvertunt
693 1159 819 1224 autem,
835 1148 922 1237 quod
939 1173 1036 1238 supe-

14 1255 95 1320 riores
106 1277 235 1344 quoque
249 1266 355 1345 partes
370 1255 600 1322 nutrimentum
614 1267 780 1344 appetunt,
797 1268 830 1321 at
845 1257 1036 1345 quibusdam

14 1361 215 1430 ibidinantur.
232 1361 448 1429 Adversantur
460 1373 566 1428 autem
582 1360 709 1428 Christo
725 1387 871 1452 quoque,
887 1365 941 1453 qui
958 1363 1039 1430 dixit

14 1470 174 1548 Pha-iscis,
186 1471 339 1544 eumdem
349 1472 454 1538 Deum
469 1482 501 1535 et
513 1470 663 1538 internum
678 1481 867 1540 nostramet
881 1484 1037 1538 externum

14 1576 105 1652 iecisse
118 1579 287 1646 hominem
308 1578 332 1644 ¹.
352 1578 534 1659 Quinetiam
555 1578 703 1667 appetitio
723 1603 787 1646 non
808 1592 855 1646 est
873 1582 1038 1671 corporis,

14 1687 59 1751 etsi
73 1685 125 1754 lint
140 1709 200 1776 per
215 1709 341 1776 corpus.

60 1831 293 1908 5'.Confutat
311 1837 551 1924 «Antitactas‚
576 1836 648 1908 hoc
671 1851 742 1924 est,
764 1836 985 1908 adversarios
1007 1852 1043 1908 et

14 1965 275 2049 »repugnantes
283 1954 308 2038 ⁶,
322 1981 338 2016 a
351 1954 415 2047 qui
429 1951 557 2022 dicunt

48 2103 141 2186 Quod
152 2104 238 2170 Deus
252 2099 382 2194 quidem
397 2102 618 2168 universorum
632 2114 740 2168 noster
750 2114 799 2168 est
809 2115 922 2170 natura
934 2116 1038 2193 pater,

14 2221 38 2276 et
48 2211 170 2287 omnia,
183 2232 393 2298 quaecumque
407 2209 503 2286 lecit,
518 2209 603 2275 bona
618 2221 715 2274 sunt:
734 2233 816 2275 unus
832 2222 937 2276 autem
952 2213 1042 2300 quis-

14 2319 83 2412 piam
97 2342 138 2384 ex
155 2311 212 2394 iis,
229 2319 284 2407 qui
303 2318 422 2406 abipso
439 2316 514 2384 lacti
533 2328 624 2393 sunt,
641 2317 801 2384 seminatis
816 2318 958 2395 zizaniis,
974 2342 1042 2386 mn-
1094 2359 1100 2368 ·

14 2424 101 2492 lorum
115 2439 266 2494 naturam
282 2425 465 2516 generavit:
484 2425 599 2513 quibus
615 2425 712 2491 ctiam
727 2449 785 2492 nos
805 2448 915 2492 omnes
934 2425 1039 2516 impli-

14 2537 98 2612 tavit,
115 2549 156 2600 ut
171 2559 230 2601 nos
247 2534 388 2600 efficeret
408 2533 494 2601 Patri
514 2534 717 2600 adversarios.
738 2536 846 2614 Quare
864 2557 924 2600 nos
944 2535 1042 2602 ctiam

14 2643 59 2734 ipsi
75 2645 155 2710 huic
175 2643 379 2710 adversamur
397 2641 437 2708 ad
450 2641 577 2708 Patrem
601 2639 837 2718 ulciscendum,
855 2656 971 2710 contra
997 2667 1044 2710 se-

14 2754 95 2819 cundi
126 2751 326 2819 voluntatem
356 2749 517 2816 facientes.
555 2750 716 2830 Quoniam
746 2773 822 2840 ergo
856 2751 910 2818 bic
939 2751 1040 2818 dixit:

14 2857 73 2926 llos
83 2859 278 2926 moeclsaberia
293 2883 303 2923 :
318 2881 375 2924 nos
387 2907 396 2934 ,
408 2857 572 2945 inquiunt,
586 2855 803 2934 moechamur,
820 2869 855 2922 nt
867 2859 935 2946 ejus
950 2881 1044 2924 man-
1117 2943 1122 2952 Ι

14 2966 113 3034 datam
140 2965 357 3034 dissolvamus.
376 2964 501 3045 Quibus
516 2963 771 3055 responderimus
788 2987 932 3051 quoque,
957 2966 1044 3052 quod

14 3074 314 3168 pseudoprophetas,
328 3085 362 3139 et
376 3096 451 3149 eos,
467 3073 523 3162 qni
538 3072 703 3143 veritatem
724 3069 890 3146 simulant,
906 3095 946 3136 ox
968 3094 1041 3162 ope-

14 3184 87 3250 ribus
106 3184 258 3273 cognosci
283 3182 464 3270 accepimus
483 3206 490 3245 :
509 3181 535 3245 si
549 3178 632 3246 male
655 3178 787 3245 audiunt
808 3191 915 3244 autem
937 3192 1040 3247 vestra

14 3314 116 3380 spera,
134 3291 297 3379 quomodo
315 3289 420 3355 adhue
440 3288 550 3355 dicetis
564 3310 619 3352 vos
640 3287 804 3353 veritatem
825 3285 960 3352 tenere?
977 3287 1043 3354 Aut

14 3401 87 3466 enim
103 3399 228 3468 nullum
244 3411 292 3466 est
309 3396 450 3474 malum,
472 3410 506 3464 et
527 3421 591 3463 non
613 3408 660 3462 est
675 3395 785 3482 utique
800 3395 913 3484 dignus
930 3418 1039 3488 repre·
1105 3453 1108 3467 ι

45 3543 53 3568 ¹
66 3545 159 3598 Mattb.
171 3564 196 3607 v,
206 3563 246 3597 ao.

42 3635 51 3658 ¹
64 3635 124 3702 Peg.
138 3632 197 3686 5²6.
210 3692 214 3700 „

47 3726 54 3749 ⁸
68 3729 127 3775 buc.
140 3743 184 3787 ιι,
199 3728 239 3786 do.

43 3815 50 3836 ⁴
65 3815 124 3882 Peg.
138 3811 189 3866 526
201 3827 286 3878 etseq.
