<?xml version="1.0" encoding="UTF-8"?>
<!DOCTYPE html PUBLIC "-//W3C//DTD XHTML 1.0 Transitional//EN"
    "http://www.w3.org/TR/xhtml1/DTD/xhtml1-transitional.dtd">
<html xmlns="http://www.w3.org/1999/xhtml" xml:lang="en" lang="en">
 <head>
  <title>
</title>
<meta http-equiv="Content-Type" content="text/html;charset=utf-8" />
  <meta name='ocr-system' content='tesseract 3.04.00' />
  <meta name='ocr-capabilities' content='ocr_page ocr_carea ocr_par ocr_line ocrx_word'/>
</head>
<body>
  <div class='ocr_page' id='page_1' title='image "./collectioselect00guilgoog_0161.png"; bbox 0 0 2614 4628; ppageno 0'>
   <div class='ocr_carea' id='block_1_1' title="bbox 359 284 1089 350">
    <p class='ocr_par' dir='ltr' id='par_1_1' title="bbox 359 284 1089 350">
     <span class='ocr_line' id='line_1_1' title="bbox 359 284 1089 350; baseline 0 -2"><span class='ocrx_word' id='word_1_1' title='bbox 359 302 564 350; x_wconf 79' lang='lat' dir='ltr'><strong>cononnsrro</strong></span> <span class='ocrx_word' id='word_1_2' title='bbox 587 305 627 348; x_wconf 80' lang='lat' dir='ltr'><strong>in</strong></span> <span class='ocrx_word' id='word_1_3' title='bbox 650 303 781 350; x_wconf 82' lang='lat' dir='ltr'><strong>cnnrns.</strong></span> <span class='ocrx_word' id='word_1_4' title='bbox 1016 284 1089 349; x_wconf 77' lang='lat'>,155</span> 
     </span>
    </p>
   </div>
   <div class='ocr_carea' id='block_1_2' title="bbox 37 418 1124 1941">
    <p class='ocr_par' dir='ltr' id='par_1_2' title="bbox 37 418 1124 1941">
     <span class='ocr_line' id='line_1_2' title="bbox 37 418 1090 508; baseline -0.002 -20"><span class='ocrx_word' id='word_1_5' title='bbox 37 422 115 488; x_wconf 84' lang='lat' dir='ltr'><strong>simu</strong></span> <span class='ocrx_word' id='word_1_6' title='bbox 132 419 380 486; x_wconf 85' lang='lat' dir='ltr'><strong>consuetudine</strong></span> <span class='ocrx_word' id='word_1_7' title='bbox 391 421 554 498; x_wconf 87' lang='lat' dir='ltr'><strong>inductos,</strong></span> <span class='ocrx_word' id='word_1_8' title='bbox 565 420 734 489; x_wconf 90' lang='lat' dir='ltr'><strong>hominum</strong></span> <span class='ocrx_word' id='word_1_9' title='bbox 748 418 894 498; x_wconf 84' lang='lat' dir='ltr'><strong>artificia,</strong></span> <span class='ocrx_word' id='word_1_10' title='bbox 908 443 979 508; x_wconf 74' lang='lat' dir='ltr'><strong>quet</strong></span> <span class='ocrx_word' id='word_1_11' title='bbox 996 443 1090 488; x_wconf 86' lang='lat' dir='ltr'><strong>sensu</strong></span> 
     </span>
     <span class='ocr_line' id='line_1_3' title="bbox 38 527 1094 620; baseline 0.004 -26"><span class='ocrx_word' id='word_1_12' title='bbox 38 541 164 603; x_wconf 79' lang='lat' dir='ltr'><strong>carent,</strong></span> <span class='ocrx_word' id='word_1_13' title='bbox 180 527 301 596; x_wconf 76' lang='lat' dir='ltr'><strong>dirimo</strong></span> <span class='ocrx_word' id='word_1_14' title='bbox 316 529 492 598; x_wconf 90' lang='lat' dir='ltr'><strong>honoribus</strong></span> <span class='ocrx_word' id='word_1_15' title='bbox 504 530 672 599; x_wconf 77' lang='lat' dir='ltr'><strong>all&#39;eoissse.</strong></span> <span class='ocrx_word' id='word_1_16' title='bbox 688 531 734 599; x_wconf 85' lang='lat' dir='ltr'><strong>Ae</strong></span> <span class='ocrx_word' id='word_1_17' title='bbox 746 531 875 620; x_wconf 69' lang='lat' dir='ltr'><strong>Scythae</strong></span> <span class='ocrx_word' id='word_1_18' title='bbox 893 531 1023 620; x_wconf 87' lang='lat' dir='ltr'><strong>quidem</strong></span> <span class='ocrx_word' id='word_1_19' title='bbox 1039 555 1094 598; x_wconf 87' lang='lat' dir='ltr'><strong>an-</strong></span> 
     </span>
     <span class='ocr_line' id='line_1_4' title="bbox 39 639 1092 730; baseline 0.002 -26"><span class='ocrx_word' id='word_1_20' title='bbox 39 639 174 726; x_wconf 83' lang='lat' dir='ltr'><strong>tiquitus</strong></span> <span class='ocrx_word' id='word_1_21' title='bbox 207 640 389 706; x_wconf 76' lang='lat' dir='ltr'><strong>adorabant</strong></span> <span class='ocrx_word' id='word_1_22' title='bbox 424 641 588 708; x_wconf 87' lang='lat' dir='ltr'><strong>acinacem</strong></span> <span class='ocrx_word' id='word_1_23' title='bbox 595 667 606 715; x_wconf 68' lang='grc' dir='ltr'><strong><em>ς</em></strong></span> <span class='ocrx_word' id='word_1_24' title='bbox 640 643 773 717; x_wconf 77' lang='lat' dir='ltr'><strong>Arabes,</strong></span> <span class='ocrx_word' id='word_1_25' title='bbox 805 639 962 730; x_wconf 72' lang='lat' dir='ltr'><strong>lapidem</strong></span> <span class='ocrx_word' id='word_1_26' title='bbox 989 639 1092 706; x_wconf 86' lang='lat' dir='ltr'><strong>Persae</strong></span> 
     </span>
     <span class='ocr_line' id='line_1_5' title="bbox 40 747 1092 838; baseline 0.004 -26"><span class='ocrx_word' id='word_1_27' title='bbox 40 773 127 826; x_wconf 74' lang='lat' dir='ltr'><strong>sero,</strong></span> <span class='ocrx_word' id='word_1_28' title='bbox 148 748 308 818; x_wconf 78' lang='lat' dir='ltr'><strong>fluvium.</strong></span> <span class='ocrx_word' id='word_1_29' title='bbox 329 752 370 818; x_wconf 82' lang='lat' dir='ltr'><strong>Et</strong></span> <span class='ocrx_word' id='word_1_30' title='bbox 387 747 507 838; x_wconf 89' lang='lat' dir='ltr'><strong>quibis</strong></span> <span class='ocrx_word' id='word_1_31' title='bbox 527 750 677 818; x_wconf 85' lang='lat' dir='ltr'><strong>omnibus</strong></span> <span class='ocrx_word' id='word_1_32' title='bbox 692 750 887 838; x_wconf 78' lang='lat' dir='ltr'><strong>antiquiores</strong></span> <span class='ocrx_word' id='word_1_33' title='bbox 903 749 936 816; x_wconf 92' lang='lat' dir='ltr'><strong>in</strong></span> <span class='ocrx_word' id='word_1_34' title='bbox 955 747 1022 816; x_wconf 81' lang='lat' dir='ltr'><strong>eliis</strong></span> <span class='ocrx_word' id='word_1_35' title='bbox 1039 773 1092 815; x_wconf 78' lang='lat' dir='ltr'><strong>re-</strong></span> 
     </span>
     <span class='ocr_line' id='line_1_6' title="bbox 38 857 1092 950; baseline 0 -24"><span class='ocrx_word' id='word_1_36' title='bbox 38 860 193 948; x_wconf 81' lang='lat' dir='ltr'><strong>gionibus</strong></span> <span class='ocrx_word' id='word_1_37' title='bbox 206 861 316 940; x_wconf 83' lang='lat' dir='ltr'><strong>fuere,</strong></span> <span class='ocrx_word' id='word_1_38' title='bbox 329 873 386 927; x_wconf 84' lang='lat' dir='ltr'><strong>aut</strong></span> <span class='ocrx_word' id='word_1_39' title='bbox 401 858 485 950; x_wconf 75' lang='lat' dir='ltr'><strong>ligne</strong></span> <span class='ocrx_word' id='word_1_40' title='bbox 495 857 618 928; x_wconf 78' lang='lat' dir='ltr'><strong>excelsa</strong></span> <span class='ocrx_word' id='word_1_41' title='bbox 636 871 669 926; x_wconf 90' lang='lat' dir='ltr'><strong>et</strong></span> <span class='ocrx_word' id='word_1_42' title='bbox 680 859 867 949; x_wconf 82' lang='lat' dir='ltr'><strong>conspicua,</strong></span> <span class='ocrx_word' id='word_1_43' title='bbox 879 871 934 927; x_wconf 71' lang='lat' dir='ltr'><strong>arnt</strong></span> <span class='ocrx_word' id='word_1_44' title='bbox 951 858 1092 948; x_wconf 77' lang='lat' dir='ltr'><strong>lapideas</strong></span> 
     </span>
     <span class='ocr_line' id='line_1_7' title="bbox 40 965 1092 1060; baseline 0.003 -27"><span class='ocrx_word' id='word_1_45' title='bbox 40 965 231 1047; x_wconf 78' lang='lat' dir='ltr'><strong>columnas,</strong></span> <span class='ocrx_word' id='word_1_46' title='bbox 248 993 321 1060; x_wconf 79' lang='lat' dir='ltr'><strong>quae</strong></span> <span class='ocrx_word' id='word_1_47' title='bbox 339 982 410 1036; x_wconf 92' lang='lat' dir='ltr'><strong>tum</strong></span> <span class='ocrx_word' id='word_1_48' title='bbox 424 974 505 1042; x_wconf 77' lang='grc' dir='ltr'><strong><em>ξόανα</em></strong></span> <span class='ocrx_word' id='word_1_49' title='bbox 520 971 691 1046; x_wconf 82' lang='lat' dir='ltr'><strong>vocabant,</strong></span> <span class='ocrx_word' id='word_1_50' title='bbox 709 969 794 1058; x_wconf 89' lang='lat' dir='ltr'><strong>quod</strong></span> <span class='ocrx_word' id='word_1_51' title='bbox 811 969 972 1036; x_wconf 77' lang='lat' dir='ltr'><strong>emeteria</strong></span> <span class='ocrx_word' id='word_1_52' title='bbox 983 967 1092 1036; x_wconf 77' lang='lat' dir='ltr'><strong>limata</strong></span> 
     </span>
     <span class='ocr_line' id='line_1_8' title="bbox 41 1075 1092 1160; baseline 0 -16"><span class='ocrx_word' id='word_1_53' title='bbox 41 1091 162 1154; x_wconf 83' lang='lat' dir='ltr'><strong>essent,</strong></span> <span class='ocrx_word' id='word_1_54' title='bbox 188 1081 393 1146; x_wconf 81' lang='lat' dir='ltr'><strong>statuebant.</strong></span> <span class='ocrx_word' id='word_1_55' title='bbox 420 1076 702 1160; x_wconf 81' lang='lat' dir='ltr'><strong>Quemadmodum</strong></span> <span class='ocrx_word' id='word_1_56' title='bbox 730 1076 808 1144; x_wconf 94' lang='lat' dir='ltr'><strong>illud</strong></span> <span class='ocrx_word' id='word_1_57' title='bbox 830 1077 939 1146; x_wconf 84' lang='lat' dir='ltr'><strong>Dianae</strong></span> <span class='ocrx_word' id='word_1_58' title='bbox 962 1075 1092 1144; x_wconf 88' lang='lat' dir='ltr'><strong>simula-</strong></span> 
     </span>
     <span class='ocr_line' id='line_1_9' title="bbox 41 1185 1124 1280; baseline -0.006 -26"><span class='ocrx_word' id='word_1_59' title='bbox 41 1209 135 1258; x_wconf 77' lang='lat' dir='ltr'><strong>crum</strong></span> <span class='ocrx_word' id='word_1_60' title='bbox 151 1191 249 1279; x_wconf 83' lang='lat' dir='ltr'><strong>quod</strong></span> <span class='ocrx_word' id='word_1_61' title='bbox 274 1191 310 1256; x_wconf 90' lang='lat' dir='ltr'><strong>in</strong></span> <span class='ocrx_word' id='word_1_62' title='bbox 332 1192 425 1258; x_wconf 86' lang='lat' dir='ltr'><strong>loaro</strong></span> <span class='ocrx_word' id='word_1_63' title='bbox 445 1187 624 1264; x_wconf 82' lang='lat' dir='ltr'><strong>colebatur,</strong></span> <span class='ocrx_word' id='word_1_64' title='bbox 641 1187 762 1280; x_wconf 79' lang='lat' dir='ltr'><strong>lignum</strong></span> <span class='ocrx_word' id='word_1_65' title='bbox 782 1198 852 1252; x_wconf 81' lang='lat' dir='ltr'><strong>erat</strong></span> <span class='ocrx_word' id='word_1_66' title='bbox 869 1185 1090 1262; x_wconf 72' lang='lat' dir='ltr'><strong>illaboratum</strong></span> <span class='ocrx_word' id='word_1_67' title='bbox 1119 1235 1124 1247; x_wconf 93' lang='grc'><em>,</em></span> 
     </span>
     <span class='ocr_line' id='line_1_10' title="bbox 46 1297 1092 1390; baseline -0.002 -22"><span class='ocrx_word' id='word_1_68' title='bbox 46 1300 184 1368; x_wconf 82' lang='lat' dir='ltr'><strong>alterum</strong></span> <span class='ocrx_word' id='word_1_69' title='bbox 201 1323 284 1368; x_wconf 80' lang='lat' dir='ltr'><strong>vero</strong></span> <span class='ocrx_word' id='word_1_70' title='bbox 296 1301 434 1368; x_wconf 85' lang='lat' dir='ltr'><strong>Junonis</strong></span> <span class='ocrx_word' id='word_1_71' title='bbox 449 1299 650 1368; x_wconf 71' lang='lat' dir='ltr'><strong>Citheroniae</strong></span> <span class='ocrx_word' id='word_1_72' title='bbox 667 1299 753 1390; x_wconf 77' lang='lat' dir='ltr'><strong>apud</strong></span> <span class='ocrx_word' id='word_1_73' title='bbox 764 1297 987 1386; x_wconf 88' lang='lat' dir='ltr'><strong>Thespienses,</strong></span> <span class='ocrx_word' id='word_1_74' title='bbox 997 1310 1092 1366; x_wconf 88' lang='lat' dir='ltr'><strong>trun-</strong></span> 
     </span>
     <span class='ocr_line' id='line_1_11' title="bbox 49 1405 1093 1500; baseline -0.003 -22"><span class='ocrx_word' id='word_1_75' title='bbox 49 1435 106 1479; x_wconf 86' lang='lat' dir='ltr'><strong>cus</strong></span> <span class='ocrx_word' id='word_1_76' title='bbox 120 1413 266 1479; x_wconf 75' lang='lat' dir='ltr'><strong>excisam</strong></span> <span class='ocrx_word' id='word_1_77' title='bbox 286 1413 330 1479; x_wconf 87' lang='lat' dir='ltr'><strong>Et</strong></span> <span class='ocrx_word' id='word_1_78' title='bbox 343 1411 458 1478; x_wconf 68' lang='lat' dir='ltr'><strong>samis</strong></span> <span class='ocrx_word' id='word_1_79' title='bbox 474 1409 603 1500; x_wconf 88' lang='lat' dir='ltr'><strong>quidem</strong></span> <span class='ocrx_word' id='word_1_80' title='bbox 618 1410 754 1479; x_wconf 84' lang='lat' dir='ltr'><strong>Junonis</strong></span> <span class='ocrx_word' id='word_1_81' title='bbox 773 1405 922 1484; x_wconf 84' lang='lat' dir='ltr'><strong>alterum,</strong></span> <span class='ocrx_word' id='word_1_82' title='bbox 940 1419 975 1473; x_wconf 93' lang='lat' dir='ltr'><strong>ut</strong></span> <span class='ocrx_word' id='word_1_83' title='bbox 995 1408 1093 1475; x_wconf 80' lang='lat' dir='ltr'><strong>refert</strong></span> 
     </span>
     <span class='ocr_line' id='line_1_12' title="bbox 50 1517 1093 1612; baseline -0.003 -22"><span class='ocrx_word' id='word_1_84' title='bbox 50 1521 211 1599; x_wconf 85' lang='lat' dir='ltr'><strong>Aethlius,</strong></span> <span class='ocrx_word' id='word_1_85' title='bbox 228 1523 337 1612; x_wconf 82' lang='lat' dir='ltr'><strong>primo</strong></span> <span class='ocrx_word' id='word_1_86' title='bbox 359 1523 455 1610; x_wconf 85' lang='lat' dir='ltr'><strong>stipes</strong></span> <span class='ocrx_word' id='word_1_87' title='bbox 472 1534 554 1598; x_wconf 81' lang='lat' dir='ltr'><strong>erat,</strong></span> <span class='ocrx_word' id='word_1_88' title='bbox 570 1545 610 1588; x_wconf 83' lang='lat' dir='ltr'><strong>ex</strong></span> <span class='ocrx_word' id='word_1_89' title='bbox 625 1545 688 1610; x_wconf 90' lang='lat' dir='ltr'><strong>quo</strong></span> <span class='ocrx_word' id='word_1_90' title='bbox 703 1517 837 1587; x_wconf 87' lang='lat' dir='ltr'><strong>Procleo</strong></span> <span class='ocrx_word' id='word_1_91' title='bbox 857 1517 990 1586; x_wconf 84' lang='lat' dir='ltr'><strong>demum</strong></span> <span class='ocrx_word' id='word_1_92' title='bbox 1008 1543 1093 1610; x_wconf 75' lang='lat' dir='ltr'><strong>prse-</strong></span> 
     </span>
     <span class='ocr_line' id='line_1_13' title="bbox 50 1631 1093 1724; baseline -0.002 -22"><span class='ocrx_word' id='word_1_93' title='bbox 50 1649 118 1702; x_wconf 83' lang='lat' dir='ltr'><strong>torc</strong></span> <span class='ocrx_word' id='word_1_94' title='bbox 130 1645 240 1702; x_wconf 84' lang='lat' dir='ltr'><strong>statua</strong></span> <span class='ocrx_word' id='word_1_95' title='bbox 251 1632 360 1700; x_wconf 83' lang='lat' dir='ltr'><strong>edicta</strong></span> <span class='ocrx_word' id='word_1_96' title='bbox 371 1645 430 1700; x_wconf 84' lang='lat' dir='ltr'><strong>est.</strong></span> <span class='ocrx_word' id='word_1_97' title='bbox 445 1631 618 1722; x_wconf 85' lang='lat' dir='ltr'><strong>Postquam</strong></span> <span class='ocrx_word' id='word_1_98' title='bbox 629 1643 736 1699; x_wconf 82' lang='lat' dir='ltr'><strong>nutem</strong></span> <span class='ocrx_word' id='word_1_99' title='bbox 753 1631 804 1698; x_wconf 78' lang='lat' dir='ltr'><strong>hae</strong></span> <span class='ocrx_word' id='word_1_100' title='bbox 814 1643 927 1724; x_wconf 77' lang='lat' dir='ltr'><strong>stature</strong></span> <span class='ocrx_word' id='word_1_101' title='bbox 937 1631 1093 1700; x_wconf 82' lang='lat' dir='ltr'><strong>humanas</strong></span> 
     </span>
     <span class='ocr_line' id='line_1_14' title="bbox 53 1737 1093 1835; baseline -0.003 -24"><span class='ocrx_word' id='word_1_102' title='bbox 53 1747 87 1811; x_wconf 89' lang='lat' dir='ltr'><strong>in</strong></span> <span class='ocrx_word' id='word_1_103' title='bbox 106 1745 229 1835; x_wconf 81' lang='lat' dir='ltr'><strong>figures</strong></span> <span class='ocrx_word' id='word_1_104' title='bbox 248 1744 380 1812; x_wconf 80' lang='lat' dir='ltr'><strong>formari</strong></span> <span class='ocrx_word' id='word_1_105' title='bbox 403 1754 583 1832; x_wconf 84' lang='lat' dir='ltr'><strong>coeperunt,</strong></span> <span class='ocrx_word' id='word_1_106' title='bbox 606 1747 686 1824; x_wconf 73' lang='grc' dir='ltr'>ρίτηθ</span> <span class='ocrx_word' id='word_1_107' title='bbox 700 1765 753 1814; x_wconf 86' lang='lat' dir='ltr'><strong>eas</strong></span> <span class='ocrx_word' id='word_1_108' title='bbox 772 1737 987 1831; x_wconf 81' lang='lat' dir='ltr'><strong>appellabant,</strong></span> <span class='ocrx_word' id='word_1_109' title='bbox 1006 1743 1093 1829; x_wconf 84' lang='lat' dir='ltr'><strong>quod</strong></span> 
     </span>
     <span class='ocr_line' id='line_1_15' title="bbox 55 1851 1093 1941; baseline -0.004 -19"><span class='ocrx_word' id='word_1_110' title='bbox 55 1857 204 1923; x_wconf 84' lang='lat' dir='ltr'><strong>homines</strong></span> <span class='ocrx_word' id='word_1_111' title='bbox 227 1861 316 1938; x_wconf 70' lang='lat' dir='ltr'><strong>eperat</strong></span> <span class='ocrx_word' id='word_1_112' title='bbox 342 1853 536 1920; x_wconf 86' lang='lat' dir='ltr'><strong>dicerentur.</strong></span> <span class='ocrx_word' id='word_1_113' title='bbox 561 1855 609 1920; x_wconf 85' lang='lat' dir='ltr'><strong>Ex</strong></span> <span class='ocrx_word' id='word_1_114' title='bbox 637 1851 780 1920; x_wconf 82' lang='lat' dir='ltr'><strong>Varrone</strong></span> <span class='ocrx_word' id='word_1_115' title='bbox 803 1875 899 1941; x_wconf 90' lang='lat' dir='ltr'><strong>porro</strong></span> <span class='ocrx_word' id='word_1_116' title='bbox 922 1851 1093 1928; x_wconf 84' lang='lat' dir='ltr'><strong>discimus,</strong></span> 
     </span>
    </p>
   </div>
   <div class='ocr_carea' id='block_1_3' title="bbox 60 1961 1197 2053">
    <p class='ocr_par' dir='ltr' id='par_1_3' title="bbox 60 1961 1197 2053">
     <span class='ocr_line' id='line_1_16' title="bbox 60 1961 1197 2053; baseline 0.001 -22"><span class='ocrx_word' id='word_1_117' title='bbox 60 1965 223 2032; x_wconf 79' lang='lat' dir='ltr'><strong>Romanos</strong></span> <span class='ocrx_word' id='word_1_118' title='bbox 244 1977 365 2030; x_wconf 73' lang='lat' dir='ltr'><strong>ueteres</strong></span> <span class='ocrx_word' id='word_1_119' title='bbox 387 1962 511 2030; x_wconf 83' lang='lat' dir='ltr'><strong>hastam</strong></span> <span class='ocrx_word' id='word_1_120' title='bbox 532 1986 590 2053; x_wconf 91' lang='lat' dir='ltr'><strong>pro</strong></span> <span class='ocrx_word' id='word_1_121' title='bbox 618 1961 787 2032; x_wconf 83' lang='lat' dir='ltr'><strong>simulacro</strong></span> <span class='ocrx_word' id='word_1_122' title='bbox 812 1963 920 2031; x_wconf 80' lang='lat' dir='ltr'><strong>lllortis</strong></span> <span class='ocrx_word' id='word_1_123' title='bbox 943 1961 1093 2042; x_wconf 76' lang='lat' dir='ltr'><strong>coluisse,</strong></span> <span class='ocrx_word' id='word_1_124' title='bbox 1196 2043 1197 2048; x_wconf 8' lang='grc' dir='ltr'>γ</span> 
     </span>
    </p>
   </div>
   <div class='ocr_carea' id='block_1_4' title="bbox 12 2074 1094 2387">
    <p class='ocr_par' dir='ltr' id='par_1_4' title="bbox 12 2074 1094 2387">
     <span class='ocr_line' id='line_1_17' title="bbox 12 2074 1094 2165; baseline -0.003 -21"><span class='ocrx_word' id='word_1_125' title='bbox 12 2161 15 2164; x_wconf 22' lang='lat'>¹</span> <span class='ocrx_word' id='word_1_126' title='bbox 67 2097 145 2144; x_wconf 86' lang='lat' dir='ltr'><strong>cum</strong></span> <span class='ocrx_word' id='word_1_127' title='bbox 159 2075 292 2143; x_wconf 74' lang='lat' dir='ltr'><strong>unifines</strong></span> <span class='ocrx_word' id='word_1_128' title='bbox 305 2075 368 2144; x_wconf 89' lang='lat' dir='ltr'><strong>boo</strong></span> <span class='ocrx_word' id='word_1_129' title='bbox 379 2074 518 2165; x_wconf 86' lang='lat' dir='ltr'><strong>pessimo</strong></span> <span class='ocrx_word' id='word_1_130' title='bbox 527 2074 684 2143; x_wconf 85' lang='lat' dir='ltr'><strong>humanas</strong></span> <span class='ocrx_word' id='word_1_131' title='bbox 698 2074 817 2142; x_wconf 83' lang='lat' dir='ltr'><strong>formas</strong></span> <span class='ocrx_word' id='word_1_132' title='bbox 833 2075 1004 2165; x_wconf 78' lang='lat' dir='ltr'><strong>effingendi</strong></span> <span class='ocrx_word' id='word_1_133' title='bbox 1016 2075 1094 2142; x_wconf 88' lang='lat' dir='ltr'><strong>arti-</strong></span> 
     </span>
     <span class='ocr_line' id='line_1_18' title="bbox 69 2183 1094 2276; baseline 0.001 -24"><span class='ocrx_word' id='word_1_134' title='bbox 69 2183 148 2252; x_wconf 79' lang='lat' dir='ltr'><strong>ficio</strong></span> <span class='ocrx_word' id='word_1_135' title='bbox 164 2185 304 2252; x_wconf 87' lang='lat' dir='ltr'><strong>nondum</strong></span> <span class='ocrx_word' id='word_1_136' title='bbox 315 2196 419 2252; x_wconf 87' lang='lat' dir='ltr'><strong>essent</strong></span> <span class='ocrx_word' id='word_1_137' title='bbox 433 2185 549 2251; x_wconf 87' lang='lat' dir='ltr'><strong>eruditi</strong></span> <span class='ocrx_word' id='word_1_138' title='bbox 564 2209 572 2250; x_wconf 79' lang='lat' dir='ltr'><strong><em>z</em></strong></span> <span class='ocrx_word' id='word_1_139' title='bbox 586 2208 651 2274; x_wconf 90' lang='lat' dir='ltr'><strong>quo</strong></span> <span class='ocrx_word' id='word_1_140' title='bbox 670 2197 841 2274; x_wconf 83' lang='lat' dir='ltr'><strong>postquam</strong></span> <span class='ocrx_word' id='word_1_141' title='bbox 854 2185 1011 2276; x_wconf 78' lang='lat' dir='ltr'><strong>prolicere</strong></span> <span class='ocrx_word' id='word_1_142' title='bbox 1027 2209 1094 2253; x_wconf 71' lang='lat' dir='ltr'><strong>eot-</strong></span> 
     </span>
     <span class='ocr_line' id='line_1_19' title="bbox 68 2295 1094 2387; baseline -0.001 -24"><span class='ocrx_word' id='word_1_143' title='bbox 68 2310 198 2386; x_wconf 69' lang='lat' dir='ltr'><strong>parunt,</strong></span> <span class='ocrx_word' id='word_1_144' title='bbox 210 2298 309 2363; x_wconf 76' lang='lat' dir='ltr'><strong>&#39;crevit</strong></span> <span class='ocrx_word' id='word_1_145' title='bbox 321 2298 354 2364; x_wconf 90' lang='lat' dir='ltr'><strong>in</strong></span> <span class='ocrx_word' id='word_1_146' title='bbox 367 2297 434 2364; x_wconf 84' lang='lat' dir='ltr'><strong>dies</strong></span> <span class='ocrx_word' id='word_1_147' title='bbox 448 2297 560 2387; x_wconf 77' lang='lat' dir='ltr'><strong>magis,</strong></span> <span class='ocrx_word' id='word_1_148' title='bbox 573 2309 607 2364; x_wconf 90' lang='lat' dir='ltr'><strong>et</strong></span> <span class='ocrx_word' id='word_1_149' title='bbox 618 2295 750 2364; x_wconf 81' lang='lat' dir='ltr'><strong>involuit</strong></span> <span class='ocrx_word' id='word_1_150' title='bbox 764 2319 864 2364; x_wconf 88' lang='lat' dir='ltr'><strong>error.</strong></span> <span class='ocrx_word' id='word_1_151' title='bbox 880 2297 978 2378; x_wconf 84' lang='lat' dir='ltr'><strong>Quod</strong></span> <span class='ocrx_word' id='word_1_152' title='bbox 988 2297 1094 2386; x_wconf 90' lang='lat' dir='ltr'><strong>itaque</strong></span> 
     </span>
    </p>
   </div>
   <div class='ocr_carea' id='block_1_5' title="bbox 56 2403 1095 3143">
    <p class='ocr_par' dir='ltr' id='par_1_5' title="bbox 56 2403 1095 3143">
     <span class='ocr_line' id='line_1_20' title="bbox 65 2403 1094 2498; baseline -0.003 -24"><span class='ocrx_word' id='word_1_153' title='bbox 65 2431 103 2474; x_wconf 85' lang='lat' dir='ltr'><strong>ex</strong></span> <span class='ocrx_word' id='word_1_154' title='bbox 116 2407 288 2498; x_wconf 75' lang='lat' dir='ltr'><strong>lapidibus,</strong></span> <span class='ocrx_word' id='word_1_155' title='bbox 302 2420 335 2474; x_wconf 91' lang='lat' dir='ltr'><strong>et</strong></span> <span class='ocrx_word' id='word_1_156' title='bbox 348 2405 454 2498; x_wconf 76' lang='lat' dir='ltr'><strong>lignis,</strong></span> <span class='ocrx_word' id='word_1_157' title='bbox 470 2419 568 2496; x_wconf 88' lang='lat' dir='ltr'><strong>utque</strong></span> <span class='ocrx_word' id='word_1_158' title='bbox 584 2405 902 2482; x_wconf 85' lang='lat' dir='ltr'><strong>summatimdioam,</strong></span> <span class='ocrx_word' id='word_1_159' title='bbox 914 2403 974 2472; x_wconf 80' lang='lat' dir='ltr'><strong>slis</strong></span> <span class='ocrx_word' id='word_1_160' title='bbox 986 2405 1094 2493; x_wconf 85' lang='lat' dir='ltr'><strong>quavis</strong></span> 
     </span>
     <span class='ocr_line' id='line_1_21' title="bbox 59 2515 1095 2606; baseline -0.003 -21"><span class='ocrx_word' id='word_1_161' title='bbox 59 2518 191 2585; x_wconf 83' lang='lat' dir='ltr'><strong>matoria</strong></span> <span class='ocrx_word' id='word_1_162' title='bbox 206 2529 326 2585; x_wconf 84' lang='lat' dir='ltr'><strong>statuas</strong></span> <span class='ocrx_word' id='word_1_163' title='bbox 340 2517 525 2585; x_wconf 88' lang='lat' dir='ltr'><strong>hominibus</strong></span> <span class='ocrx_word' id='word_1_164' title='bbox 540 2515 659 2586; x_wconf 85' lang='lat' dir='ltr'><strong>similes</strong></span> <span class='ocrx_word' id='word_1_165' title='bbox 672 2516 824 2594; x_wconf 81' lang='lat' dir='ltr'><strong>feceritis.</strong></span> <span class='ocrx_word' id='word_1_166' title='bbox 839 2539 1014 2606; x_wconf 86' lang='lat' dir='ltr'><strong>earumque</strong></span> <span class='ocrx_word' id='word_1_167' title='bbox 1028 2515 1095 2583; x_wconf 84' lang='lat' dir='ltr'><strong>sor·</strong></span> 
     </span>
     <span class='ocr_line' id='line_1_22' title="bbox 56 2625 1095 2716; baseline -0.001 -22"><span class='ocrx_word' id='word_1_168' title='bbox 56 2627 116 2694; x_wconf 83' lang='lat' dir='ltr'><strong>mis</strong></span> <span class='ocrx_word' id='word_1_169' title='bbox 130 2627 281 2716; x_wconf 88' lang='lat' dir='ltr'><strong>subjecta</strong></span> <span class='ocrx_word' id='word_1_170' title='bbox 301 2626 420 2716; x_wconf 85' lang='lat' dir='ltr'><strong>pietate</strong></span> <span class='ocrx_word' id='word_1_171' title='bbox 440 2628 606 2697; x_wconf 78' lang='lat' dir='ltr'><strong>veritatem</strong></span> <span class='ocrx_word' id='word_1_172' title='bbox 622 2628 796 2695; x_wconf 77' lang='lat' dir='ltr'><strong>mendaciis</strong></span> <span class='ocrx_word' id='word_1_173' title='bbox 818 2625 1024 2704; x_wconf 67' lang='lat' dir='ltr'><strong>involventis,</strong></span> <span class='ocrx_word' id='word_1_174' title='bbox 1042 2651 1095 2699; x_wconf 88' lang='lat' dir='ltr'><strong>sa·</strong></span> 
     </span>
     <span class='ocr_line' id='line_1_23' title="bbox 58 2735 1095 2826; baseline 0 -22"><span class='ocrx_word' id='word_1_175' title='bbox 58 2737 96 2804; x_wconf 87' lang='lat' dir='ltr'><strong>tis</strong></span> <span class='ocrx_word' id='word_1_176' title='bbox 110 2761 150 2802; x_wconf 85' lang='lat' dir='ltr'><strong>ex</strong></span> <span class='ocrx_word' id='word_1_177' title='bbox 171 2738 214 2804; x_wconf 85' lang='lat' dir='ltr'><strong>iis</strong></span> <span class='ocrx_word' id='word_1_178' title='bbox 227 2760 302 2826; x_wconf 80' lang='lat' dir='ltr'><strong>quse</strong></span> <span class='ocrx_word' id='word_1_179' title='bbox 324 2735 459 2804; x_wconf 83' lang='lat' dir='ltr'><strong>diximus</strong></span> <span class='ocrx_word' id='word_1_180' title='bbox 479 2737 682 2806; x_wconf 81' lang='lat' dir='ltr'><strong>manifestum</strong></span> <span class='ocrx_word' id='word_1_181' title='bbox 697 2749 756 2804; x_wconf 90' lang='lat' dir='ltr'><strong>est.</strong></span> <span class='ocrx_word' id='word_1_182' title='bbox 774 2735 1004 2806; x_wconf 85' lang='lat' dir='ltr'><strong>Verumtamen</strong></span> <span class='ocrx_word' id='word_1_183' title='bbox 1019 2760 1095 2804; x_wconf 90' lang='lat' dir='ltr'><strong>eum</strong></span> 
     </span>
     <span class='ocr_line' id='line_1_24' title="bbox 57 2845 1094 2936; baseline 0.001 -24"><span class='ocrx_word' id='word_1_184' title='bbox 57 2845 109 2913; x_wconf 91' lang='lat' dir='ltr'><strong>bic</strong></span> <span class='ocrx_word' id='word_1_185' title='bbox 119 2845 215 2913; x_wconf 85' lang='lat' dir='ltr'><strong>loeus</strong></span> <span class='ocrx_word' id='word_1_186' title='bbox 225 2846 369 2936; x_wconf 81' lang='lat' dir='ltr'><strong>indigere</strong></span> <span class='ocrx_word' id='word_1_187' title='bbox 385 2845 488 2935; x_wconf 80' lang='lat' dir='ltr'><strong>alique</strong></span> <span class='ocrx_word' id='word_1_188' title='bbox 503 2845 774 2914; x_wconf 83' lang='lat' dir='ltr'><strong>demonstratione</strong></span> <span class='ocrx_word' id='word_1_189' title='bbox 788 2847 947 2925; x_wconf 87' lang='lat' dir='ltr'><strong>videatur,</strong></span> <span class='ocrx_word' id='word_1_190' title='bbox 961 2871 1028 2915; x_wconf 91' lang='lat' dir='ltr'><strong>non</strong></span> <span class='ocrx_word' id='word_1_191' title='bbox 1043 2859 1094 2914; x_wconf 87' lang='lat' dir='ltr'><strong>est</strong></span> 
     </span>
     <span class='ocr_line' id='line_1_25' title="bbox 57 2936 1094 3047; baseline 0.004 -27"><span class='ocrx_word' id='word_1_192' title='bbox 57 2953 288 3022; x_wconf 84' lang='lat' dir='ltr'><strong>recusandum.</strong></span> <span class='ocrx_word' id='word_1_193' title='bbox 305 2954 354 3022; x_wconf 89' lang='lat' dir='ltr'><strong>Ao</strong></span> <span class='ocrx_word' id='word_1_194' title='bbox 367 2936 481 3022; x_wconf 76' lang='lat' dir='ltr'><strong>Jovein</strong></span> <span class='ocrx_word' id='word_1_195' title='bbox 495 2954 627 3045; x_wconf 89' lang='lat' dir='ltr'><strong>quidem</strong></span> <span class='ocrx_word' id='word_1_196' title='bbox 646 2954 867 3047; x_wconf 82' lang='lat' dir='ltr'><strong>Olympicum,</strong></span> <span class='ocrx_word' id='word_1_197' title='bbox 884 2969 917 3024; x_wconf 89' lang='lat' dir='ltr'><strong>et</strong></span> <span class='ocrx_word' id='word_1_198' title='bbox 931 2957 1094 3028; x_wconf 81' lang='lat' dir='ltr'><strong>Peliadenr</strong></span> 
     </span>
     <span class='ocr_line' id='line_1_26' title="bbox 58 3064 1095 3143; baseline -0.002 -10"><span class='ocrx_word' id='word_1_199' title='bbox 58 3065 291 3133; x_wconf 80' lang='lat' dir='ltr'><strong>Atheniensem</strong></span> <span class='ocrx_word' id='word_1_200' title='bbox 312 3089 352 3132; x_wconf 82' lang='lat' dir='ltr'><strong>ex</strong></span> <span class='ocrx_word' id='word_1_201' title='bbox 374 3087 451 3132; x_wconf 80' lang='lat' dir='ltr'><strong>suro</strong></span> <span class='ocrx_word' id='word_1_202' title='bbox 473 3076 506 3132; x_wconf 90' lang='lat' dir='ltr'><strong>et</strong></span> <span class='ocrx_word' id='word_1_203' title='bbox 528 3066 626 3132; x_wconf 87' lang='lat' dir='ltr'><strong>ebore</strong></span> <span class='ocrx_word' id='word_1_204' title='bbox 648 3064 971 3143; x_wconf 80' lang='lat' dir='ltr'><strong>effecissoPhidiam,</strong></span> <span class='ocrx_word' id='word_1_205' title='bbox 994 3066 1095 3132; x_wconf 86' lang='lat' dir='ltr'><strong>cuivis</strong></span> 
     </span>
    </p>
   </div>
   <div class='ocr_carea' id='block_1_6' title="bbox 57 3172 1147 4031">
    <p class='ocr_par' dir='ltr' id='par_1_6' title="bbox 57 3172 1147 4031">
     <span class='ocr_line' id='line_1_27' title="bbox 57 3172 1147 3262; baseline 0 -20"><span class='ocrx_word' id='word_1_206' title='bbox 57 3189 170 3243; x_wconf 87' lang='lat' dir='ltr'><strong>notum</strong></span> <span class='ocrx_word' id='word_1_207' title='bbox 190 3188 258 3262; x_wconf 75' lang='lat' dir='ltr'><strong>eet.</strong></span> <span class='ocrx_word' id='word_1_208' title='bbox 280 3175 419 3243; x_wconf 71' lang='lat' dir='ltr'><strong>«lunonis</strong></span> <span class='ocrx_word' id='word_1_209' title='bbox 439 3187 547 3241; x_wconf 82' lang='lat' dir='ltr'><strong>autom</strong></span> <span class='ocrx_word' id='word_1_210' title='bbox 567 3187 703 3243; x_wconf 84' lang='lat' dir='ltr'><strong>statuam</strong></span> <span class='ocrx_word' id='word_1_211' title='bbox 722 3176 838 3244; x_wconf 84' lang='lat' dir='ltr'><strong>suctum</strong></span> <span class='ocrx_word' id='word_1_212' title='bbox 858 3191 928 3243; x_wconf 88' lang='lat' dir='ltr'><strong>esse</strong></span> <span class='ocrx_word' id='word_1_213' title='bbox 953 3172 1094 3243; x_wconf 71' lang='lat' dir='ltr'><strong>Euclides</strong></span> <span class='ocrx_word' id='word_1_214' title='bbox 1143 3233 1147 3242; x_wconf 85' lang='lat'>.</span> 
     </span>
     <span class='ocr_line' id='line_1_28' title="bbox 57 3263 1096 3373; baseline -0.003 -22"><span class='ocrx_word' id='word_1_215' title='bbox 57 3263 196 3373; x_wconf 57' lang='lat' dir='ltr'><strong>scalpro,B</strong></span> <span class='ocrx_word' id='word_1_216' title='bbox 214 3306 255 3349; x_wconf 79' lang='lat' dir='ltr'><strong>ox</strong></span> <span class='ocrx_word' id='word_1_217' title='bbox 270 3279 455 3371; x_wconf 86' lang='lat' dir='ltr'><strong>Olympichi</strong></span> <span class='ocrx_word' id='word_1_218' title='bbox 472 3281 624 3350; x_wconf 83' lang='lat' dir='ltr'><strong>Samiacis</strong></span> <span class='ocrx_word' id='word_1_219' title='bbox 638 3283 870 3372; x_wconf 75' lang='lat' dir='ltr'><strong>cognoscimus.</strong></span> <span class='ocrx_word' id='word_1_220' title='bbox 887 3281 954 3352; x_wconf 85' lang='lat' dir='ltr'><strong>Neo</strong></span> <span class='ocrx_word' id='word_1_221' title='bbox 972 3294 1021 3346; x_wconf 87' lang='lat' dir='ltr'><strong>est</strong></span> <span class='ocrx_word' id='word_1_222' title='bbox 1039 3305 1096 3350; x_wconf 85' lang='lat' dir='ltr'><strong>our</strong></span> 
     </span>
     <span class='ocr_line' id='line_1_29' title="bbox 60 3389 1096 3483; baseline -0.002 -23"><span class='ocrx_word' id='word_1_223' title='bbox 60 3394 214 3460; x_wconf 88' lang='lat' dir='ltr'><strong>dubitetis</strong></span> <span class='ocrx_word' id='word_1_224' title='bbox 236 3393 315 3483; x_wconf 88' lang='lat' dir='ltr'><strong>quin</strong></span> <span class='ocrx_word' id='word_1_225' title='bbox 336 3413 448 3461; x_wconf 86' lang='lat' dir='ltr'><strong>earum</strong></span> <span class='ocrx_word' id='word_1_226' title='bbox 466 3415 544 3482; x_wconf 78' lang='lat' dir='ltr'><strong>ques</strong></span> <span class='ocrx_word' id='word_1_227' title='bbox 565 3392 774 3463; x_wconf 85' lang='lat' dir='ltr'><strong>Athenienses</strong></span> <span class='ocrx_word' id='word_1_228' title='bbox 796 3389 998 3458; x_wconf 78' lang='lat' dir='ltr'><strong>venerabiles</strong></span> <span class='ocrx_word' id='word_1_229' title='bbox 1018 3391 1096 3458; x_wconf 78' lang='lat' dir='ltr'><strong>deas</strong></span> 
     </span>
     <span class='ocr_line' id='line_1_30' title="bbox 61 3498 1095 3594; baseline -0.004 -24"><span class='ocrx_word' id='word_1_230' title='bbox 61 3519 188 3582; x_wconf 76' lang='lat' dir='ltr'><strong>vocant,</strong></span> <span class='ocrx_word' id='word_1_231' title='bbox 205 3505 288 3571; x_wconf 86' lang='lat' dir='ltr'><strong>duas</strong></span> <span class='ocrx_word' id='word_1_232' title='bbox 303 3504 435 3594; x_wconf 88' lang='lat' dir='ltr'><strong>quidem</strong></span> <span class='ocrx_word' id='word_1_233' title='bbox 456 3501 590 3592; x_wconf 81' lang='lat' dir='ltr'><strong>Scopas,</strong></span> <span class='ocrx_word' id='word_1_234' title='bbox 606 3526 704 3592; x_wconf 86' lang='lat' dir='ltr'><strong>quam</strong></span> <span class='ocrx_word' id='word_1_235' title='bbox 719 3523 795 3567; x_wconf 84' lang='lat' dir='ltr'><strong>vero</strong></span> <span class='ocrx_word' id='word_1_236' title='bbox 810 3499 962 3565; x_wconf 88' lang='lat' dir='ltr'><strong>dicuntur</strong></span> <span class='ocrx_word' id='word_1_237' title='bbox 975 3498 1095 3566; x_wconf 88' lang='lat' dir='ltr'><strong>babere</strong></span> 
     </span>
     <span class='ocr_line' id='line_1_31' title="bbox 60 3605 1108 3690; baseline -0.008 -6"><span class='ocrx_word' id='word_1_238' title='bbox 60 3617 198 3686; x_wconf 85' lang='lat' dir='ltr'><strong>mediam</strong></span> <span class='ocrx_word' id='word_1_239' title='bbox 219 3614 314 3683; x_wconf 83' lang='lat' dir='ltr'><strong>Calos</strong></span> <span class='ocrx_word' id='word_1_240' title='bbox 334 3613 505 3689; x_wconf 83' lang='lat' dir='ltr'><strong>effinxerit,</strong></span> <span class='ocrx_word' id='word_1_241' title='bbox 527 3635 601 3680; x_wconf 90' lang='lat' dir='ltr'><strong>cum</strong></span> <span class='ocrx_word' id='word_1_242' title='bbox 626 3611 659 3678; x_wconf 92' lang='lat' dir='ltr'><strong>id</strong></span> <span class='ocrx_word' id='word_1_243' title='bbox 686 3606 816 3677; x_wconf 89' lang='lat' dir='ltr'><strong>Polemo</strong></span> <span class='ocrx_word' id='word_1_244' title='bbox 838 3605 1040 3674; x_wconf 86' lang='lat' dir='ltr'><strong>affirmaverit</strong></span> <span class='ocrx_word' id='word_1_245' title='bbox 1060 3609 1108 3690; x_wconf 83' lang='lat' dir='ltr'><strong>in¹</strong></span> 
     </span>
     <span class='ocr_line' id='line_1_32' title="bbox 62 3717 1095 3816; baseline -0.012 -19"><span class='ocrx_word' id='word_1_246' title='bbox 62 3741 174 3816; x_wconf 80' lang='lat' dir='ltr'><strong>quarto</strong></span> <span class='ocrx_word' id='word_1_247' title='bbox 187 3751 302 3794; x_wconf 89' lang='lat' dir='ltr'><strong>eorum</strong></span> <span class='ocrx_word' id='word_1_248' title='bbox 314 3747 387 3816; x_wconf 76' lang='lat' dir='ltr'><strong>que</strong></span> <span class='ocrx_word' id='word_1_249' title='bbox 405 3724 529 3814; x_wconf 83' lang='lat' dir='ltr'><strong>scripsit</strong></span> <span class='ocrx_word' id='word_1_250' title='bbox 544 3723 585 3791; x_wconf 88' lang='lat' dir='ltr'><strong>ad</strong></span> <span class='ocrx_word' id='word_1_251' title='bbox 595 3721 772 3790; x_wconf 81' lang='lat' dir='ltr'><strong>Timaeum:</strong></span> <span class='ocrx_word' id='word_1_252' title='bbox 789 3730 824 3784; x_wconf 91' lang='lat' dir='ltr'><strong>ut</strong></span> <span class='ocrx_word' id='word_1_253' title='bbox 839 3740 901 3784; x_wconf 90' lang='lat' dir='ltr'><strong>neo</strong></span> <span class='ocrx_word' id='word_1_254' title='bbox 912 3719 952 3785; x_wconf 89' lang='lat' dir='ltr'><strong>de</strong></span> <span class='ocrx_word' id='word_1_255' title='bbox 962 3717 1050 3786; x_wconf 72' lang='lat' dir='ltr'><strong>«lovis</strong></span> <span class='ocrx_word' id='word_1_256' title='bbox 1061 3733 1095 3786; x_wconf 90' lang='lat' dir='ltr'><strong>et</strong></span> 
     </span>
     <span class='ocr_line' id='line_1_33' title="bbox 64 3830 1093 3927; baseline -0.009 -22"><span class='ocrx_word' id='word_1_257' title='bbox 64 3835 216 3927; x_wconf 75' lang='lat' dir='ltr'><strong>Apollinis</strong></span> <span class='ocrx_word' id='word_1_258' title='bbox 234 3835 413 3905; x_wconf 88' lang='lat' dir='ltr'><strong>simulacris</strong></span> <span class='ocrx_word' id='word_1_259' title='bbox 430 3836 462 3902; x_wconf 92' lang='lat' dir='ltr'><strong>in</strong></span> <span class='ocrx_word' id='word_1_260' title='bbox 480 3834 605 3910; x_wconf 80' lang='lat' dir='ltr'><strong>Patara,</strong></span> <span class='ocrx_word' id='word_1_261' title='bbox 625 3833 731 3922; x_wconf 71' lang='lat' dir='ltr'><strong>Lyciae</strong></span> <span class='ocrx_word' id='word_1_262' title='bbox 750 3832 841 3906; x_wconf 84' lang='lat' dir='ltr'><strong>urbe,</strong></span> <span class='ocrx_word' id='word_1_263' title='bbox 862 3830 937 3919; x_wconf 87' lang='lat' dir='ltr'><strong>quin</strong></span> <span class='ocrx_word' id='word_1_264' title='bbox 955 3853 992 3896; x_wconf 85' lang='lat' dir='ltr'><strong>es</strong></span> <span class='ocrx_word' id='word_1_265' title='bbox 1009 3831 1093 3896; x_wconf 89' lang='lat' dir='ltr'><strong>idem</strong></span> 
     </span>
     <span class='ocr_line' id='line_1_34' title="bbox 67 3939 1096 4031; baseline -0.009 -18"><span class='ocrx_word' id='word_1_266' title='bbox 67 3946 202 4025; x_wconf 76' lang='lat' dir='ltr'><strong>Phidias,</strong></span> <span class='ocrx_word' id='word_1_267' title='bbox 221 3965 285 4015; x_wconf 85' lang='lat' dir='ltr'><strong>uns</strong></span> <span class='ocrx_word' id='word_1_268' title='bbox 305 3969 381 4014; x_wconf 89' lang='lat' dir='ltr'><strong>cum</strong></span> <span class='ocrx_word' id='word_1_269' title='bbox 398 3945 523 4014; x_wconf 89' lang='lat' dir='ltr'><strong>duobus</strong></span> <span class='ocrx_word' id='word_1_270' title='bbox 538 3944 684 4012; x_wconf 88' lang='lat' dir='ltr'><strong>leonibus</strong></span> <span class='ocrx_word' id='word_1_271' title='bbox 702 3944 755 4031; x_wconf 87' lang='lat' dir='ltr'><strong>qui</strong></span> <span class='ocrx_word' id='word_1_272' title='bbox 778 3940 869 4010; x_wconf 87' lang='lat' dir='ltr'><strong>simul</strong></span> <span class='ocrx_word' id='word_1_273' title='bbox 884 3939 947 4008; x_wconf 89' lang='lat' dir='ltr'><strong>illic</strong></span> <span class='ocrx_word' id='word_1_274' title='bbox 965 3941 1096 4030; x_wconf 87' lang='lat' dir='ltr'><strong>repositi</strong></span> 
     </span>
    </p>
   </div>
   <div class='ocr_carea' id='block_1_7' title="bbox 0 0 1321 4628">
    <p class='ocr_par' dir='ltr' id='par_1_7' title="bbox 0 0 1321 4628">
     <span class='ocr_line' id='line_1_35' title="bbox 0 0 1321 4628; baseline 0 0"><span class='ocrx_word' id='word_1_275' title='bbox 0 0 1321 4628; x_wconf 95' lang='lat' dir='ltr'><strong> </strong></span> 
     </span>
    </p>
   </div>
  </div>
 </body>
</html>
