<?xml version="1.0" encoding="UTF-8"?>
<!DOCTYPE html PUBLIC "-//W3C//DTD XHTML 1.0 Transitional//EN"
    "http://www.w3.org/TR/xhtml1/DTD/xhtml1-transitional.dtd">
<html xmlns="http://www.w3.org/1999/xhtml" xml:lang="en" lang="en">
 <head>
  <title>
</title>
<meta http-equiv="Content-Type" content="text/html;charset=utf-8" />
  <meta name='ocr-system' content='tesseract 3.04.00' />
  <meta name='ocr-capabilities' content='ocr_page ocr_carea ocr_par ocr_line ocrx_word'/>
</head>
<body>
  <div class='ocr_page' id='page_1' title='image "./collectioselect00guilgoog_0232.png"; bbox 0 0 2570 4614; ppageno 0'>
   <div class='ocr_carea' id='block_1_1' title="bbox 226 269 943 344">
    <p class='ocr_par' dir='ltr' id='par_1_1' title="bbox 226 269 943 344">
     <span class='ocr_line' id='line_1_1' title="bbox 226 269 943 344; baseline -0.003 -1"><span class='ocrx_word' id='word_1_1' title='bbox 226 275 288 344; x_wconf 80' lang='lat' dir='ltr'>snb</span> <span class='ocrx_word' id='word_1_2' title='bbox 537 269 710 343; x_wconf 74' lang='lat' dir='ltr'>emunnnrs</span> <span class='ocrx_word' id='word_1_3' title='bbox 735 297 943 342; x_wconf 75' lang='lat' dir='ltr'>snnxnnmust</span> 
     </span>
    </p>
   </div>
   <div class='ocr_carea' id='block_1_2' title="bbox 180 417 1257 3806">
    <p class='ocr_par' dir='ltr' id='par_1_2' title="bbox 180 417 1257 3806">
     <span class='ocr_line' id='line_1_2' title="bbox 225 417 1256 506; baseline -0.004 -20"><span class='ocrx_word' id='word_1_4' title='bbox 225 438 388 506; x_wconf 81' lang='lat' dir='ltr'>tanquam</span> <span class='ocrx_word' id='word_1_5' title='bbox 411 417 597 490; x_wconf 83' lang='lat' dir='ltr'>columbam</span> <span class='ocrx_word' id='word_1_6' title='bbox 617 417 800 506; x_wconf 75' lang='lat' dir='ltr'>simplicem</span> <span class='ocrx_word' id='word_1_7' title='bbox 817 432 849 482; x_wconf 85' lang='lat' dir='ltr'>et</span> <span class='ocrx_word' id='word_1_8' title='bbox 861 418 935 505; x_wconf 76' lang='lat' dir='ltr'>felle</span> <span class='ocrx_word' id='word_1_9' title='bbox 951 429 1132 492; x_wconf 69' lang='lat' dir='ltr'>romum,</span> <span class='ocrx_word' id='word_1_10' title='bbox 1151 439 1256 482; x_wconf 85' lang='lat' dir='ltr'>rursus</span> 
     </span>
     <span class='ocr_line' id='line_1_3' title="bbox 225 525 1256 617; baseline -0.002 -21"><span class='ocrx_word' id='word_1_11' title='bbox 225 553 284 596; x_wconf 87' lang='lat' dir='ltr'>nos</span> <span class='ocrx_word' id='word_1_12' title='bbox 304 525 471 616; x_wconf 80' lang='lat' dir='ltr'>intelligit:</span> <span class='ocrx_word' id='word_1_13' title='bbox 489 529 580 615; x_wconf 89' lang='lat' dir='ltr'>jubet</span> <span class='ocrx_word' id='word_1_14' title='bbox 597 528 693 594; x_wconf 87' lang='lat' dir='ltr'>etiem</span> <span class='ocrx_word' id='word_1_15' title='bbox 713 527 772 617; x_wconf 78' lang='lat' dir='ltr'>per&#39;</span> <span class='ocrx_word' id='word_1_16' title='bbox 785 527 918 604; x_wconf 84' lang='lat' dir='ltr'>Mosem,</span> <span class='ocrx_word' id='word_1_17' title='bbox 941 553 954 588; x_wconf 74' lang='grc' dir='ltr'>ι</span> <span class='ocrx_word' id='word_1_18' title='bbox 977 527 1057 594; x_wconf 86' lang='lat' dir='ltr'>duos</span> <span class='ocrx_word' id='word_1_19' title='bbox 1078 526 1184 616; x_wconf 92' lang='lat' dir='ltr'>pullos</span> <span class='ocrx_word' id='word_1_20' title='bbox 1206 550 1256 594; x_wconf 83' lang='lat' dir='ltr'>co·</span> 
     </span>
     <span class='ocr_line' id='line_1_4' title="bbox 224 634 1255 728; baseline 0.002 -26"><span class='ocrx_word' id='word_1_21' title='bbox 224 667 238 702; x_wconf 78' lang='grc'><strong>»</strong></span> <span class='ocrx_word' id='word_1_22' title='bbox 254 637 437 704; x_wconf 84' lang='lat' dir='ltr'>lumberum</span> <span class='ocrx_word' id='word_1_23' title='bbox 452 634 501 701; x_wconf 89' lang='lat' dir='ltr'>vel</span> <span class='ocrx_word' id='word_1_24' title='bbox 516 659 574 725; x_wconf 81' lang='lat' dir='ltr'>per</span> <span class='ocrx_word' id='word_1_25' title='bbox 587 649 750 703; x_wconf 92' lang='lat' dir='ltr'>turturum</span> <span class='ocrx_word' id='word_1_26' title='bbox 765 660 825 727; x_wconf 92' lang='lat' dir='ltr'>pro</span> <span class='ocrx_word' id='word_1_27' title='bbox 841 651 974 726; x_wconf 79' lang='lat' dir='ltr'>peccato</span> <span class='ocrx_word' id='word_1_28' title='bbox 988 637 1104 704; x_wconf 82' lang='lat' dir='ltr'>offerre</span> <span class='ocrx_word' id='word_1_29' title='bbox 1118 637 1149 712; x_wconf 74' lang='grc' dir='ltr'>’ς</span> <span class='ocrx_word' id='word_1_30' title='bbox 1165 669 1183 728; x_wconf 59' lang='lat' dir='ltr'>s</span> <span class='ocrx_word' id='word_1_31' title='bbox 1204 663 1255 704; x_wconf 91' lang='lat' dir='ltr'>eo·</span> 
     </span>
     <span class='ocr_line' id='line_1_5' title="bbox 210 741 1256 838; baseline -0.002 -22"><span class='ocrx_word' id='word_1_32' title='bbox 210 741 296 816; x_wconf 67' lang='lat' dir='ltr'>&#39;rum</span> <span class='ocrx_word' id='word_1_33' title='bbox 307 771 377 837; x_wconf 84' lang='lat' dir='ltr'>quae</span> <span class='ocrx_word' id='word_1_34' title='bbox 393 759 467 812; x_wconf 86' lang='lat' dir='ltr'>sunt</span> <span class='ocrx_word' id='word_1_35' title='bbox 484 760 606 823; x_wconf 87' lang='lat' dir='ltr'>tenero,</span> <span class='ocrx_word' id='word_1_36' title='bbox 616 745 912 837; x_wconf 83' lang='lat' dir='ltr'>nempepullorum,</span> <span class='ocrx_word' id='word_1_37' title='bbox 922 748 1256 838; x_wconf 80' lang='lat' dir='ltr'>immunitatemepee-</span> 
     </span>
     <span class='ocr_line' id='line_1_6' title="bbox 223 857 1255 984; baseline -0.002 -56"><span class='ocrx_word' id='word_1_38' title='bbox 223 873 307 936; x_wconf 79' lang='lat' dir='ltr'>ceto,</span> <span class='ocrx_word' id='word_1_39' title='bbox 328 857 562 933; x_wconf 79' lang='lat' dir='ltr'>innocentium,</span> <span class='ocrx_word' id='word_1_40' title='bbox 581 869 615 924; x_wconf 86' lang='lat' dir='ltr'>et</span> <span class='ocrx_word' id='word_1_41' title='bbox 629 871 832 984; x_wconf 68' lang='lat' dir='ltr'>accepturum</span> <span class='ocrx_word' id='word_1_42' title='bbox 852 859 1041 948; x_wconf 76' lang='lat' dir='ltr'>injuriarum</span> <span class='ocrx_word' id='word_1_43' title='bbox 1064 858 1255 928; x_wconf 81' lang='lat' dir='ltr'>oblivionem</span> 
     </span>
     <span class='ocr_line' id='line_1_7' title="bbox 223 968 1253 1061; baseline -0.003 -23"><span class='ocrx_word' id='word_1_44' title='bbox 223 973 332 1038; x_wconf 84' lang='lat' dir='ltr'>dicens</span> <span class='ocrx_word' id='word_1_45' title='bbox 342 993 411 1037; x_wconf 85' lang='lat' dir='ltr'>esee</span> <span class='ocrx_word' id='word_1_46' title='bbox 421 968 489 1034; x_wconf 88' lang='lat' dir='ltr'>Deo</span> <span class='ocrx_word' id='word_1_47' title='bbox 501 981 678 1059; x_wconf 78' lang='lat' dir='ltr'>occeptum,</span> <span class='ocrx_word' id='word_1_48' title='bbox 691 983 723 1036; x_wconf 90' lang='lat' dir='ltr'>et</span> <span class='ocrx_word' id='word_1_49' title='bbox 734 968 836 1036; x_wconf 86' lang='lat' dir='ltr'>simile</span> <span class='ocrx_word' id='word_1_50' title='bbox 849 969 942 1036; x_wconf 81' lang='lat' dir='ltr'>simili</span> <span class='ocrx_word' id='word_1_51' title='bbox 953 971 1072 1060; x_wconf 85' lang='lat' dir='ltr'>expiari</span> <span class='ocrx_word' id='word_1_52' title='bbox 1081 994 1253 1061; x_wconf 75' lang='lat' dir='ltr'><strong>exponens.</strong></span> 
     </span>
     <span class='ocr_line' id='line_1_8' title="bbox 225 1079 1256 1169; baseline -0.002 -21"><span class='ocrx_word' id='word_1_53' title='bbox 225 1081 408 1162; x_wconf 78' lang='lat' dir='ltr'>Quinetiam</span> <span class='ocrx_word' id='word_1_54' title='bbox 425 1089 587 1144; x_wconf 89' lang='lat' dir='ltr'>turturum</span> <span class='ocrx_word' id='word_1_55' title='bbox 609 1079 775 1155; x_wconf 79' lang='lat' dir='ltr'>timiditas,</span> <span class='ocrx_word' id='word_1_56' title='bbox 791 1103 861 1145; x_wconf 82' lang='lat' dir='ltr'>eum</span> <span class='ocrx_word' id='word_1_57' title='bbox 887 1102 959 1168; x_wconf 82' lang='lat' dir='ltr'>qnae</span> <span class='ocrx_word' id='word_1_58' title='bbox 973 1103 1018 1145; x_wconf 89' lang='lat' dir='ltr'>ne.</span> <span class='ocrx_word' id='word_1_59' title='bbox 1029 1093 1188 1169; x_wconf 79' lang='lat' dir='ltr'><strong>peccetur</strong></span> <span class='ocrx_word' id='word_1_60' title='bbox 1202 1081 1256 1146; x_wconf 81' lang='lat' dir='ltr'>ed-</span> 
     </span>
     <span class='ocr_line' id='line_1_9' title="bbox 224 1189 1257 1280; baseline -0.005 -21"><span class='ocrx_word' id='word_1_61' title='bbox 224 1190 363 1259; x_wconf 86' lang='lat' dir='ltr'>hibendo</span> <span class='ocrx_word' id='word_1_62' title='bbox 381 1203 441 1266; x_wconf 86' lang='lat' dir='ltr'>est,</span> <span class='ocrx_word' id='word_1_63' title='bbox 459 1189 640 1257; x_wconf 76' lang='lat' dir='ltr'>cautionem</span> <span class='ocrx_word' id='word_1_64' title='bbox 658 1189 823 1280; x_wconf 82' lang='lat' dir='ltr'>significet.</span> <span class='ocrx_word' id='word_1_65' title='bbox 845 1190 942 1270; x_wconf 86' lang='lat' dir='ltr'>Quod</span> <span class='ocrx_word' id='word_1_66' title='bbox 961 1201 1069 1256; x_wconf 80' lang='lat' dir='ltr'>eutem</span> <span class='ocrx_word' id='word_1_67' title='bbox 1083 1213 1145 1256; x_wconf 89' lang='lat' dir='ltr'>nos</span> <span class='ocrx_word' id='word_1_68' title='bbox 1159 1189 1257 1280; x_wconf 88' lang='lat' dir='ltr'>pullos</span> 
     </span>
     <span class='ocr_line' id='line_1_10' title="bbox 225 1296 1256 1389; baseline -0.002 -21"><span class='ocrx_word' id='word_1_69' title='bbox 225 1303 322 1380; x_wconf 82' lang='lat' dir='ltr'>dicet,</span> <span class='ocrx_word' id='word_1_70' title='bbox 344 1301 432 1366; x_wconf 85' lang='lat' dir='ltr'>testis</span> <span class='ocrx_word' id='word_1_71' title='bbox 447 1312 496 1366; x_wconf 86' lang='lat' dir='ltr'>est</span> <span class='ocrx_word' id='word_1_72' title='bbox 507 1299 674 1389; x_wconf 80' lang='lat' dir='ltr'>Scriptura</span> <span class='ocrx_word' id='word_1_73' title='bbox 690 1323 698 1364; x_wconf 90' lang='lat'><strong>:</strong></span> <span class='ocrx_word' id='word_1_74' title='bbox 717 1327 731 1360; x_wconf 76' lang='grc' dir='ltr'><strong><em>ι</em></strong></span> <span class='ocrx_word' id='word_1_75' title='bbox 752 1299 1033 1382; x_wconf 77' lang='lat' dir='ltr'><strong>Quemadmodum</strong></span> <span class='ocrx_word' id='word_1_76' title='bbox 1047 1296 1167 1388; x_wconf 82' lang='lat' dir='ltr'>gelbue</span> <span class='ocrx_word' id='word_1_77' title='bbox 1184 1322 1256 1366; x_wconf 89' lang='lat' dir='ltr'>oon-</span> 
     </span>
     <span class='ocr_line' id='line_1_11' title="bbox 223 1406 1255 1502; baseline -0.003 -25"><span class='ocrx_word' id='word_1_78' title='bbox 223 1423 361 1502; x_wconf 77' lang='lat' dir='ltr'>»greget</span> <span class='ocrx_word' id='word_1_79' title='bbox 382 1408 484 1498; x_wconf 88' lang='lat' dir='ltr'>pullos</span> <span class='ocrx_word' id='word_1_80' title='bbox 506 1411 564 1499; x_wconf 84' lang='lat' dir='ltr'>sub</span> <span class='ocrx_word' id='word_1_81' title='bbox 581 1406 637 1474; x_wconf 84' lang='lat' dir='ltr'>olis</span> <span class='ocrx_word' id='word_1_82' title='bbox 660 1407 767 1474; x_wconf 80' lang='lat' dir='ltr'>suis²s</span> <span class='ocrx_word' id='word_1_83' title='bbox 789 1409 865 1474; x_wconf 79' lang='lat' dir='ltr'>»ite</span> <span class='ocrx_word' id='word_1_84' title='bbox 888 1431 946 1474; x_wconf 87' lang='lat' dir='ltr'>nos</span> <span class='ocrx_word' id='word_1_85' title='bbox 967 1431 1077 1474; x_wconf 88' lang='lat' dir='ltr'>sumus</span> <span class='ocrx_word' id='word_1_86' title='bbox 1095 1406 1178 1497; x_wconf 94' lang='lat' dir='ltr'>pulli</span> <span class='ocrx_word' id='word_1_87' title='bbox 1197 1408 1255 1474; x_wconf 80' lang='lat' dir='ltr'>Do</span> 
     </span>
     <span class='ocr_line' id='line_1_12' title="bbox 225 1517 1255 1609; baseline -0.006 -19"><span class='ocrx_word' id='word_1_88' title='bbox 225 1523 316 1597; x_wconf 90' lang='lat' dir='ltr'>mini,</span> <span class='ocrx_word' id='word_1_89' title='bbox 332 1536 407 1588; x_wconf 80' lang='lat' dir='ltr'>tene</span> <span class='ocrx_word' id='word_1_90' title='bbox 425 1542 520 1609; x_wconf 85' lang='lat' dir='ltr'>quem</span> <span class='ocrx_word' id='word_1_91' title='bbox 536 1518 767 1586; x_wconf 79' lang='lat' dir='ltr'>admirabiliter</span> <span class='ocrx_word' id='word_1_92' title='bbox 776 1532 810 1586; x_wconf 89' lang='lat' dir='ltr'>et</span> <span class='ocrx_word' id='word_1_93' title='bbox 833 1521 967 1607; x_wconf 86' lang='lat' dir='ltr'>mystice</span> <span class='ocrx_word' id='word_1_94' title='bbox 980 1519 1093 1584; x_wconf 78' lang='lat' dir='ltr'>nnimae</span> <span class='ocrx_word' id='word_1_95' title='bbox 1112 1517 1255 1608; x_wconf 88' lang='lat' dir='ltr'>simplici·</span> 
     </span>
     <span class='ocr_line' id='line_1_13' title="bbox 224 1627 1251 1720; baseline -0.005 -21"><span class='ocrx_word' id='word_1_96' title='bbox 224 1644 321 1699; x_wconf 80' lang='lat' dir='ltr'>tutem</span> <span class='ocrx_word' id='word_1_97' title='bbox 346 1653 385 1696; x_wconf 76' lang='lat' dir='ltr'>ex</span> <span class='ocrx_word' id='word_1_98' title='bbox 408 1628 520 1720; x_wconf 91' lang='lat' dir='ltr'>puerili</span> <span class='ocrx_word' id='word_1_99' title='bbox 542 1641 634 1696; x_wconf 76' lang='lat' dir='ltr'>mtate</span> <span class='ocrx_word' id='word_1_100' title='bbox 662 1629 861 1696; x_wconf 79' lang='lat' dir='ltr'>describente</span> <span class='ocrx_word' id='word_1_101' title='bbox 880 1627 998 1696; x_wconf 82' lang='lat' dir='ltr'>Verbo.</span> <span class='ocrx_word' id='word_1_102' title='bbox 1024 1627 1158 1696; x_wconf 85' lang='lat' dir='ltr'>lllicubi</span> <span class='ocrx_word' id='word_1_103' title='bbox 1176 1631 1251 1694; x_wconf 88' lang='lat' dir='ltr'>enin</span> 
     </span>
     <span class='ocr_line' id='line_1_14' title="bbox 224 1736 1252 1829; baseline -0.004 -21"><span class='ocrx_word' id='word_1_104' title='bbox 224 1765 282 1808; x_wconf 88' lang='lat' dir='ltr'>nos</span> <span class='ocrx_word' id='word_1_105' title='bbox 296 1752 388 1807; x_wconf 76' lang='lat' dir='ltr'>vocat</span> <span class='ocrx_word' id='word_1_106' title='bbox 399 1761 529 1829; x_wconf 80' lang='lat' dir='ltr'>pueros,</span> <span class='ocrx_word' id='word_1_107' title='bbox 550 1736 667 1806; x_wconf 75' lang='lat' dir='ltr'>alicubi</span> <span class='ocrx_word' id='word_1_108' title='bbox 685 1761 759 1804; x_wconf 87' lang='lat' dir='ltr'>vero</span> <span class='ocrx_word' id='word_1_109' title='bbox 772 1739 891 1828; x_wconf 83' lang='lat' dir='ltr'>pullos,</span> <span class='ocrx_word' id='word_1_110' title='bbox 909 1761 1145 1829; x_wconf 72' lang='lat' dir='ltr'>nonnunquam</span> <span class='ocrx_word' id='word_1_111' title='bbox 1156 1751 1252 1804; x_wconf 70' lang='lat' dir='ltr'>nutu</span> 
     </span>
     <span class='ocr_line' id='line_1_15' title="bbox 224 1848 1251 1942; baseline -0.001 -25"><span class='ocrx_word' id='word_1_112' title='bbox 224 1854 383 1942; x_wconf 69' lang='lat' dir='ltr'>insontes,</span> <span class='ocrx_word' id='word_1_113' title='bbox 394 1848 510 1917; x_wconf 83' lang='lat' dir='ltr'>alicubi</span> <span class='ocrx_word' id='word_1_114' title='bbox 522 1861 630 1915; x_wconf 84' lang='lat' dir='ltr'>eutem</span> <span class='ocrx_word' id='word_1_115' title='bbox 644 1848 776 1938; x_wconf 77' lang='lat' dir='ltr'>filiolos,</span> <span class='ocrx_word' id='word_1_116' title='bbox 792 1863 825 1915; x_wconf 92' lang='lat' dir='ltr'>et</span> <span class='ocrx_word' id='word_1_117' title='bbox 841 1871 924 1939; x_wconf 80' lang='lat' dir='ltr'>saepe</span> <span class='ocrx_word' id='word_1_118' title='bbox 939 1849 1041 1939; x_wconf 80' lang='lat' dir='ltr'>filios,</span> <span class='ocrx_word' id='word_1_119' title='bbox 1053 1860 1087 1914; x_wconf 89' lang='lat' dir='ltr'>et</span> <span class='ocrx_word' id='word_1_120' title='bbox 1099 1849 1251 1938; x_wconf 76' lang='lat' dir='ltr'>populum</span> 
     </span>
     <span class='ocr_line' id='line_1_16' title="bbox 224 1958 1248 2048; baseline 0 -22"><span class='ocrx_word' id='word_1_121' title='bbox 224 1977 396 2035; x_wconf 77' lang='lat' dir='ltr'>recentem,</span> <span class='ocrx_word' id='word_1_122' title='bbox 407 1971 440 2024; x_wconf 85' lang='lat' dir='ltr'>et</span> <span class='ocrx_word' id='word_1_123' title='bbox 448 1959 609 2048; x_wconf 80' lang='lat' dir='ltr'>populum</span> <span class='ocrx_word' id='word_1_124' title='bbox 619 1982 755 2025; x_wconf 77' lang='lat' dir='ltr'>nouum.</span> <span class='ocrx_word' id='word_1_125' title='bbox 769 1958 898 2026; x_wconf 82' lang='lat' dir='ltr'>«Servis</span> <span class='ocrx_word' id='word_1_126' title='bbox 910 1972 1017 2026; x_wconf 83' lang='lat' dir='ltr'>nutem</span> <span class='ocrx_word' id='word_1_127' title='bbox 1025 1959 1127 2035; x_wconf 86' lang='lat' dir='ltr'>meis,</span> <span class='ocrx_word' id='word_1_128' title='bbox 1137 1960 1248 2046; x_wconf 72' lang='lat' dir='ltr'>inquit,</span> 
     </span>
     <span class='ocr_line' id='line_1_17' title="bbox 225 2069 1252 2161; baseline 0.002 -26"><span class='ocrx_word' id='word_1_129' title='bbox 225 2071 434 2158; x_wconf 72' lang='lat' dir='ltr'>»imponetur</span> <span class='ocrx_word' id='word_1_130' title='bbox 454 2091 571 2135; x_wconf 89' lang='lat' dir='ltr'>nomen</span> <span class='ocrx_word' id='word_1_131' title='bbox 595 2091 713 2134; x_wconf 81' lang='lat' dir='ltr'>novum</span> <span class='ocrx_word' id='word_1_132' title='bbox 728 2070 1037 2153; x_wconf 73' lang='lat' dir='ltr'>nlnomen&#39;oooum</span> <span class='ocrx_word' id='word_1_133' title='bbox 1059 2069 1154 2148; x_wconf 87' lang='lat' dir='ltr'>dicit,</span> <span class='ocrx_word' id='word_1_134' title='bbox 1177 2069 1252 2161; x_wconf 85' lang='lat' dir='ltr'>qnod</span> 
     </span>
     <span class='ocr_line' id='line_1_18' title="bbox 224 2167 1252 2268; baseline 0.001 -22"><span class='ocrx_word' id='word_1_135' title='bbox 224 2191 273 2246; x_wconf 86' lang='lat' dir='ltr'>est</span> <span class='ocrx_word' id='word_1_136' title='bbox 292 2202 403 2246; x_wconf 86' lang='lat' dir='ltr'>recens</span> <span class='ocrx_word' id='word_1_137' title='bbox 425 2189 458 2244; x_wconf 90' lang='lat' dir='ltr'>et</span> <span class='ocrx_word' id='word_1_138' title='bbox 478 2167 869 2266; x_wconf 55' lang='lat' dir='ltr'>&#39;eudemum-impollutum</span> <span class='ocrx_word' id='word_1_139' title='bbox 883 2189 917 2243; x_wconf 84' lang='lat' dir='ltr'>et</span> <span class='ocrx_word' id='word_1_140' title='bbox 941 2176 1087 2268; x_wconf 84' lang='lat' dir='ltr'>simplex,</span> <span class='ocrx_word' id='word_1_141' title='bbox 1109 2193 1144 2246; x_wconf 89' lang='lat' dir='ltr'>et</span> <span class='ocrx_word' id='word_1_142' title='bbox 1158 2181 1252 2246; x_wconf 76' lang='lat' dir='ltr'>infen-</span> 
     </span>
     <span class='ocr_line' id='line_1_19' title="bbox 223 2286 1252 2379; baseline -0.003 -22"><span class='ocrx_word' id='word_1_143' title='bbox 223 2289 291 2368; x_wconf 89' lang='lat' dir='ltr'>tile,</span> <span class='ocrx_word' id='word_1_144' title='bbox 307 2302 340 2356; x_wconf 91' lang='lat' dir='ltr'>et</span> <span class='ocrx_word' id='word_1_145' title='bbox 354 2309 464 2355; x_wconf 86' lang='lat' dir='ltr'>verum</span> <span class='ocrx_word' id='word_1_146' title='bbox 476 2289 514 2378; x_wconf 77' lang='lat'>)«</span> <span class='ocrx_word' id='word_1_147' title='bbox 533 2287 618 2377; x_wconf 84' lang='lat' dir='ltr'>quod</span> <span class='ocrx_word' id='word_1_148' title='bbox 637 2287 845 2356; x_wconf 78' lang='lat' dir='ltr'>benedicetur</span> <span class='ocrx_word' id='word_1_149' title='bbox 862 2286 895 2354; x_wconf 90' lang='lat' dir='ltr'>in</span> <span class='ocrx_word' id='word_1_150' title='bbox 910 2301 994 2354; x_wconf 82' lang='lat' dir='ltr'>terre</span> <span class='ocrx_word' id='word_1_151' title='bbox 1005 2286 1028 2352; x_wconf 85' lang='lat'>⁸.</span> <span class='ocrx_word' id='word_1_152' title='bbox 1043 2287 1131 2355; x_wconf 77' lang='lat' dir='ltr'>»Per</span> <span class='ocrx_word' id='word_1_153' title='bbox 1148 2287 1252 2379; x_wconf 71' lang='lat' dir='ltr'>allego</span> 
     </span>
     <span class='ocr_line' id='line_1_20' title="bbox 225 2393 1252 2487; baseline -0.004 -21"><span class='ocrx_word' id='word_1_154' title='bbox 225 2401 306 2467; x_wconf 78' lang='lat' dir='ltr'>riam</span> <span class='ocrx_word' id='word_1_155' title='bbox 324 2411 432 2466; x_wconf 83' lang='lat' dir='ltr'>eutem</span> <span class='ocrx_word' id='word_1_156' title='bbox 454 2421 512 2465; x_wconf 88' lang='lat' dir='ltr'>nos</span> <span class='ocrx_word' id='word_1_157' title='bbox 528 2419 636 2463; x_wconf 85' lang='lat' dir='ltr'>rursus</span> <span class='ocrx_word' id='word_1_158' title='bbox 660 2393 763 2485; x_wconf 91' lang='lat' dir='ltr'>pullos</span> <span class='ocrx_word' id='word_1_159' title='bbox 778 2407 883 2472; x_wconf 81' lang='lat' dir='ltr'>vocet,</span> <span class='ocrx_word' id='word_1_160' title='bbox 899 2397 953 2485; x_wconf 88' lang='lat' dir='ltr'>qui</span> <span class='ocrx_word' id='word_1_161' title='bbox 969 2396 1036 2463; x_wconf 88' lang='lat' dir='ltr'>vitii</span> <span class='ocrx_word' id='word_1_162' title='bbox 1058 2397 1176 2487; x_wconf 79' lang='lat' dir='ltr'>jugum</span> <span class='ocrx_word' id='word_1_163' title='bbox 1196 2419 1252 2464; x_wconf 92' lang='lat' dir='ltr'>non</span> 
     </span>
     <span class='ocr_line' id='line_1_21' title="bbox 226 2505 1252 2596; baseline -0.001 -19"><span class='ocrx_word' id='word_1_164' title='bbox 226 2511 382 2585; x_wconf 87' lang='lat' dir='ltr'>subimus,</span> <span class='ocrx_word' id='word_1_165' title='bbox 409 2509 463 2596; x_wconf 90' lang='lat' dir='ltr'>qui</span> <span class='ocrx_word' id='word_1_166' title='bbox 486 2509 526 2574; x_wconf 84' lang='lat' dir='ltr'>cb</span> <span class='ocrx_word' id='word_1_167' title='bbox 550 2506 752 2595; x_wconf 82' lang='lat' dir='ltr'>improbitate</span> <span class='ocrx_word' id='word_1_168' title='bbox 772 2505 903 2573; x_wconf 89' lang='lat' dir='ltr'>minime</span> <span class='ocrx_word' id='word_1_169' title='bbox 925 2506 1037 2574; x_wconf 89' lang='lat' dir='ltr'>domiti</span> <span class='ocrx_word' id='word_1_170' title='bbox 1051 2531 1183 2583; x_wconf 82' lang='lat' dir='ltr'>sumus;</span> <span class='ocrx_word' id='word_1_171' title='bbox 1205 2507 1252 2576; x_wconf 87' lang='lat' dir='ltr'>sed</span> 
     </span>
     <span class='ocr_line' id='line_1_22' title="bbox 225 2601 1250 2706; baseline -0.002 -22"><span class='ocrx_word' id='word_1_172' title='bbox 225 2639 334 2684; x_wconf 84' lang='lat' dir='ltr'>sumus</span> <span class='ocrx_word' id='word_1_173' title='bbox 355 2614 533 2705; x_wconf 83' lang='lat' dir='ltr'>simplices,</span> <span class='ocrx_word' id='word_1_174' title='bbox 558 2627 591 2702; x_wconf 87' lang='lat' dir='ltr'>et</span> <span class='ocrx_word' id='word_1_175' title='bbox 614 2614 779 2703; x_wconf 82' lang='lat' dir='ltr'>adipsum</span> <span class='ocrx_word' id='word_1_176' title='bbox 803 2613 905 2681; x_wconf 87' lang='lat' dir='ltr'>solum</span> <span class='ocrx_word' id='word_1_177' title='bbox 932 2630 1056 2706; x_wconf 81' lang='lat' dir='ltr'>petrem</span> <span class='ocrx_word' id='word_1_178' title='bbox 1081 2601 1250 2685; x_wconf 78' lang='lat' dir='ltr'>exilimus&#39;:</span> 
     </span>
     <span class='ocr_line' id='line_1_23' title="bbox 224 2720 1254 2814; baseline 0.004 -23"><span class='ocrx_word' id='word_1_179' title='bbox 224 2747 290 2791; x_wconf 90' lang='lat' dir='ltr'>non</span> <span class='ocrx_word' id='word_1_180' title='bbox 306 2745 404 2813; x_wconf 85' lang='lat' dir='ltr'>equos</span> <span class='ocrx_word' id='word_1_181' title='bbox 420 2720 615 2812; x_wconf 73' lang='lat' dir='ltr'>subjugales,</span> <span class='ocrx_word' id='word_1_182' title='bbox 627 2723 680 2811; x_wconf 89' lang='lat' dir='ltr'>qui</span> <span class='ocrx_word' id='word_1_183' title='bbox 702 2751 716 2784; x_wconf 79' lang='grc' dir='ltr'><strong><em>ι</em></strong></span> <span class='ocrx_word' id='word_1_184' title='bbox 733 2721 774 2790; x_wconf 81' lang='lat' dir='ltr'>od</span> <span class='ocrx_word' id='word_1_185' title='bbox 787 2725 1040 2814; x_wconf 86' lang='lat' dir='ltr'>propinquorum</span> <span class='ocrx_word' id='word_1_186' title='bbox 1054 2751 1171 2794; x_wconf 78' lang='lat' dir='ltr'>mores</span> <span class='ocrx_word' id='word_1_187' title='bbox 1189 2727 1254 2795; x_wconf 89' lang='lat' dir='ltr'>biu-</span> 
     </span>
     <span class='ocr_line' id='line_1_24' title="bbox 225 2813 1253 2912; baseline 0.007 -14"><span class='ocrx_word' id='word_1_188' title='bbox 225 2863 239 2898; x_wconf 71' lang='grc' dir='ltr'><strong><em>ι</em></strong></span> <span class='ocrx_word' id='word_1_189' title='bbox 255 2833 359 2908; x_wconf 90' lang='lat' dir='ltr'>niunt,</span> <span class='ocrx_word' id='word_1_190' title='bbox 371 2844 405 2898; x_wconf 90' lang='lat' dir='ltr'>et</span> <span class='ocrx_word' id='word_1_191' title='bbox 415 2831 616 2898; x_wconf 84' lang='lat' dir='ltr'>loeminorum</span> <span class='ocrx_word' id='word_1_192' title='bbox 629 2832 740 2902; x_wconf 86' lang='lat' dir='ltr'>inseno</span> <span class='ocrx_word' id='word_1_193' title='bbox 751 2855 860 2899; x_wconf 83' lang='lat' dir='ltr'>emere</span> <span class='ocrx_word' id='word_1_194' title='bbox 875 2813 1025 2901; x_wconf 82' lang='lat' dir='ltr'>tenentur</span> <span class='ocrx_word' id='word_1_195' title='bbox 1037 2834 1063 2912; x_wconf 76' lang='lat'>⁴,</span> <span class='ocrx_word' id='word_1_196' title='bbox 1080 2837 1168 2904; x_wconf 75' lang='lat' dir='ltr'>»sed</span> <span class='ocrx_word' id='word_1_197' title='bbox 1181 2836 1253 2904; x_wconf 78' lang='lat' dir='ltr'>libe</span> 
     </span>
     <span class='ocr_line' id='line_1_25' title="bbox 225 2941 1252 3035; baseline 0.003 -26"><span class='ocrx_word' id='word_1_198' title='bbox 225 2966 290 3020; x_wconf 85' lang='lat' dir='ltr'>ros,</span> <span class='ocrx_word' id='word_1_199' title='bbox 307 2954 340 3008; x_wconf 92' lang='lat' dir='ltr'>et</span> <span class='ocrx_word' id='word_1_200' title='bbox 354 2954 501 3026; x_wconf 86' lang='lat' dir='ltr'>recenter</span> <span class='ocrx_word' id='word_1_201' title='bbox 519 2941 641 3032; x_wconf 78' lang='lat' dir='ltr'>genitos</span> <span class='ocrx_word' id='word_1_202' title='bbox 658 2963 666 3004; x_wconf 91' lang='lat'><strong>:</strong></span> <span class='ocrx_word' id='word_1_203' title='bbox 683 2942 736 3030; x_wconf 90' lang='lat' dir='ltr'>qui</span> <span class='ocrx_word' id='word_1_204' title='bbox 758 2954 890 3032; x_wconf 86' lang='lat' dir='ltr'>propter</span> <span class='ocrx_word' id='word_1_205' title='bbox 905 2943 1003 3010; x_wconf 90' lang='lat' dir='ltr'>fidem</span> <span class='ocrx_word' id='word_1_206' title='bbox 1017 2944 1165 3016; x_wconf 82' lang='lat' dir='ltr'>exultent</span> <span class='ocrx_word' id='word_1_207' title='bbox 1180 2970 1190 3012; x_wconf 77' lang='lat' dir='ltr'>s</span> <span class='ocrx_word' id='word_1_208' title='bbox 1207 2949 1252 3035; x_wconf 80' lang='lat' dir='ltr'>qui</span> 
     </span>
     <span class='ocr_line' id='line_1_26' title="bbox 225 3051 1254 3141; baseline 0.004 -23"><span class='ocrx_word' id='word_1_209' title='bbox 225 3051 371 3120; x_wconf 81' lang='lat' dir='ltr'>celeriter</span> <span class='ocrx_word' id='word_1_210' title='bbox 385 3063 519 3118; x_wconf 88' lang='lat' dir='ltr'>currunt</span> <span class='ocrx_word' id='word_1_211' title='bbox 537 3051 578 3117; x_wconf 82' lang='lat' dir='ltr'>ed</span> <span class='ocrx_word' id='word_1_212' title='bbox 593 3051 781 3118; x_wconf 80' lang='lat' dir='ltr'>veritatem:</span> <span class='ocrx_word' id='word_1_213' title='bbox 801 3052 945 3141; x_wconf 83' lang='lat' dir='ltr'>quisunt</span> <span class='ocrx_word' id='word_1_214' title='bbox 963 3051 1093 3126; x_wconf 55' lang='lat' dir='ltr'>lveloces</span> <span class='ocrx_word' id='word_1_215' title='bbox 1116 3056 1159 3122; x_wconf 80' lang='lat' dir='ltr'>nd</span> <span class='ocrx_word' id='word_1_216' title='bbox 1182 3055 1254 3122; x_wconf 85' lang='lat' dir='ltr'>selu·</span> 
     </span>
     <span class='ocr_line' id='line_1_27' title="bbox 227 3162 1254 3252; baseline 0.004 -22"><span class='ocrx_word' id='word_1_217' title='bbox 227 3178 294 3230; x_wconf 89' lang='lat' dir='ltr'>tem</span> <span class='ocrx_word' id='word_1_218' title='bbox 319 3187 327 3230; x_wconf 76' lang='lat' dir='ltr'>t</span> <span class='ocrx_word' id='word_1_219' title='bbox 352 3163 406 3252; x_wconf 91' lang='lat' dir='ltr'>qui</span> <span class='ocrx_word' id='word_1_220' title='bbox 421 3162 594 3232; x_wconf 37' lang='lat' dir='ltr'>⁸mundane</span> <span class='ocrx_word' id='word_1_221' title='bbox 622 3173 790 3252; x_wconf 89' lang='lat' dir='ltr'>proterunt</span> <span class='ocrx_word' id='word_1_222' title='bbox 814 3176 848 3230; x_wconf 90' lang='lat' dir='ltr'>et</span> <span class='ocrx_word' id='word_1_223' title='bbox 873 3165 1075 3233; x_wconf 83' lang='lat' dir='ltr'>conculcent.</span> <span class='ocrx_word' id='word_1_224' title='bbox 1107 3167 1254 3238; x_wconf 63' lang='lat' dir='ltr'>«Latere</span> 
     </span>
     <span class='ocr_line' id='line_1_28' title="bbox 180 3269 1254 3366; baseline 0.007 -29"><span class='ocrx_word' id='word_1_225' title='bbox 180 3359 183 3366; x_wconf 19' lang='grc' dir='ltr'><strong>μ</strong></span> <span class='ocrx_word' id='word_1_226' title='bbox 226 3272 364 3350; x_wconf 69' lang='lat' dir='ltr'>sealde,</span> <span class='ocrx_word' id='word_1_227' title='bbox 381 3271 445 3339; x_wconf 84' lang='lat' dir='ltr'>[ilie</span> <span class='ocrx_word' id='word_1_228' title='bbox 467 3270 568 3338; x_wconf 87' lang='lat' dir='ltr'>Sion:</span> <span class='ocrx_word' id='word_1_229' title='bbox 584 3271 749 3348; x_wconf 81' lang='lat' dir='ltr'>annuntio,</span> <span class='ocrx_word' id='word_1_230' title='bbox 776 3269 840 3338; x_wconf 83' lang='lat' dir='ltr'>filie</span> <span class='ocrx_word' id='word_1_231' title='bbox 859 3272 1081 3341; x_wconf 81' lang='lat' dir='ltr'>Hierusalem:</span> <span class='ocrx_word' id='word_1_232' title='bbox 1095 3276 1184 3344; x_wconf 81' lang='lat' dir='ltr'>Ecce</span> <span class='ocrx_word' id='word_1_233' title='bbox 1206 3300 1254 3344; x_wconf 83' lang='lat' dir='ltr'>rex</span> 
     </span>
     <span class='ocr_line' id='line_1_29' title="bbox 227 3381 1254 3478; baseline 0.008 -31"><span class='ocrx_word' id='word_1_234' title='bbox 227 3414 240 3447; x_wconf 73' lang='grc' dir='ltr'><strong>ι</strong></span> <span class='ocrx_word' id='word_1_235' title='bbox 256 3396 328 3450; x_wconf 89' lang='lat' dir='ltr'>tuus</span> <span class='ocrx_word' id='word_1_236' title='bbox 343 3382 430 3451; x_wconf 78' lang='lat' dir='ltr'>venit</span> <span class='ocrx_word' id='word_1_237' title='bbox 441 3381 498 3450; x_wconf 89' lang='lat' dir='ltr'>tibi</span> <span class='ocrx_word' id='word_1_238' title='bbox 514 3383 631 3470; x_wconf 90' lang='lat' dir='ltr'>justus,</span> <span class='ocrx_word' id='word_1_239' title='bbox 646 3395 844 3458; x_wconf 81' lang='lat' dir='ltr'>mansuetus,</span> <span class='ocrx_word' id='word_1_240' title='bbox 862 3396 895 3449; x_wconf 90' lang='lat' dir='ltr'>et</span> <span class='ocrx_word' id='word_1_241' title='bbox 909 3407 1057 3452; x_wconf 80' lang='lat' dir='ltr'>servans:</span> <span class='ocrx_word' id='word_1_242' title='bbox 1073 3397 1107 3451; x_wconf 86' lang='lat' dir='ltr'>et</span> <span class='ocrx_word' id='word_1_243' title='bbox 1125 3389 1193 3478; x_wconf 86' lang='lat' dir='ltr'>ipse</span> <span class='ocrx_word' id='word_1_244' title='bbox 1204 3387 1254 3454; x_wconf 86' lang='lat' dir='ltr'>mi·</span> 
     </span>
     <span class='ocr_line' id='line_1_30' title="bbox 227 3490 1254 3584; baseline 0.004 -26"><span class='ocrx_word' id='word_1_245' title='bbox 227 3523 241 3558; x_wconf 75' lang='lat' dir='ltr'>s</span> <span class='ocrx_word' id='word_1_246' title='bbox 257 3497 309 3572; x_wconf 85' lang='lat' dir='ltr'>tis,</span> <span class='ocrx_word' id='word_1_247' title='bbox 321 3493 419 3583; x_wconf 88' lang='lat' dir='ltr'>etqui</span> <span class='ocrx_word' id='word_1_248' title='bbox 436 3492 577 3560; x_wconf 77' lang='lat' dir='ltr'>¹escendit</span> <span class='ocrx_word' id='word_1_249' title='bbox 596 3490 796 3582; x_wconf 77' lang='lat' dir='ltr'>subjugalem</span> <span class='ocrx_word' id='word_1_250' title='bbox 810 3504 843 3560; x_wconf 90' lang='lat' dir='ltr'>et</span> <span class='ocrx_word' id='word_1_251' title='bbox 858 3493 984 3584; x_wconf 89' lang='lat' dir='ltr'>pullum</span> <span class='ocrx_word' id='word_1_252' title='bbox 998 3496 1150 3565; x_wconf 75' lang='lat' dir='ltr'>novum⁵.</span> <span class='ocrx_word' id='word_1_253' title='bbox 1167 3498 1254 3565; x_wconf 77' lang='lat' dir='ltr'>»Non</span> 
     </span>
     <span class='ocr_line' id='line_1_31' title="bbox 228 3600 1254 3692; baseline 0.001 -24"><span class='ocrx_word' id='word_1_254' title='bbox 228 3604 300 3669; x_wconf 83' lang='lat' dir='ltr'>sutis</span> <span class='ocrx_word' id='word_1_255' title='bbox 324 3602 437 3674; x_wconf 76' lang='lat' dir='ltr'>habuit</span> <span class='ocrx_word' id='word_1_256' title='bbox 459 3600 563 3668; x_wconf 91' lang='lat' dir='ltr'>solum</span> <span class='ocrx_word' id='word_1_257' title='bbox 585 3603 699 3668; x_wconf 86' lang='lat' dir='ltr'>dixisse</span> <span class='ocrx_word' id='word_1_258' title='bbox 718 3603 863 3692; x_wconf 86' lang='lat' dir='ltr'>pullum,</span> <span class='ocrx_word' id='word_1_259' title='bbox 886 3605 941 3672; x_wconf 82' lang='lat' dir='ltr'>scd</span> <span class='ocrx_word' id='word_1_260' title='bbox 963 3606 1061 3672; x_wconf 85' lang='lat' dir='ltr'>etiem</span> <span class='ocrx_word' id='word_1_261' title='bbox 1081 3631 1209 3676; x_wconf 77' lang='lat' dir='ltr'>novum</span> <span class='ocrx_word' id='word_1_262' title='bbox 1228 3608 1254 3670; x_wconf 86' lang='lat' dir='ltr'>ei</span> 
     </span>
     <span class='ocr_line' id='line_1_32' title="bbox 225 3705 1254 3806; baseline 0.001 -29"><span class='ocrx_word' id='word_1_263' title='bbox 225 3711 356 3799; x_wconf 76' lang='lat' dir='ltr'>adjecit,</span> <span class='ocrx_word' id='word_1_264' title='bbox 382 3705 599 3786; x_wconf 68' lang='lat' dir='ltr'>humanitatis,</span> <span class='ocrx_word' id='word_1_265' title='bbox 625 3713 757 3806; x_wconf 48' lang='lat' dir='ltr'>quein</span> <span class='ocrx_word' id='word_1_266' title='bbox 777 3711 904 3788; x_wconf 78' lang='lat' dir='ltr'>Christo</span> <span class='ocrx_word' id='word_1_267' title='bbox 930 3726 990 3794; x_wconf 78' lang='lat' dir='ltr'>est,</span> <span class='ocrx_word' id='word_1_268' title='bbox 1017 3717 1207 3792; x_wconf 82' lang='lat' dir='ltr'>novitatem,</span> <span class='ocrx_word' id='word_1_269' title='bbox 1226 3725 1254 3781; x_wconf 87' lang='lat' dir='ltr'>et</span> 
     </span>
    </p>
   </div>
   <div class='ocr_carea' id='block_1_3' title="bbox 230 3871 1254 4021">
    <p class='ocr_par' dir='ltr' id='par_1_3' title="bbox 230 3871 1254 4021">
     <span class='ocr_line' id='line_1_33' title="bbox 260 3871 1254 3947; baseline 0.013 -25"><span class='ocrx_word' id='word_1_270' title='bbox 260 3873 362 3924; x_wconf 84' lang='lat' dir='ltr'>¹bevit.</span> <span class='ocrx_word' id='word_1_271' title='bbox 375 3891 415 3935; x_wconf 81' lang='lat' dir='ltr'>xv,</span> <span class='ocrx_word' id='word_1_272' title='bbox 429 3893 474 3942; x_wconf 76' lang='lat'>²93</span> <span class='ocrx_word' id='word_1_273' title='bbox 487 3893 532 3935; x_wconf 85' lang='lat' dir='ltr'>xu,</span> <span class='ocrx_word' id='word_1_274' title='bbox 549 3879 584 3927; x_wconf 81' lang='lat'>16.</span> <span class='ocrx_word' id='word_1_275' title='bbox 598 3880 650 3928; x_wconf 84' lang='lat' dir='ltr'>bue</span> <span class='ocrx_word' id='word_1_276' title='bbox 665 3871 811 3938; x_wconf 49' lang='lat' dir='ltr'>urat-³22²</span> <span class='ocrx_word' id='word_1_277' title='bbox 823 3881 914 3932; x_wconf 82' lang='lat' dir='ltr'>Mettb.</span> <span class='ocrx_word' id='word_1_278' title='bbox 926 3898 998 3943; x_wconf 82' lang='lat' dir='ltr'>xxm,</span> <span class='ocrx_word' id='word_1_279' title='bbox 1011 3883 1052 3947; x_wconf 80' lang='lat'>37.</span> <span class='ocrx_word' id='word_1_280' title='bbox 1066 3885 1118 3926; x_wconf 68' lang='lat'>--³</span> <span class='ocrx_word' id='word_1_281' title='bbox 1134 3885 1192 3936; x_wconf 77' lang='lat' dir='ltr'>lsai.</span> <span class='ocrx_word' id='word_1_282' title='bbox 1205 3897 1254 3942; x_wconf 73' lang='lat' dir='ltr'>nv,</span> 
     </span>
     <span class='ocr_line' id='line_1_34' title="bbox 230 3949 781 4021; baseline 0.022 -23"><span class='ocrx_word' id='word_1_283' title='bbox 230 3951 267 4011; x_wconf 70' lang='lat'>1⁵,</span> <span class='ocrx_word' id='word_1_284' title='bbox 283 3949 319 3998; x_wconf 70' lang='grc' dir='ltr'>ιθ.</span> <span class='ocrx_word' id='word_1_285' title='bbox 329 3973 358 3988; x_wconf 87' lang='lat'>·-</span> <span class='ocrx_word' id='word_1_286' title='bbox 370 3949 379 3982; x_wconf 67' lang='lat'><em>⁶</em></span> <span class='ocrx_word' id='word_1_287' title='bbox 389 3952 486 4004; x_wconf 79' lang='lat' dir='ltr'>torem.</span> <span class='ocrx_word' id='word_1_288' title='bbox 499 3970 522 4014; x_wconf 78' lang='lat' dir='ltr'>s,</span> <span class='ocrx_word' id='word_1_289' title='bbox 531 3954 556 4004; x_wconf 83' lang='lat'>8.</span> <span class='ocrx_word' id='word_1_290' title='bbox 567 3981 597 3992; x_wconf 93' lang='lat'>-</span> <span class='ocrx_word' id='word_1_291' title='bbox 608 3955 705 4021; x_wconf 59' lang='lat' dir='ltr'>{Zeqht</span> <span class='ocrx_word' id='word_1_292' title='bbox 715 3969 781 4020; x_wconf 61' lang='lat' dir='ltr'>uss}</span> 
     </span>
    </p>
   </div>
   <div class='ocr_carea' id='block_1_4' title="bbox 0 0 1294 4614">
    <p class='ocr_par' dir='ltr' id='par_1_4' title="bbox 0 0 1294 4614">
     <span class='ocr_line' id='line_1_35' title="bbox 0 0 1294 4614; baseline 0 0"><span class='ocrx_word' id='word_1_293' title='bbox 0 0 1294 4614; x_wconf 95' lang='lat' dir='ltr'> </span> 
     </span>
    </p>
   </div>
  </div>
 </body>
</html>
