2570 4614
396 235 593 294 rapiemus,
618 240 679 284 ιιι.
706 241 728 283 ι.
771 281 781 328 ⁸
1016 219 1078 305 abp
1186 203 1189 208 Δ

40 351 208 441 qustum,
221 363 255 416 et
265 351 387 416 bouum
404 349 414 384 ¹
432 372 441 414 τ
461 377 475 414 ι
489 347 529 418 de
543 355 657 421 eadem
667 366 823 446 potestate
839 365 1010 443 utrumque
1020 375 1080 418 no-

37 485 117 529 meu
132 484 301 551 usurpans.
319 462 416 550 Atqui
431 463 544 530 nullus
559 479 605 530 cat
617 463 719 531 ctiam
735 465 850 540 bonus,
868 464 937 529 nisi
953 463 1053 528 Pater
1068 457 1080 496 ²

37 573 123 660 ejus.
142 570 237 636 ldem
251 580 301 636 est
317 593 394 660 ergo
409 569 504 636 Pater
516 571 601 660 ejus,
620 573 687 661 qui,
700 596 775 640 eum
790 595 890 639 uuum
905 571 959 647 sit,
973 567 1082 636 multis

37 681 245 771 significatur
258 681 479 770 potestatibus.
498 681 539 746 Et
552 680 616 748 boo
630 683 691 748 sibi
706 682 831 750 volebat
842 680 920 748 illud
934 703 942 746 :
954 678 1081 747 «Nemo
1192 757 1198 774 Ι

37 819 52 855 ι
67 791 161 857 norit
176 791 305 856 Patrem
321 789 348 866 ⁸,
361 817 374 853 ι
390 790 444 878 qui
456 791 587 878 quidem
601 803 670 858 erat
684 792 751 882 ipse
765 791 885 869 omnia,
896 790 1081 882 priusquam

36 903 168 970 reniret
183 899 284 967 Filius
302 925 311 966 ε
332 912 369 966 ut
384 902 425 967 sit
438 923 513 969 vere
527 913 673 991 apertum
692 903 792 992 quod,
814 902 868 992 qui
888 912 937 967 est
952 899 1080 966 univer·

37 1035 152 1078 sorum
166 1010 269 1087 Deus,
282 1033 365 1076 uuus
376 1009 460 1076 aolus
475 1011 527 1087 sit,
540 1012 658 1087 bouus,
677 1010 795 1100 justus,
805 1010 923 1101 opifex,
934 1005 1033 1074 Filius
1047 1008 1081 1072 in

37 1119 149 1193 Patro,
166 1119 222 1185 eui
242 1116 340 1208 gloria
362 1120 395 1185 iu
409 1105 524 1186 saecula
545 1118 746 1186 seculorum.
763 1119 881 1188 Amen:
896 1117 960 1184 sed
977 1137 1081 1205 neque

38 1255 58 1296 a
74 1229 210 1296 salomi
225 1227 335 1296 Verbo
348 1241 397 1296 est
419 1228 571 1306 alienum,
588 1231 665 1298 dum
684 1252 760 1299 cura
780 1229 958 1318 aliquorum
981 1229 1021 1295 ab
1040 1247 1081 1292 eo

41 1340 166 1430 geritur
176 1339 361 1406 conviciari.
376 1337 516 1416 Etenim,
529 1339 592 1407 boe
607 1363 733 1429 quoque
747 1352 796 1408 est
811 1339 1081 1406 medicamentum

41 1449 158 1515 (livium
173 1448 392 1537 benignitatis,
408 1469 449 1514 ex
462 1471 527 1537 quo
541 1448 711 1516 efflorescit
726 1451 827 1516 rubor
836 1433 978 1540 pudoris,
996 1445 1081 1513 etad

40 1557 244 1650 peccandum
260 1557 347 1624 subit
365 1558 568 1624 verecundia.
592 1557 627 1636 st
644 1558 730 1626 enim
744 1570 871 1650 oportet
888 1558 1080 1646 vituperare,

39 1680 171 1758 oportet
185 1667 284 1734 etiam
299 1666 468 1733 conviciari
487 1668 638 1756 :quando
653 1668 805 1747 animam,
817 1691 889 1758 quae
904 1665 1012 1734 dolere
1028 1665 1081 1731 de-

43 1778 106 1854 siit,
123 1789 254 1866 tempus
271 1788 400 1842 estnon
414 1773 575 1842 lethaliter
591 1777 745 1854 sauciare,
767 1777 824 1844 sed
838 1761 1019 1852 salubriter,
1036 1774 1079 1840 ita

45 1898 83 1951 ut
95 1886 211 1976 exiguo
226 1883 336 1952 dolore
348 1895 488 1951 mortem
502 1896 654 1951 aeternam
669 1884 822 1954 lueretur.
840 1883 878 1953 ln
895 1883 1079 1974 Paedsgogia

48 2007 160 2060 autem
180 1997 249 2083 ejus
269 2017 384 2084 magna
403 2005 453 2060 est
475 1993 641 2084 sapientia,
661 2007 695 2060 et
714 1996 799 2064 varia
814 2008 863 2062 est
884 1998 954 2087 ejus
976 1994 1078 2062 admi-

48 2104 240 2170 nistrationis
257 2104 338 2171 ratio
352 2103 395 2168 ad
409 2099 553 2168 salutem.
571 2103 670 2168 Bonis
687 2105 773 2178 euim
787 2105 849 2170 sert
862 2105 1078 2172 testimonium

48 2215 247 2305 Pardagogus.
268 2213 407 2292 Vocatos
423 2223 531 2280 autem
545 2215 587 2280 ad
606 2211 739 2280 meliora
755 2225 883 2288 evocatz
900 2226 934 2280 et
953 2215 1079 2302 eosqui

44 2325 89 2393 ad
103 2327 252 2414 iujuriam
267 2325 446 2392 faciendam
459 2336 645 2415 properant,
663 2326 703 2392 ab
719 2326 840 2416 impetu
855 2326 979 2402 avertit,
991 2335 1024 2392 et
1038 2326 1079 2392 ad

46 2435 141 2500 ritam
155 2433 323 2500 meliorem
334 2455 403 2498 sese
422 2432 591 2498 traducere
607 2432 764 2499 bortatur.
784 2432 855 2502 Nou
876 2443 925 2500 est
938 2434 1023 2501 euim
1038 2432 1081 2499 al·

45 2557 149 2610 terum
164 2545 288 2630 absque
307 2541 501 2618 testimonio,
520 2565 595 2610 oum
614 2541 704 2608 alteri
720 2543 822 2609 fertur
839 2543 1077 2610 testimouium:

42 2665 75 2720 et
84 2653 186 2746 gratia
197 2664 248 2718 cst
259 2652 408 2728 maxima,
421 2676 492 2742 qua
503 2651 718 2744 proficiscitur
728 2677 767 2720 ex
776 2653 967 2720 testimonio.
980 2652 1079 2719 Porro

44 2775 151 2828 autem
168 2763 226 2828 irae
237 2783 365 2850 quoque
378 2761 505 2828 affectio
524 2761 569 2848 (si
587 2762 632 2828 ira
645 2763 787 2830 vocanda
802 2763 842 2828 sit
854 2763 923 2852 ejus
938 2762 1080 2828 admoui-

47 2872 108 2961 tio)
121 2884 170 2938 est
184 2869 280 2960 plena
295 2869 524 2938 benevolentiae
538 2871 571 2938 in
585 2870 827 2950 hominesueo
845 2872 886 2938 ad
895 2871 1079 2938 affectiones

46 2980 260 3048 deseeudeute
275 2991 404 3070 propter
420 2978 597 3058 bominem,
613 2992 743 3072 propter
758 3004 853 3071 quem
865 2979 1007 3048 Verbum
1022 2979 1080 3046 Dei

42 3089 142 3156 bomo
155 3089 262 3157 iaetus
275 3099 332 3156 est.

77 3257 86 3290 ¹
100 3257 235 3320 Roman,
250 3259 344 3309 ιι.--2
356 3260 509 3324 Maltinus,
523 3277 560 3329 ¹7·
571 3289 601 3304 ·-
611 3263 620 3298 ¹
631 3265 693 3316 bue·
706 3279 730 3324 x,
743 3280 782 3312 ιι.
792 3263 867 3313 Joeu.
881 3275 942 3322 xro,
953 3259 993 3308 25.
