2570 4614
213 217 276 292 284
526 233 700 278 accusaris
723 231 933 278 ιιιιιιιιιιιιιιιιι

158 351 170 378 ⁰
212 387 224 419 ι
240 379 357 447 gogum
370 356 412 422 ad
424 355 605 424 Christnm¹
618 381 649 420 τι
665 356 745 422 adco
759 367 792 420 ut
804 378 844 420 ox
853 355 917 422 hoc
927 369 1076 445 apertum
1089 359 1145 434 sit,
1155 382 1274 424 unum

212 467 328 545 solum,
347 493 468 545 verum,
490 471 626 556 honum,
648 467 783 554 justum,
801 464 842 531 ad
857 466 1028 558 imaginem
1047 481 1082 532 et
1107 467 1269 534 similitu

213 580 320 645 dinam
341 577 440 661 Patris
463 575 578 654 filium,
603 571 728 649 desum,
752 573 896 652 Verbum
918 575 989 653 Dei,
1012 599 1084 642 esse
1108 589 1267 643 nostrum

210 689 445 777 Paedagogum:
465 689 519 754 cui
535 710 592 752 nos
608 684 739 750 tradidit
754 683 852 761 Deus,
873 679 1024 774 tanquam
1040 686 1142 751 Pater
1160 689 1266 754 bena-

213 796 302 864 volus
324 821 401 864 vero
422 797 599 886 Poedagogo
621 795 850 862 commendans
872 793 970 872 filios,
993 789 1089 862 nobis
1117 792 1266 864 dilucide

213 907 399 997 praecipions
413 929 422 971 a
438 907 507 972 Hic
525 923 571 972 eat
589 905 701 970 Filias
714 887 805 970 mccc
816 905 963 982 dilectus,
979 906 1093 995 ipsam
1105 909 1236 973 audite
1243 909 1263 974 ².

213 1018 291 1083 Fido
307 1016 420 1105 dignus
437 1027 485 1082 cst
500 1014 626 1081 divinus
645 1014 849 1104 Paedagogus,
870 1015 972 1082 tribus
990 1017 1091 1083 rebus
1109 1016 1266 1108 pulcher

213 1125 302 1191 rimis
324 1135 473 1200 curatus,
502 1123 652 1198 scicntia,
674 1121 915 1199 benovolentia,
938 1123 1066 1190 dicandi
1094 1123 1262 1192 libertate.

215 1231 355 1301 Scicntia
374 1233 519 1323 quidam,
541 1232 692 1320 quoniam
707 1243 755 1298 cst
771 1244 900 1322 paterna
916 1233 1080 1322 Sapientia
1099 1234 1264 1301 :cOmnis

165 1405 167 1412 .
215 1342 327 1409 »anim
342 1343 554 1432 sapientiacst
572 1367 590 1407 a
609 1341 760 1416 Domino,
773 1353 807 1405 ot
821 1363 896 1407 cum
910 1363 949 1406 co
966 1352 1015 1405 ast
1032 1342 1066 1408 in
1087 1345 1258 1426 aarum·

214 1452 350 1520 Dicendi
361 1465 468 1518 autom
477 1449 769 1539 fidncia,quoniam
778 1447 864 1514 Dens
876 1460 923 1514 ost
935 1461 967 1514 ot
974 1447 1107 1538 opifex:
1123 1451 1262 1517 «Omnis

215 1592 229 1624 ι
242 1564 332 1627 caim
342 1562 513 1651 peripsum
524 1561 606 1627 facta
618 1573 704 1637 sunt,
713 1572 746 1624 ct
756 1559 824 1624 sino
835 1559 904 1648 ipso
915 1557 1035 1625 factum
1048 1572 1104 1626 est
1117 1561 1230 1628 nihil‘.
1243 1591 1254 1623 ι

215 1673 440 1740 Benevolontia
451 1685 572 1749 autom,
584 1673 736 1762 quoniam
751 1670 836 1737 solus
850 1693 909 1760 pro
920 1673 1012 1737 nobis
1023 1673 1178 1762 scipsum
1189 1674 1259 1739 hos·

217 1785 292 1850 tiam
308 1783 459 1850 tradidit:
474 1783 607 1850 «Bonus
618 1784 710 1848 onim
725 1795 832 1872 pastor
842 1782 980 1847 animam
991 1803 1086 1847 suam
1102 1785 1195 1872 ponit
1203 1807 1260 1872 pru

217 1925 229 1956 a
245 1896 357 1963 ovibus
370 1895 456 1962 suis⁵
472 1919 480 1960 ε
494 1923 508 1957 ι
524 1906 620 1983 atquo
636 1895 715 1960 adoo
731 1915 802 1958 eam
818 1892 933 1981 posuit.
951 1891 1190 1959 Benevolentia
1204 1917 1259 1958 au-

218 2018 282 2070 tom
297 2003 375 2072 nihil
396 2018 443 2071 est
462 2003 562 2082 aliud,
585 2027 681 2095 qnam
701 2003 811 2070 volitio
832 2001 908 2068 boni
929 2003 1066 2091 proximi
1093 2005 1146 2069 sui
1169 2005 1259 2094 gratia

218 2112 311 2181 illius.

533 2307 538 2326 ·
606 2269 759 2340 CAPUT
781 2269 867 2340 ΧΗ.

263 2453 347 2533 Quod
359 2455 541 2534 Poedogogns
558 2456 741 2513 convenienter
748 2465 870 2528 paterna
883 2449 1024 2533 officttcni
1032 2455 1186 2514 severana
1199 2467 1222 2512 ἀ

575 2563 737 2643 benignitate
750 2581 821 2620 usus
835 2563 878 2620 sit.

263 2743 319 2806 His
333 2743 399 2830 jam
414 2741 564 2830 peractis,
581 2763 778 2828 consequens
803 2738 898 2804 suerit
916 2750 952 2803 ut
968 2737 1177 2828 Paedagogus
1202 2763 1261 2804 nos

221 2862 282 2927 ter,
306 2850 411 2926 Jews,
434 2851 530 2916 vitam
551 2851 645 2917 nobis
666 2872 774 2914 veram
798 2849 969 2925 describat,
995 2859 1028 2914 ct
1051 2873 1138 2916 eum
1161 2850 1262 2938 quiin

225 2959 351 3026 Christo
374 2969 423 3024 cst
444 2957 608 3026 hominem
624 2981 713 3024 more
725 2959 894 3050 'paedagogi
909 2959 1064 3026 instituat.
1086 2961 1149 3026 Est
1163 2975 1264 3026 auten

223 3070 324 3136 sorma
335 3067 405 3156 ejus
417 3091 455 3134 ac
467 3066 645 3147 character,
659 3091 763 3156 nequo
774 3069 948 3136 admodum
960 3067 1118 3146 difficilis,
1132 3094 1198 3137 nec
1207 3093 1264 3160 pra

224 3179 534 3267 benignitatemque
556 3179 636 3244 adoo
655 3176 837 3245 dissolutus.
862 3173 968 3246 Simul¹
987 3191 1099 3246 autem
1123 3182 1264 3254 mandat,

222 3301 254 3355 at
278 3289 435 3356 mandatis
449 3287 842 3378 ejusmodicharactarom
858 3289 1027 3380 imprimit,
1042 3299 1080 3354 ut
1093 3313 1134 3355 ca
1148 3291 1266 3379 possint

225 3399 390 3489 parfioorc.
419 3399 524 3488 Atque
552 3397 631 3464 mihi
661 3400 791 3487 quidem
812 3400 839 3465 is
861 3400 928 3489 ipso
950 3399 1078 3466 videtur
1105 3401 1266 3468 hominm

135 3533 138 3540 ¹
224 3506 351 3574 finxisse
366 3531 406 3576 ox
425 3505 567 3597 pulvcrc,
591 3528 673 3595 aqua
693 3520 801 3574 autam
818 3531 1035 3598 regenerasse,
1059 3511 1178 3600 spiritu
1199 3533 1265 3577 sero

226 3616 360 3694 auxisse,
373 3619 471 3686 verbo
486 3628 610 3696 autom,
626 3616 789 3708 paidagogi
807 3620 921 3695 instar,
933 3620 1122 3698 instituisso,
1135 3621 1179 3687 ad
1190 3621 1267 3686 filio

225 3748 297 3792 rum
319 3727 523 3817 adoptionem
544 3740 576 3795 at
592 3727 728 3796 salutem
748 3730 864 3798 sanctis
879 3731 1047 3818 praeccptis
1062 3731 1222 3820 dirigens,
1238 3743 1269 3796 ut

260 3898 268 3932 ¹
280 3896 339 3948 Gal·
350 3915 386 3961 ιιι,
402 3899 487 3958 aie-²
497 3903 660 3964 Hand-xm,
669 3903 735 3954 5.--3
744 3904 816 3955 Ριοι.
826 3899 926 3966 rat-⁸
937 3901 1012 3952 Joan.
1023 3920 1042 3964 ι,
1051 3901 1123 3953 5.-⁵
1132 3901 1179 3953 ld.
1195 3915 1221 3962 x,
1234 3917 1265 3950 ιι.
