2546 4614
281 373 405 424 coraraa
429 372 577 422 araorraa
598 377 640 420 ar
664 365 810 424 marcar.
999 355 1064 441 457

32 495 255 564 nuntiationem
274 517 283 562 a
302 495 358 563 aed
374 515 478 571 meua.
496 495 550 584 qui
571 497 751 564 secundum
771 508 919 562 naturam
939 492 1066 584 loquor,
1176 565 1181 574 ,

30 617 64 672 et
81 627 133 696 per
147 618 299 696 utraeque
313 604 411 673 illum
424 616 461 670 ιιι
476 623 585 672 meum
599 605 788 694 pronuntio,
804 605 847 671 ab
861 599 1067 670 intellectuali

29 717 152 806 quidam
166 718 272 784 anima
286 737 360 786 mea
376 735 503 806 aemper
515 715 702 783 naturaliter
719 715 911 791 derivatum,
925 735 984 803 per
997 733 1069 780 cor·

27 825 163 916 poralem
175 846 250 894 vero
261 825 406 917 linguam
417 847 522 892 meam
535 823 697 914 organice,
709 837 747 890 ut
759 823 838 901 dixi,
851 845 926 891 cum
938 833 1066 913 oportet

25 937 224 1026 productum.
239 935 331 1008 Sicut
344 957 420 1026 ergo
437 935 470 1004 ln
486 933 592 1010 nebia,
608 946 768 1022 quantem
782 933 941 1000 aeatimare
956 953 1065 1022 poaru-

27 1069 98 1114 mua
109 1045 194 1136 quod
208 1045 311 1120 media
323 1045 472 1112 omnibus
483 1054 532 1110 eat
547 1041 779 1120 inestimabile,
791 1063 850 1133 per
864 1040 1066 1130 corporalem

4 1163 5 1174 ¹
25 1155 165 1246 linguam
176 1167 317 1224 noctram
333 1151 630 1230 inconvertibiliter,
643 1177 714 1244 quae
728 1152 904 1220 secundum
916 1163 1064 1217 naturam

2 1252 5 1291 l
22 1275 84 1341 eat,
99 1264 210 1330 animae
225 1259 419 1330 rationabilia
435 1256 625 1352 producitur
639 1260 738 1327 virtus
752 1282 761 1325 ι
775 1260 818 1326 ile
833 1269 866 1326 et
880 1259 913 1326 in
928 1255 1063 1349 gloriosa

3 1365 4 1404 l
21 1372 82 1440 Dei
96 1371 328 1448 lucarnatione,
344 1394 402 1461 per
424 1369 654 1440 eunctiaainaam
676 1379 808 1440 omnem
830 1386 921 1438 auam
939 1369 972 1434 in
986 1367 1060 1455 qui-

3 1495 4 1518 *
21 1483 220 1569 buacumque
231 1480 334 1548 diuino
347 1492 542 1571 operaretur,
555 1479 624 1546 aine
636 1477 903 1550 convertibilitate
913 1477 1062 1567 omnipo·

3 1590 136 1657 tentiae
151 1601 184 1658 et
198 1601 389 1658 cunctorum
399 1589 527 1667 factiva.
544 1590 642 1658 totiua
659 1587 785 1656 deitatis
802 1587 947 1677 operatio
957 1609 1062 1654 mona·

1 1698 5 1739 l
18 1703 172 1782 uebatur,
184 1703 302 1790 absque
314 1703 400 1767 omui
412 1702 590 1769 secundum
600 1712 750 1768 naturam
761 1698 1061 1786 circumacriptione

18 1829 222 1895 permanere,
238 1805 314 1872 licet
331 1829 390 1894 per
403 1826 536 1874 carnem
550 1805 687 1895 irrigaret
702 1819 815 1874 natura
830 1803 1058 1874 circumlinita·

19 1915 93 1983 Non
106 1915 192 1981 anim
211 1913 488 1982 circnmacribitur
509 1914 630 1984 factitia
651 1927 766 1984 natura
780 1915 868 2004 quod
882 1913 1060 1986 aecundum

15 2035 165 2090 naturam
180 2023 300 2092 lautum
314 2043 380 2090 nen
395 2035 456 2099 eat.
474 2022 552 2090 licet
566 2024 730 2094 cooriatur
742 2025 772 2092 ei
794 2047 852 2114 per
871 2023 1061 2113 conceptio-

14 2156 91 2200 nem
106 2157 237 2202 onmem
257 2155 387 2202 aeneum
404 2135 721 2204 circumacribentem
739 2160 748 2201 ι
765 2155 827 2204 neo
840 2135 938 2204 etiarm
949 2136 985 2203 in
1000 2158 1060 2204 eo-

11 2239 88 2307 alem
104 2240 174 2329 ipao
190 2239 378 2308 albinetum
394 2240 542 2310 differtur
561 2241 733 2334 aliquande
753 2254 787 2310 et
808 2239 960 2310 naturalia
979 2266 1059 2334 ope-

10 2349 106 2427 ratio,
131 2350 236 2419 donec
259 2363 432 2442 utrumque
452 2353 536 2420 intra
564 2353 728 2443 propriam
747 2363 857 2421 manet
878 2353 1057 2424 naturalem

8 2459 357 2528 inconvertibilitatem.
384 2459 649 2530 connaturalium
671 2463 758 2532 enim
786 2474 913 2532 tantuna
938 2486 997 2554 per
1022 2487 1058 2532 ιι

6 2591 148 2658 eperana
162 2583 210 2638 eat
223 2583 342 2648 notua,
358 2571 563 2640 manifestatae
580 2573 803 2651 aubatantiam,
819 2575 914 2664 eujus
929 2585 1056 2642 natura·
1183 2565 1189 2578 ⁸

5 2675 72 2746 lem
94 2689 220 2744 conatat
241 2703 310 2746 eeae
342 2681 494 2748 virtutem
519 2704 530 2748 ι
553 2681 686 2750 diversae
708 2693 830 2753 naturae
854 2684 1056 2774 proprietatio

2 2787 183 2964 ῖιιιιιιθιὲιίιίι
202 2785 288 2856 nulla
304 2789 428 2858 ratione
442 2812 512 2858 erae
535 2788 585 2858 vel
605 2789 676 2860 lieri
698 2792 767 2862 aine
787 2792 1054 2862 convertibilitate

271 3029 420 3103 Ejusdem,
434 3049 474 3090 ee·
482 3035 582 3092 eodem
594 3037 737 3096 Sermone.
748 3041 806 3096 IV.

59 3215 250 3306 blyateriuut
275 3237 414 3307 namque
438 3219 553 3300 divinae
576 3222 810 3290 lucarnationia
831 3223 991 3315 Apostolia
1017 3239 1050 3294 ct
1121 3297 1135 3314 ,

8 3327 177 3416 'rophetia
189 3338 283 3416 atque
296 3325 481 3398 doctoribua
493 3328 624 3456 duplam
634 3355 672 3399 ac
684 3333 863 3404 divertam
854 3361 887 3404 m
897 3337 1049 3406 omnibua
1070 3411 1079 3430 ς

0 4018 3 4047 ι
16 3999 153 4056 aturam
164 3986 277 4058 ιιιίιιι
291 3987 392 4070 Deua,
403 3993 622 4084 superinfinita
637 3997 753 4074 rirtrrte
766 3997 881 4082 auur,
898 4002 982 4072 aiem
992 4021 1043 4067 ro-
