2478 4594
188 239 250 304 250
498 259 672 306 cuuuuurts
697 261 904 308 umerorum

277 381 370 440 tuot
383 399 433 440 me
446 424 455 456 ‚
467 401 486 441 ο
498 381 599 441 Paterl
613 392 719 462 stupor
728 385 921 456 mortalium,

289 482 351 557 Qui
363 499 482 563 temper
493 483 647 544 virentem
658 485 795 543 animum
809 487 899 564 regis.

189 621 233 690 Et
248 643 384 714 mugnus
399 619 452 688 ille
467 621 692 700 Parmeniden,
717 634 754 689 ut
771 623 817 690 ait
836 621 925 692 Plato
947 623 980 690 iu
1001 621 1184 713 Sopbiam

191 729 260 798 lteo
274 731 362 798 hunc
373 731 406 798 in
417 731 550 798 modum
561 731 691 798 scribit:

288 859 351 919 Nec
361 869 443 920 ratur
457 869 504 918 ert
517 877 669 938 uuquam,
687 877 743 920 uec
757 860 849 919 morti
860 859 1008 920 obnoxiat
1024 859 1091 931 ulli,

294 959 428 1038 integer,
442 961 593 1038 unigena,
610 961 828 1033 inconcussus,
842 962 962 1021 nescius
973 971 1067 1020 ortus.

192 1099 262 1166 lmo
272 1098 369 1166 etiam
385 1095 558 1164 Hesiodus:

291 1228 334 1286 'l'e
350 1227 463 1304 llcgem
474 1243 510 1285 ac
521 1225 686 1286 Dominum
701 1225 882 1286 immortalis
892 1223 993 1284 Turba
1007 1225 1118 1294 latetur,

294 1327 362 1388 Non
372 1325 448 1386 aliua
458 1337 560 1387 tecum
573 1327 701 1406 imperio
716 1325 900 1421 coutenderc
914 1328 1021 1408 possit.

195 1466 283 1548 Quin
297 1476 330 1530 et
344 1465 410 1553 ipsa
426 1485 556 1552 quoque
573 1463 757 1554 legatia,
781 1466 822 1530 ab
844 1453 1004 1529 idolort‘rm
1023 1460 1178 1528 cultarbdr

124 1557 131 1566 ¹
193 1597 288 1651 ceno,
300 1573 334 1639 in
350 1571 469 1639 cetum
481 1570 593 1640 oculor
609 1571 721 1640 tollere
737 1595 796 1640 noe
812 1572 919 1639 docet.
933 1570 1101 1660 Sophocles
1112 1573 1176 1644 uia.

194 1695 231 1750 ut
262 1681 358 1748 miert
386 1682 553 1753 Hecatom
571 1682 765 1759 Historicus,
787 1681 820 1746 in
842 1703 883 1748 co
910 1703 1005 1770 quem
1034 1681 1073 1746 de
1087 1681 1175 1746 llum

194 1803 228 1858 et
248 1789 403 1880 AEgyptiie
430 1789 617 1880 conscripsit
647 1787 747 1866 libro,
776 1787 845 1856 huc
870 1787 976 1880 palam
997 1789 1178 1857 vociioaluo
1211 1805 1212 1810 ’

199 1923 312 1968 ecem:

299 2029 381 2088 Unus
394 2029 529 2111 prolecto
544 2038 589 2089 est
597 2068 608 2100 ,
621 2047 699 2087 unus
708 2027 758 2088 hic
768 2037 886 2088 tantum
898 2029 995 2100 Deua,

300 2129 361 2211 Qui
373 2128 483 2190 coelum
497 2141 529 2190 et
538 2129 654 2208 amplas
667 2129 802 2188 coadidit
811 2140 897 2189 terre
908 2128 1026 2209 plagas,

300 2229 434 2292 Caerulea
449 2231 534 2311 ponti
548 2240 633 2309 terga
645 2240 678 2288 et
689 2229 828 2289 infraenes
843 2238 942 2288 notos.

298 2336 336 2395 tt
350 2330 544 2404 domicelli,
561 2343 682 2411 pectore
694 2341 826 2390 errantes
840 2348 936 2409 vagu,

299 2431 513 2493 calamitatum
527 2431 669 2491 finximus
682 2429 804 2502 solatia,

299 2533 425 2593 Formas
436 2531 693 2602 lecturorum,
710 2541 761 2590 aut
771 2548 879 2600 arcas,

300 2634 421 2694 lurore
434 2633 536 2692 ductat
551 2631 653 2708 futili,
670 2642 722 2690 aut
734 2630 892 2690 eburneas.

300 2733 356 2792 llis
367 2732 441 2792 dum
457 2732 671 2809 immolamus,
683 2731 756 2791 dum
773 2744 850 2793 stato
862 2744 1006 2811 augustos
1019 2733 1063 2792 die

298 2833 465 2894 Reddimus
475 2833 606 2895 honores
617 2876 626 2907 ‚
639 2852 705 2894 etue
718 2853 774 2894 uos
789 2853 891 2893 remur
905 2836 983 2916 pios.

203 2975 278 3056 Quo
293 2968 407 3038 eodem
422 2993 462 3036 ex
475 2967 548 3036 loco
562 2970 747 3058 Euripides:

303 3099 391 3160 Vides
406 3098 535 3158 sublime
550 3100 651 3158 lusum
662 3098 896 3159 immoderatum
912 3095 1041 3172 retbere,

307 3203 480 3279 Quitenuro
494 3212 605 3261 terram
620 3199 817 3278 circumjectu
832 3199 1042 3279 amplectitur?

304 3305 395 3368 Hunc
407 3318 560 3361 summum
571 3298 683 3360 habeto
699 3301 831 3372 Divum,
851 3299 932 3358 bunc
947 3297 1088 3380 perhibeto
1097 3295 1173 3353 torn.

204 3453 294 3520 idem
309 3451 343 3520 iu
358 3450 520 3527 dramate,
532 3448 619 3538 quod
629 3445 806 3515 Pirithoum
817 3447 981 3514 inscribit:

385 3581 443 3652 Te,
459 3579 537 3658 quia
551 3579 659 3659 teipso
674 3597 721 3637 us:
735 3561 846 3656 quique
857 3575 978 3636 oethcrio

389 3677 502 3738 Rerum
519 3695 609 3736 omae
623 3693 716 3756 genus
726 3675 845 3734 turbine
860 3691 976 3732 versas:

387 3779 487 3854 Quem
500 3777 578 3836 clara
593 3775 655 3835 dies
663 3813 674 3848 ,
687 3791 779 3852 quem
794 3771 992 3840 turbidam,

390 3881 428 3937 lit
437 3875 625 3947 multicolor3
640 3891 791 3952 quemque
806 3883 952 3934 astrorum
