2574 4628
204 245 264 310 172
513 246 685 292 Classssll'llss
709 247 919 294 atuanuttttt

200 358 335 427 coluisse
349 355 517 430 simulacra
531 365 670 432 humana
684 366 788 455 specie
802 364 946 454 praedita,
962 361 1113 429 ostendit
1129 361 1172 426 in
1189 371 1252 424 ter-

199 471 245 538 tio
263 471 508 540 Chaldaicorum
520 475 673 551 Berosus;
694 499 830 564 eumque
845 499 967 542 morem
987 475 1027 540 ah
1043 474 1258 566 Artaxerxes,
1280 478 1285 493 ”

199 581 285 650 Darii
307 581 386 660 lilio,
402 584 485 651 Ochi
500 598 692 675 acropatus,
708 585 924 654 introductum
935 584 1052 650 luisse:
1074 581 1214 648 etenim
1227 579 1251 643 ir
1280 586 1287 603 ²

198 691 320 779 primus
331 705 467 760 statuam
478 693 608 762 Veneris
619 695 779 773 Tanaidis,
791 699 886 786 quam
897 693 1078 782 Babylone,
1092 703 1135 757 et
1150 688 1249 764 Smis,

198 813 232 866 et
256 801 426 870 Ecbatanis
446 805 613 892 posuisset,
630 804 744 881 Persis,
764 817 797 871 et
816 804 950 880 Bactris,
964 814 997 868 et
1010 801 1207 874 Damasco,
1229 841 1238 853 r

198 909 306 978 Sardis
321 912 466 1003 exemplo
480 939 537 982 suo
551 917 802 1005 premonstravit
816 939 885 981 esse
901 912 1086 1012 colendam.
1110 911 1253 976 Fatean·

199 1032 251 1087 tur
265 1024 361 1114 igitur
377 1025 555 1118 philosophi
573 1010 746 1105 se'Persas,
762 1026 811 1095 rel
828 1026 1042 1101 Sauromatas,
1061 1021 1125 1090 vel
1143 1021 1251 1108 Magoa
1286 1052 1287 1061 ¹

197 1132 372 1225 magistros
383 1135 544 1214 hahuisse,
564 1163 581 1205 a
599 1138 716 1227 quihus
739 1139 919 1205 didicerunt
936 1157 1045 1202 rerum
1073 1131 1252 1222 principiis

198 1243 341 1309 divinum
356 1243 478 1310 cultum
494 1245 590 1338 impie
604 1247 775 1314 decernere
793 1269 802 1312 ε
821 1259 916 1336 utque
936 1245 1023 1322 inde,
1040 1243 1183 1320 Deum,
1198 1261 1248 1330 qm
1277 1294 1287 1383 Ι

197 1352 358 1443 princeps,
374 1356 581 1445 omniumque
603 1354 747 1433 effector,
770 1357 975 1445 ipsorumque
999 1352 1254 1442 principiorum

198 1462 345 1529 conditor
359 1475 419 1541 est,
436 1465 502 1554 ipse
521 1465 668 1556 principii
688 1488 812 1554 expers,
828 1466 1021 1554 ignorantes,
1041 1486 1168 1554 egena
1185 1459 1245 1528 tea
1281 1488 1285 1513 ³

197 1587 229 1637 ct
243 1571 583 1666 infimtuxclamcnta‘,
600 1585 636 1639 ut
651 1597 688 1642 aa
700 1585 792 1642 vocat
802 1571 982 1661 Apostolus,
994 1592 1073 1659 qum
1092 1570 1142 1636 ad
1160 1590 1246 1634 usum

197 1679 363 1749 hominum
381 1684 654 1772 ministeriumque
669 1683 750 1750 lacta
767 1695 853 1759 sunt,
868 1681 1046 1748 coluerunt.
1063 1681 1099 1746 E
1118 1677 1246 1766 reliquis

197 1801 306 1857 autem
327 1790 522 1882 philosophis
543 1794 611 1880 qui,
629 1791 793 1860 elementis
810 1791 990 1880 praeteritis,
1005 1787 1182 1856 excelsius
1198 1787 1246 1854 ali

197 1899 319 1990 quidet
332 1901 531 1989 prestantius
546 1901 749 1989 indagarunt,
766 1898 819 1966 alii
830 1899 959 1989 quidem
969 1897 1150 1966 inlinitum
1167 1896 1244 1965 cele-

197 2011 371 2077 bruveruut
385 2033 443 2076 :ex
457 2011 572 2100 quihus
584 2010 644 2076 fuit
655 2010 889 2077 Anaximander
898 2007 1050 2088 Milesius,
1064 2023 1107 2075 et
1120 2013 1246 2078 Anaxa-

198 2141 291 2208 goras
306 2118 540 2196 Clazomenius,
557 2130 589 2185 et
608 2118 782 2186 Archelaiis
802 2118 1013 2196 Atheniensis,
1029 2120 1095 2208 qui
1117 2119 1247 2209 quidem

199 2229 294 2295 amho
310 2227 458 2296 infinitati
472 2240 613 2296 mentem
629 2229 809 2318 praelecere.
826 2227 1003 2318 Leucippus
1018 2240 1142 2296 autem
1160 2227 1247 2295 hlile-

198 2338 262 2404 sius
280 2349 314 2404 et
334 2338 536 2408 Metrodorus
556 2339 667 2415 Chius,
684 2339 742 2428 ipsi
758 2361 897 2430 quoque,
914 2350 950 2404 ut
964 2339 1115 2416 videtur,
1133 2338 1248 2431 duplex

197 2449 391 2538 principium
406 2449 574 2539 reliquere,
592 2449 724 2540 plenum
738 2461 771 2516 et
786 2450 888 2517 inane
905 2449 984 2530 Quae
995 2449 1061 2515 duo
1076 2463 1249 2516 mutuatus

174 2537 181 2550 ⁶
198 2557 400 2624 Democritus
422 2559 648 2636 Abderitanae,
672 2559 803 2627 tertium
820 2561 938 2650 adjecit
957 2557 1155 2632 simulacra.
1178 2559 1250 2627 Alc-

198 2691 303 2734 maeon
317 2689 392 2735 vero
408 2669 606 2737 Crotoniates
617 2684 713 2749 astra,
726 2694 801 2738 cum
813 2693 849 2736 ea
862 2670 997 2736 animata
1008 2693 1084 2736 esse
1100 2682 1249 2760 putaret,

201 2777 234 2842 in
248 2777 324 2844 deos
339 2777 446 2846 retulit
466 2777 545 2866 (uec
559 2783 644 2847 enim
660 2781 776 2847 herum
789 2781 903 2847 tuceho
915 2779 1163 2869 impudentiam
1174 2786 1208 2870 ):
1221 2793 1250 2847 et

199 2887 399 2956 Xenocrates
413 2888 645 2958 Chalcedonius
661 2905 781 2981 septem
804 2891 934 2980 quidem
950 2890 1025 2959 deos
1039 2913 1119 2957 esse
1137 2891 1251 2982 plana·

200 3009 261 3075 tas,
279 3009 429 3066 octavum
448 3022 535 3077 vero,
549 3001 603 3090 qui
617 3025 657 3068 ex
672 3003 738 3068 istis
753 3001 901 3068 omnihus
916 3011 1052 3075 constat,
1080 3001 1253 3067 mundum

203 3110 316 3176 innuit.
342 3109 409 3176 Nec
432 3109 555 3178 Stoicos
577 3135 654 3179 vero
673 3111 925 3202 praetermittam,
940 3111 994 3199 qui
1014 3133 1098 3176 cum
1118 3135 1254 3178 asseve-

202 3231 274 3284 rent
296 3219 439 3286 divinum
460 3243 579 3287 numen
594 3243 736 3298 omnem,
750 3219 951 3308 quantumvis
966 3217 1059 3284 vilem
1080 3231 1119 3285 et
1137 3222 1254 3310 abjec-

203 3339 282 3404 tam,
299 3329 465 3396 materiam
478 3328 663 3419 pcrvadere‚
680 3331 834 3421 insignem
852 3353 928 3396 sane
944 3340 1051 3396 nomm
1068 3329 1256 3399 dedecoris

203 3435 409 3528 philosophie
424 3439 661 3529 impresserunt.
680 3439 746 3507 Nec
762 3461 837 3506 vero
854 3437 1023 3504 molestum
1039 3437 1121 3514 erit,
1143 3453 1187 3505 ut
1202 3465 1258 3507 ar-

204 3543 318 3620 bitror,
334 3568 408 3613 cum
423 3546 464 3612 ad
483 3547 572 3616 hunc
588 3547 696 3616 locum
716 3547 927 3638 pervenerim,
940 3546 1129 3615 meminisse
1151 3551 1257 3618 etiam

205 3653 496 3743 Peripateticorum.
513 3657 613 3749 Cujus
629 3669 723 3726 sectae
734 3669 825 3748 pater
839 3679 946 3724 rerum
956 3656 1103 3722 omnium
1116 3673 1258 3746 putrem

205 3762 461 3851 ignoranseum,
472 3769 527 3857 qui
539 3792 710 3860 supremus
721 3767 850 3848 dicitur,
864 3767 1085 3860 animam—esse
1099 3768 1258 3836 universi

213 3907 214 3912 ¹
241 3886 346 3939 lGalat.
362 3906 398 3951 ar,
409 3909 434 3959 9.
