2570 4614
357 325 554 378 subsaunes,
578 325 639 368 uo.
666 325 687 366 1.
976 305 1035 392 ²57

41 447 206 536 lnmgogus
227 457 299 510 tunc
320 443 463 532 quidem,
486 443 690 508 «Dourinum
714 439 818 506 Deum
833 439 1028 518 timebis¹,»

41 558 165 624 licebat:
179 555 265 621 nobis
278 565 386 620 autem
396 553 459 621 boc
473 552 584 628 suasit,
595 577 608 611 ι
618 550 736 641 Diliges
745 551 919 616 Dominum
934 551 1038 617 Deum

42 665 156 732 rtuum²
171 688 180 729 ε
197 664 303 730 »unde
325 675 358 728 et
380 663 472 730 nobis
494 662 649 752 praecipit,
660 662 815 754 aCeesate
830 663 871 728 ab
886 662 1037 750 operibus

44 777 165 852 scutris,
177 803 191 838 ι
203 775 338 865 peccatis
349 774 508 840 veteribus
520 795 528 837 a
542 801 555 834 ι
569 772 681 868 discite
692 771 878 837 benefacere
891 795 899 837 ε
911 771 1037 839 declina

45 883 173 961 samolo,
188 897 218 951 at
239 883 287 950 lac
305 885 427 948 bonum
443 905 451 947 a
468 881 602 948 dilexisti
617 881 784 970 justitiam,
805 881 878 948 odio
899 882 1037 950 habuisti

45 994 261 1082 viniquitatam'.
273 995 366 1059 »Hoc
375 1004 667 1058 estmeumnovum
679 990 929 1069 Testamentum,
940 993 1039 1059 rotari

46 1105 125 1172 ittera
145 1105 344 1193 impressum„
354 1103 425 1172 rton
446 1114 494 1168 est
508 1124 584 1191 ergo
598 1101 818 1190 exprobranda
836 1100 934 1168 Verbi
949 1103 1042 1169 novi-⁴

47 1225 90 1280 toa
110 1214 165 1281 Sed
182 1213 333 1279 Dominus
349 1236 476 1302 quoque
495 1212 573 1278 dicit
588 1212 621 1276 in
636 1211 795 1278 Hieremia
815 1234 823 1276 ι
845 1241 856 1273 ι
876 1213 922 1280 Ne
940 1214 1039 1288 dicas.

49 1326 137 1414 squod
150 1349 213 1392 sum
226 1325 342 1414 junior.
363 1325 542 1412 Antequam
563 1337 595 1387 te
609 1321 772 1389 formarim
794 1323 826 1388 in
847 1334 950 1400 utero,
967 1327 1041 1392 nori

49 1447 105 1510 tte.
117 1448 143 1500 at
154 1449 316 1524 autequam
331 1434 526 1524 egredereris
541 1433 715 1508 matrice,
728 1433 925 1533 sanctificavi
942 1447 972 1501 te
982 1434 1004 1500 ⁴.
1020 1465 1033 1498 s

51 1547 145 1613 llisnu
154 1559 249 1636 potest
263 1543 430 1637 prophetia
446 1541 635 1634 significare,
648 1544 701 1632 qui
714 1555 786 1610 anta
803 1545 915 1611 mundi
927 1549 1041 1612 consti·

52 1659 174 1724 tutionem
187 1659 252 1726 Deo
266 1659 307 1723 ad
322 1657 420 1724 fidem
431 1655 548 1721 luimus
559 1655 692 1744 cogniti:
711 1679 797 1721 nuno
815 1667 921 1721 autem
934 1681 1042 1724 sumus

51 1767 156 1834 inlantes
167 1781 289 1858 propter
303 1765 468 1856 impletam
483 1787 586 1855 nuper
598 1765 654 1831 Dei
665 1765 875 1844 voluntatem,
888 1783 1057 1858 quatenus¹

52 1875 266 1944 advocationem
284 1887 316 1942 et
337 1873 473 1942 salutem
492 1887 638 1940 recenter
658 1876 722 1941 nati
743 1899 862 1942 sumus.
884 1878 1044 1958 Quocirca

56 1988 134 2052 etiam
144 1989 285 2077 subjungit
298 2010 306 2053 ι
320 2013 333 2048 ι
345 1985 537 2076 Prophetae]
549 1985 710 2075 adgentes
722 1988 810 2076 posui
822 1987 875 2054 te⁶
891 2012 899 2055 :
913 1989 1044 2056 »dicens

58 2119 120 2176 eum
131 2111 251 2186 oportere
263 2096 467 2187 prophetare,
480 2119 520 2160 ne
532 2105 644 2184 putent
656 2097 788 2184 junioris
800 2097 1044 2188 appellationem

59 2208 184 2294 probrum
196 2209 302 2274 esselis
317 2207 373 2296 qui
387 2218 541 2273 vocantur
557 2205 700 2271 insontes.
724 2206 790 2271 Lex
812 2220 917 2274 autem
933 2223 980 2275 est
995 2235 1046 2277 ve-

59 2329 101 2380 tus
111 2319 189 2407 gratia
202 2341 253 2408 per
264 2317 385 2384 blosem
400 2315 539 2384 aVerbo
554 2316 636 2382 dato.
653 2316 812 2395 Quocirca
828 2301 906 2383 dixit
921 2343 1048 2408 quoque

57 2423 189 2516 Scriptura
201 2451 208 2492 :
220 2426 303 2493 «tax
313 2450 371 2516 per
383 2425 503 2492 Mosem
515 2427 587 2490 data
599 2423 668 2492 est‘
684 2449 691 2491 τ
707 2449 793 2492 anon
803 2450 826 2492 ·a
844 2426 943 2510 Mose,
963 2429 1048 2495 seda

55 2533 141 2602 Verbo
152 2539 285 2625 quidem
303 2557 415 2603 verum
433 2559 493 2625 per
508 2535 645 2611 Mosam,
666 2559 793 2602 serrum
815 2537 906 2626 ejus:
922 2550 954 2604 et
976 2539 1048 2605 ideo

52 2645 263 2739 luitadtempus
274 2672 283 2714 ε
295 2659 437 2714 aeternat
452 2659 559 2712 autem
575 2647 672 2736 gratio
691 2659 723 2712 et
741 2649 854 2714 veritas
866 2672 923 2738 per
936 2649 1048 2716 lesum

55 2754 213 2824 allbristum
236 2759 315 2825 lacta
334 2768 394 2822 est.
417 2753 551 2821 »Videte
577 2757 671 2822 verba
697 2755 876 2847 Scripturae.
898 2759 946 2825 De
965 2759 1049 2850 Lege

54 2866 172 2954 quidem,
184 2871 256 2936 data
270 2885 328 2944 est,
345 2867 460 2955 inquit,
472 2878 617 2932 tantum:
634 2866 665 2931 V
665 2869 765 2934 aritae
779 2883 898 2946 autem,
915 2893 985 2959 quae
1001 2883 1050 2936 est

56 2979 138 3064 gratia
149 2977 248 3056 Patris,
258 2991 306 3045 est
316 2989 471 3043 aeternum
485 2975 583 3044 Verbi
596 2999 695 3064 opus:
710 2991 742 3043 ct
757 3001 819 3044 nou
836 2979 952 3044 dicitur
967 2979 1049 3054 dari,

54 3081 274 3173 scd'perlasum
289 3087 379 3176 (ieri,
397 3087 469 3152 aine
484 3109 547 3172 quo
560 3087 686 3172 factum
697 3103 742 3152 eat
755 3088 844 3152 nibil
852 3087 875 3152 ⁷.
890 3089 963 3154 Jam
975 3111 1050 3154 vero

54 3191 140 3261 lloses
148 3199 315 3288 prophetice
327 3194 468 3285 perlecto
479 3193 594 3260 redens
604 3193 791 3284 Paedagogo,
804 3191 1049 3285 nempeVerbo‚

53 3313 81 3366 et
92 3327 191 3371 nomen
206 3319 236 3371 et
256 3303 474 3392 Paedagogiam
489 3301 643 3392 preadicit.
660 3313 692 3367 et
707 3301 825 3391 populo
848 3303 1050 3368 commendat

54 3409 243 3504 Pedagogam‚
259 3414 425 3505 praeceptis
440 3413 469 3478 ei
481 3413 668 3478 obedientiae
680 3412 802 3477 traditis
815 3436 824 3477 ε
838 3413 1051 3502 «Prophetam

53 3523 325 3602 atoblsmscitabit,
343 3525 466 3609 inquit,
490 3521 575 3588 Deus
599 3535 749 3612 tanquam
769 3545 820 3586 me
843 3521 881 3587 de
901 3521 1049 3590 fratribus

53 3631 187 3698 armoe·
206 3657 214 3700 ε
230 3663 243 3700 s
257 3657 313 3722 per
326 3632 438 3700 lesum
453 3630 537 3697 Nave
553 3621 669 3706 filiurn,
688 3630 798 3698 Jesum
815 3631 872 3698 Dei
887 3630 986 3700 filium
1008 3634 1052 3698 si-

55 3737 184 3825 gnificans
195 3766 204 3808 ε
217 3767 331 3812 nomeu
342 3743 428 3811 enim
442 3741 533 3818 lesu,
554 3741 640 3829 quod
659 3743 691 3807 in
708 3741 793 3832 Lege
807 3743 1050 3832 praedicebatur,

86 3902 384 3971 “tesana-utam.
395 3907 1055 3978 xxn‚b7.-⁸lsai.r‚16,et17.l'sal.xxx‚abatiae,

57 3983 830 4055 5·-¹trr.1,7,⁵.-⁵1bid.-⁸toao.1,17.-⁷tt›id.3.-⁸
845 3989 1052 4050 Dcut.xvrrr,15.
1129 4053 1135 4066 ι

210 4092 254 4136 111.
837 4095 873 4158 ¹7
