2412 4596
225 235 269 298 80
539 252 713 296 cssussrts
738 253 950 296 unanimus

219 399 283 464 que
304 374 401 447 fidem
424 385 597 442 sectatores
616 371 783 450 Basilidis,
800 375 913 442 animae
930 375 1124 442 assensionem
1160 408 1180 435 ,.

220 508 332 554 eorum
344 536 353 561 ‚
366 507 436 573 quae
453 507 581 551 sensum
596 505 662 550 non
678 496 830 560 movent,
846 497 1014 573 propterea
1024 485 1104 572 quod
1114 509 1162 550 non

221 605 303 660 sunt.
329 593 408 680 Spes
425 603 534 658 autem
549 604 598 656 est
615 593 707 658 honae
723 592 930 682 possessionis
959 594 1131 680 expeeton'o
1148 593 1171 659 l

221 700 284 767 lem
299 713 404 768 autem
433 723 561 766 necans
586 713 635 766 est
656 721 726 766 esse
746 701 1054 789 expectationem...
1109 730 1159 757 ov

219 808 346 878 autem¹
366 819 415 874 ost
437 808 545 897 opinio
563 807 672 874 futuri.
699 809 740 874 Et
765 821 891 875 caeterae
910 807 1040 896 quidem
1063 821 1173 897 exposa

220 943 276 986 nes
295 931 368 984 sunt
387 905 551 1007 opiniones
573 918 613 984 de
636 919 794 985 incertis:
817 918 938 984 fiducia
962 930 1069 986 autem
1090 930 1131 983 ost
1156 950 1174 977 a

221 1028 261 1094 de
274 1025 379 1117 aliquo
395 1027 614 1116 apprehensio.
634 1027 783 1108 Quareei
795 1023 973 1102 credimus,
989 1026 1023 1092 in
1033 1049 1094 1113 quo
1107 1025 1142 1091 fid
1163 1027 1174 1079 ι’

221 1137 396 1212 hahemus,
422 1159 480 1202 nos
494 1133 628 1224 gloriam
650 1135 789 1202 divinam
808 1148 842 1202 st
863 1133 1000 1202 salutem
1023 1158 1145 1201 consor
1166 1178 1175 1187 .‚

211 1229 258 1312 *ln
279 1243 346 1310 solo
361 1256 468 1312 autem
489 1245 559 1310 Deo
576 1243 727 1311 fiduciam
745 1243 925 1321 habemus,
950 1267 1047 1334 quem
1065 1245 1159 1310 scinu

221 1365 490 1442 transgressurum
504 1375 562 1430 ea,
578 1377 649 1442 quae
663 1365 738 1418 sunt
749 1351 883 1442 pulchre
897 1353 990 1418 nohis
1003 1353 1157 1441 promissa,

223 1485 298 1528 cum
313 1461 346 1527 in
361 1461 449 1528 hune
463 1460 563 1526 linem
583 1473 688 1528 creata
702 1461 842 1538 fuerint,
861 1462 903 1528 ab
920 1461 990 1549 ipso
1006 1459 1144 1527 mavolo

223 1571 299 1638 dota
312 1582 395 1636 sunt.
414 1573 470 1636 Est
486 1582 593 1638 autem
611 1569 852 1648 benevolentia,
872 1572 956 1636 bene
975 1567 1057 1636 velle
1076 1567 1150 1636 alteri

223 1678 444 1769 ipsinsgratio3
460 1677 513 1745 ille
528 1679 613 1746 enim
625 1677 741 1745 nullius
752 1677 882 1768 indiget.

275 1800 323 1872 3⁰.
338 1800 523 1872 Charitas:
538 1799 611 1870 haec
626 1802 845 1897 enim„«per
857 1823 937 1870 eam
951 1825 1031 1896 quae
1041 1799 1170 1870 illicun

225 1913 447 1989 »intercedit
466 1921 675 2004 amicitiam,
698 1913 784 1986 facit
801 1913 936 1988 fideles.
956 1914 1059 1988 Fides
1071 1931 1166 1988 auten

226 2031 539 2105 »stabilimentum
562 2032 793 2104 Charitatis²:
809 2063 826 2096 n

269 2163 373 2230 Prima
390 2161 500 2252 (enim)
520 2161 780 2229 adsalutemesse
791 2160 1054 2228 inclinationobis
1071 2161 1160 2228 fidasa
1182 2251 1183 2258 ἵ

225 2283 286 2348 ret,
299 2282 370 2360 post
385 2295 480 2361 quam
496 2271 592 2338 timor
608 2281 640 2335 et
655 2295 725 2360 spes
741 2284 773 2337 et
788 2271 975 2360 peonitentia
986 2322 996 2346 ,
1008 2295 1085 2337 cum
1106 2298 1159 2329 ων
1175 2266 1178 2275 ’

225 2381 268 2448 tia
283 2393 315 2446 et
324 2378 488 2446 tolerantia
504 2378 726 2471 proficientes,
743 2402 800 2445 nos
817 2378 939 2445 ducunt
963 2379 1004 2446 ad
1026 2379 1172 2446 charitatsn

226 2490 268 2555 ad
283 2489 505 2578 cognitionem.
525 2487 637 2554 Merito
651 2512 728 2577 ergo
742 2489 903 2556 Barnabas
919 2486 1108 2576 Apostolus,
1124 2507 1169 2549 «n

227 2619 346 2685 »quam
369 2597 495 2687 accepi,
516 2596 630 2686 inquit,
646 2607 736 2685 parte
750 2596 857 2662 studui
879 2594 1034 2685 paulatim
1054 2596 1093 2661 ad
1110 2617 1151 2660 ros

227 2716 338 2782 atero,
354 2717 390 2770 ut
404 2729 479 2771 cum
496 2705 559 2772 fida
575 2718 677 2772 vestra
693 2705 866 2794 perfectam
881 2703 979 2770 etiam
993 2703 1125 2770 habeatis
1147 2732 1174 2773 ν’.

226 2811 384 2878 ationem.
403 2811 494 2879 Fidei
505 2837 581 2903 ergo
596 2827 712 2880 nostrae
727 2813 930 2901 coadjutores
946 2825 1021 2879 sunt
1036 2813 1153 2878 timeret
1169 2838 1172 2847 ¹

228 2923 371 2987 arantis:
390 2944 460 3011 quae
475 2933 582 2988 autem
601 2923 694 2988 nobis
708 2943 802 3011 opem
818 2921 942 2998 lerunt,
959 2933 1035 2987 sunt
1050 2919 1111 3001 loo,
1136 2917 1153 2975 ι’

230 3042 283 3095 »et
298 3030 504 3096 continentia.
523 3031 579 3096 His
591 3055 684 3120 ergo,
703 3029 817 3118 inquit,
834 3030 867 3096 in
883 3030 941 3106 iis,
955 3054 1025 3118 quae
1039 3029 1078 3095 ad
1100 3025 1160 3085 torf

230 3139 433 3228 »pertinent,
457 3151 543 3205 caste
564 3139 786 3214 manentibus,
810 3162 872 3204 una
895 3140 1033 3204 cumeis
1052 3136 1165 3202 laetante

230 3247 390 3334 spientis,
418 3245 647 3336 intelligentia,
676 3247 829 3323 seientia,
858 3246 1033 3335 cognitio.»
1058 3245 1127 3310 Cum
1152 3270 1157 3283 ·
1182 3303 1183 3310 ,

231 3353 318 3441 prius
341 3354 435 3419 dictae
459 3355 588 3420 virtutes
603 3355 665 3420 sint
681 3352 837 3420 elementa
860 3354 1064 3442 cognitionis,
1081 3347 1172 3420 eaesi.

231 3462 310 3528 fides
333 3463 374 3528 sit
395 3465 495 3552 magis
518 3463 743 3540 elementaris,
766 3488 827 3530 nec
848 3464 953 3532 minus
975 3462 1090 3529 homini
1108 3459 1142 3524 G=
1168 3468 1185 3491 ⁵

231 3573 428 3648 necessaria,
442 3597 538 3662 quam
552 3573 602 3651 ei,
617 3573 670 3664 qui
686 3573 719 3640 in
729 3571 792 3640 hoc
807 3571 930 3639 mundo
942 3573 1035 3648 vivit,
1047 3566 1117 3636 adri

127 3717 134 3730 ·
231 3680 410 3767 respiratio.

272 3785 279 3808 ¹
292 3787 350 3855 Pu·
362 3795 425 3852 444·

269 3877 278 3900 ’
291 3878 351 3944 P2s-
363 3880 422 3940 44⁵·
