2546 4614
20 279 23 324 l
387 315 428 362 nn
452 311 673 360 anrrcanrsro.
981 285 1047 368 415

20 429 33 498 l
48 434 123 502 vites
134 433 207 501 lacti
218 443 293 499 sunt
304 451 414 497 omnes
425 429 479 518 qui
490 428 653 496 habebant
663 446 758 493 mres
769 425 802 490 in
814 425 907 501 mari,
920 422 960 489 de
974 425 1047 514 pin-

20 547 32 612 i
47 545 181 642 guedine
191 545 272 633 ejus.

63 655 161 722 XLll.
176 654 430 740 »Loetaresuper
442 647 674 724 eam,Goelum,
685 657 718 712 et
732 643 845 736 Angeli
860 657 893 711 et
909 645 1050 735 Apostoli

20 795 28 830 s
42 778 78 832 et
89 762 427 854 Prophetae,'quoniam
437 759 681 849 judicavitDous
693 757 848 844 judicium
860 769 999 824 vestrum
1011 758 1051 823 de

21 876 108 944 stlta.
124 878 164 942 Et
180 873 306 940 sustulit
323 895 405 939 unus
424 868 562 960 Angelus
580 869 668 935 sortis
687 864 939 956 lapidemtquasi
954 864 1051 934 mola-

20 997 114 1053 trem
127 1007 292 1074 magnum,
305 993 338 1048 et
348 980 433 1047 misit
448 981 481 1046 in
496 1001 597 1054 mare,
609 978 718 1044 ‹lieens
733 1000 740 1041 ι
755 976 938 1066 Sioimpetu
949 977 1052 1044 mitte-

20 1123 30 1156 s
44 1087 428 1181 turBabylonoivitasilla
438 1112 566 1177 magna,
575 1099 608 1152 et
617 1086 698 1152 ultra
707 1087 772 1175 jam
783 1110 848 1154 non
859 1087 1047 1161 invenietur.

20 1227 33 1268 s
48 1207 91 1272 Et
105 1227 167 1270 vox
178 1200 426 1268 citharaedorum
437 1198 678 1264 etmusioorum
690 1209 723 1262 et
733 1196 809 1261 tibia
821 1196 1003 1263 canentium
1017 1207 1050 1261 et

20 1341 31 1382 r
45 1317 125 1380 tuba
144 1333 209 1377 non
224 1309 369 1376 audietur
385 1308 418 1372 in
433 1319 465 1372 te
480 1305 614 1395 amplius
629 1329 637 1370 ε
655 1317 688 1370 et
702 1304 805 1372 omnis
825 1304 936 1370 artilex
950 1305 1051 1371 omnis

20 1433 33 1494 i
49 1424 125 1490 artis
142 1445 206 1488 nou
221 1420 398 1486 invenietur
413 1418 492 1514 inste
506 1415 642 1505 amplius
657 1437 666 1480 s
683 1428 717 1481 ot
731 1438 791 1480 vox
805 1414 899 1483 molae
913 1439 978 1482 non
993 1437 1052 1480 au-

20 1542 34 1607 ’ρ
48 1534 155 1599 dietur
164 1534 196 1598 in
209 1543 240 1597 te
253 1527 408 1618 amplius:
422 1539 455 1593 et
468 1525 524 1592 lux
534 1525 673 1594 lucernae
684 1549 748 1592 non
761 1524 881 1592 luoebit
892 1526 925 1592 in
939 1537 971 1591 te
983 1549 1053 1591 am-

20 1675 31 1718 p
43 1639 129 1731 plius
142 1663 151 1704 r
166 1663 206 1706 ex
216 1663 277 1707 vox
291 1637 398 1728 sponsi
412 1648 446 1701 et
459 1659 582 1725 sponsae
597 1659 663 1701 non
678 1635 827 1701 audietur
839 1635 947 1701 adhue
960 1636 994 1701 in
1007 1649 1052 1713 te,

20 1783 30 1836 p
46 1752 122 1839 quia
138 1761 330 1814 mercatores
344 1748 392 1811 tui
406 1758 496 1810 orant
512 1747 672 1835 principes
687 1734 797 1819 terite}
808 1746 882 1834 quia
897 1746 930 1818 in
941 1739 1055 1814 veneli-

20 1839 105 1928 loiis
127 1857 190 1921 tuis
210 1867 395 1922 erraverunt
413 1877 523 1920 omnes
543 1867 674 1943 gentes:
692 1868 724 1921 et
739 1855 772 1920 in
787 1877 822 1918 ea
838 1857 963 1944 sanguis
978 1856 1057 1922 Pro

20 1997 30 2031 s
44 1966 221 2056 phetarum
232 1975 265 2029 et
275 1975 459 2031 sanctorum
469 1953 613 2029 inventus
625 1975 685 2040 est,
697 1974 729 2029 et
741 1963 885 2030 omnium
895 1965 951 2053 qui
962 1965 1056 2032 inter

20 2107 27 2143 t
41 2079 121 2146 fecti
136 2086 214 2144 sunt
225 2077 257 2142 in
268 2075 407 2142 terrast»

57 2187 183 2256 XLlll.
202 2187 408 2278 Apertissime
422 2185 456 2251 in
470 2185 519 2251 his
533 2187 721 2253 testimoniis
736 2185 896 2277 sigillatim
911 2189 1055 2258 deolara·
1133 2203 1136 2210 '

20 2315 87 2370 tum
102 2311 155 2367 est
170 2298 211 2364 ‹le
226 2310 460 2364 tormentorum
473 2297 592 2386 judicio
602 2321 672 2386 quae
687 2299 835 2364 extremis
845 2301 1054 2388 temporibus,

20 2435 75 2502 per
88 2413 305 2500 tyrannorum
320 2409 375 2495 qui
396 2419 475 2474 tuno
496 2420 590 2474 erunt
605 2409 753 2495 injuriam
775 2405 875 2482 illam,
897 2410 1056 2476 inoessura

20 2530 92 2587 sunt
104 2543 112 2584 :
124 2539 234 2606 operae
243 2515 382 2605 pretium
391 2537 464 2580 vero
472 2527 532 2591 est,
542 2525 617 2580 utet
627 2527 750 2603 tempus
761 2512 903 2603 diligenti
913 2517 1057 2583 examine

20 2637 232 2716 exponamus,
243 2623 371 2712 quando
386 2621 507 2688 scilieet
518 2623 662 2688 futurum
676 2622 716 2688 sit
731 2633 766 2689 ut
775 2623 845 2690 hac
855 2625 1012 2702 eveniant,
1025 2639 1059 2693 et

20 2759 118 2805 ternu
128 2731 212 2799 illud
223 2753 358 2820 parvum
368 2731 452 2796 inter
461 2755 517 2797 eos
528 2743 678 2822 emergat.
694 2733 814 2824 Nempe
824 2737 952 2824 quando
964 2759 1056 2804 crura

20 2847 116 2914 z'errea
138 2865 213 2931 quae
228 2840 402 2906 etiamnum
419 2864 526 2908 rerum
545 2844 722 2932 potiuntur,
739 2845 779 2911 ad
794 2847 921 2936 vestigia
938 2848 1056 2936 pedum

20 2957 197 3047 ligitosquo
213 2950 384 3024 evaserint,
395 2951 482 3037 juxta
498 2951 659 3020 simulacri
673 2976 729 3019 seu
744 2955 887 3043 imaginis
900 2967 932 3021 et
947 2937 1057 3024 statum

20 3061 324 3136 nanisosutionom.
337 3059 507 3146 bestiaeque
518 3059 725 3128 formidabilis
736 3062 888 3151 speciem,
901 3065 946 3129 uti
962 3065 995 3131 in
1007 3089 1057 3130 su-

20 3175 198 3246 terioribus
214 3169 419 3256 designatum
433 3181 481 3233 est
490 3191 500 3241 ς
517 3169 644 3257 quando
659 3171 803 3237 laturum
816 3184 865 3237 est
884 3185 919 3238 ut
937 3173 1056 3241 ferrum

20 3301 40 3355 tt
49 3297 134 3354 testa
147 3283 183 3349 in
195 3301 304 3346 unum
310 3277 513 3343 misceantur.
526 3277 680 3346 Ostendet
687 3305 761 3348 vero
769 3282 1057 3352 nobisDanielhaeo

20 3413 49 3468 tn
65 3391 250 3488 proposita.
267 3387 323 3456 Ait
337 3388 446 3454 enim:
468 3414 481 3450 r
495 3389 536 3455 Et
551 3388 696 3480 disponet
711 3403 935 3460 testamentum
950 3395 1056 3462 multis

31 3501 249 3578 hebdomada
262 3520 338 3563 une.
353 3499 394 3564 Et
409 3498 481 3573 erit,
492 3499 525 3562 in
537 3499 667 3566 dimidio
677 3500 886 3570 hebdomadas
896 3503 1056 3572 auferetur

31 3616 239 3689 sacrificium
254 3620 413 3679 meumst
425 3605 559 3674 libatio².
575 3639 588 3673 s
604 3610 705 3677 Unam
720 3637 799 3702 ergo
810 3636 966 3682 annorum
981 3617 1056 3683 lael»

20 3731 186 3802 lomaslem
203 3733 386 3790 extremam
402 3718 601 3808 significavit,
616 3745 687 3810 quae
707 3723 738 3789 in
754 3723 819 3790 fine
833 3727 929 3792 totius
944 3728 1056 3795 mundi

20 3849 114 3912 utura
134 3840 177 3908 sit
198 3833 297 3922 (11)3
318 3828 412 3917 cujus
433 3827 642 3898 hebdomadas
659 3832 824 3902 dimidium
845 3849 971 3905 sument
992 3838 1058 3903 duo

39 3973 144 4039 ¹apoc.
158 3984 238 4028 arira,
253 3981 263 4014 ι
278 3971 306 4014 et
316 3974 391 4025 seqq.
405 3985 435 3998 -
446 3957 458 3994 ²
469 3960 579 4023 namu,
591 3978 631 4026 ²7·
