2522 4608
261 263 327 330 sto
376 331 377 334 ,
575 247 748 328 cnuu'snrrs
772 283 984 328 scorsasanti

261 403 436 481 potestate:
452 391 488 456 iis
503 379 652 480 sregravit
664 403 877 480 unguentum,
889 407 923 460 et
934 393 1034 460 suavis
1046 392 1230 486 odorisnptstd

235 571 238 580 ,
262 526 372 570 omnes
384 502 570 592 perveniens
579 505 618 568 ab
630 501 668 568 iis
679 499 876 570 celebratum
888 514 947 568 cst.
961 503 1083 569 Domini
1093 505 1229 595 euinpusio

262 637 319 680 nos
332 612 464 701 quidem
480 613 567 676 bono
581 610 681 676 odore
702 609 848 700 replerit,
863 611 1015 678 Hebraeos
1029 625 1125 678 nutem
1135 629 1227 702 pon-stt.

261 725 330 792 Hoc
352 721 547 813 apertissime
561 720 701 787 ostendit
715 717 899 811 Apostolus,
915 722 1026 788 dicens
1040 745 1048 788 :
1064 749 1077 782 ι
1092 723 1150 788 Deo
1160 725 1228 812 gnis,

261 833 344 922 »qui
360 854 418 898 nos
440 853 566 919 sempor
584 828 660 897 lucit
682 830 879 920 triumphare
900 830 1085 916 inChristo,
1104 843 1132 898 rt
1147 833 1230 900 moran

260 965 352 1010 »sue
364 940 554 1031 cognitionis
568 963 626 1032 per
640 964 698 1006 nos
709 940 889 1008 manifestat
905 941 939 1006 in
949 942 1037 1008 omni
1047 929 1229 1030 locchnor'na

260 1053 415 1120 »Domini
436 1053 542 1118 bonus
555 1051 635 1117 odor
651 1073 760 1117 sumus
783 1050 852 1117 Deo
874 1050 908 1116 in
930 1052 968 1116 iis
982 1052 1036 1140 qni
1059 1051 1124 1118 solri
1137 1050 1229 1127 fiuntd

260 1165 319 1228 »in
339 1161 375 1228 iis
394 1161 448 1250 qui
464 1174 600 1250 percunt
614 1184 622 1226 :
636 1161 685 1226 his
698 1161 827 1250 quidem
838 1161 918 1226 odor
931 1185 972 1228 ex
983 1175 1082 1228 morte
1092 1163 1119 1228 in
1131 1171 1227 1233 merten

260 1270 347 1341 uillis
369 1295 445 1337 vero
465 1271 546 1336 odor
567 1293 608 1337 ex
631 1271 693 1336 vita
714 1272 747 1337 in
769 1270 899 1337 vitam¹.
919 1271 1047 1337 »Porro
1072 1283 1160 1344 sutem
1177 1291 1227 1360 rega

260 1383 445 1450 Judaeorum
463 1405 502 1447 ex
523 1405 603 1448 auro
618 1393 651 1447 et
673 1382 806 1472 gemmis
825 1381 1001 1470 composita
1017 1405 1054 1448 uc
1068 1381 1139 1447 veris
1155 1401 1226 1446 coron

259 1505 398 1570 utentes,
414 1502 510 1580 atquo
525 1491 621 1556 ctiam
642 1491 743 1585 uncti,
761 1491 924 1558 Christum
945 1492 979 1559 in
1000 1493 1098 1582 cupite
1111 1487 1226 1578 symtotte

259 1613 436 1693 gestantes,
458 1600 678 1688 imprudentes
700 1601 803 1691 capite
823 1600 952 1667 Domini
973 1603 1159 1667 ornabantur.
1173 1596 1225 1686 lap't

260 1711 389 1800 quidem
400 1723 486 1776 certo
497 1710 653 1800 pretiosus
664 1708 715 1776 vel
725 1711 906 1801 margarita,
920 1709 970 1776 vel
982 1709 1226 1800 smaragdns‚ipsm

259 1823 368 1912 Logon
387 1821 552 1910 significat.
579 1820 703 1888 Aurum
721 1833 828 1888 autem
848 1845 958 1888 rursus
979 1829 1026 1888 e'st
1044 1823 1105 1912 ipse
1121 1816 1224 1908 Lapsd

179 1963 182 1968 ¹
259 1933 388 2024 intcritp
400 1929 534 2006 alicnus,
549 1932 604 2019 qui
620 1932 832 2021 corruptionis
848 1932 933 1997 virus
948 1932 1078 1998 minime
1091 1925 1223 2020 recipitlt·

257 2066 320 2131 que
343 2041 402 2132 ipsi
424 2043 555 2132 quidem
577 2053 652 2108 neto
673 2065 787 2110 eurum
811 2040 997 2108 obtulerunt
1017 2041 1107 2131 Magi,
1125 2038 1225 2128 quodet

257 2154 346 2242 regni
362 2150 564 2240 symbolum:
580 2165 688 2218 manet
702 2165 810 2219 eutem
826 2151 897 2219 haec
915 2174 1034 2220 corone
1049 2144 1223 2246 immersisti

257 2261 427 2354 imaginem
445 2263 574 2331 Domini
593 2287 602 2329 ε
620 2262 800 2340 nonenim,
819 2261 914 2330 veluti
933 2263 1006 2340 llos,
1025 2259 1171 2330 flaccescit
1184 2255 1223 2323 lm

256 2396 331 2440 vero
351 2397 425 2441 novt
415 2371 496 2440 illu
520 2373 664 2462 Cyrenaei
684 2372 845 2464 Aristippi.
871 2372 957 2440 Molli
980 2397 1019 2440 ec
1033 2364 1224 2440 luxuriosam

254 2496 323 2550 erat
336 2484 460 2550 dcdrtus
469 2481 688 2572 Aristippus
679 2505 705 2548 rs
713 2481 869 2572 ejusmodi
877 2481 1078 2572 sophisticam
1089 2475 1237 2572 proponffl¹

236 2593 452 2684 orationem:
467 2594 604 2680 «Equus
615 2593 670 2681 qui
689 2605 850 2682 unguento
869 2593 1012 2682 ungitur,
1030 2593 1063 2658 in
1080 2613 1143 2677 cqur
1134 2585 1237 2706 'sintii

158 2689 161 2696 ’
253 2727 345 2770 »non
357 2701 494 2780 laeditur
505 2726 567 2770 nec
578 2715 694 2772 unctus
705 2728 792 2772 canis
804 2704 960 2772 tnrrrtute
972 2726 1067 2769 canis
1079 2689 1237 2786 »sujunxit

255 2838 273 2880 ,ι
285 2835 362 2900 crgo
373 2834 435 2879 ncc
444 2812 559 2878 homo:
570 2839 583 2874 a
593 2824 625 2877 ot
635 2812 678 2878 its
692 2809 848 2880 conclusit
858 2809 1085 2901 syllogismum.
1097 2804 1237 2898 Atquin-p

175 2931 180 2946 '
253 2901 1237 3012 quidemetceninullaestadunguentumcognosccndumnfill

152 3059 155 3064 ·
252 3037 368 3125 quibus
377 3047 484 3102 autem
496 3059 606 3103 sensus
615 3048 663 3102 est
672 3037 793 3102 ratione
802 3035 901 3124 magis
912 3033 1075 3123 praeditus,
1087 3015 1237 3115 inungunt·

251 3169 327 3226 usus
350 3157 398 3212 cst
418 3145 518 3236 magis
538 3145 778 3233 vituperandus,
795 3167 869 3212 cum
888 3140 1045 3233 puellares
1060 3141 1156 3208 odores
1170 3128 1237 3220 adli-5

250 3257 338 3322 bont.
353 3257 475 3324 Horum
488 3265 594 3320 autem
607 3267 842 3343 unguentorum
853 3264 927 3318 suut
938 3252 1069 3319 infinita
1081 3241 1237 3316 utensis·
1217 3269 1237 3320 n

171 3411 174 3418 -
249 3365 452 3442 Brenthium‚
464 3362 651 3440 Metellium‚
668 3376 701 3430 et
716 3364 863 3454 Regium,
880 3361 1096 3451 Plangouium,
1106 3345 1237 3446 etPsnglil

181 3479 184 3488 “
250 3473 416 3566 AEgyptiae.
436 3475 615 3542 Simonides
631 3485 738 3541 eutem
754 3476 786 3540 in
802 3472 920 3540 lembis
935 3495 1000 3538 non
1015 3480 1128 3538 veretur
1140 3453 1237 3530 dicent}

1235 3555 1237 3656 l

361 3625 505 3704 Ungcbar
516 3627 642 3704 unguine
654 3639 682 3684 et
695 3625 780 3683 bonis
792 3621 947 3694 odoribus,

367 3720 404 3781 Et
417 3717 532 3776 baccani
534 3759 593 3778 ......

247 3857 321 3901 num
334 3836 463 3926 quidum
482 3851 641 3906 mercator
656 3837 776 3905 'oderat
796 3836 894 3903 Porro
910 3849 1017 3903 autom
1033 3821 1224 3906 utunturetistt

280 3976 289 4010 ¹
306 3995 317 4024 2
332 3976 393 4028 Cor.
406 3995 433 4038 rr,
447 3979 484 4040 td,
498 3981 586 4040 15,16.
