2478 4594
14 257 19 302 ¹
366 300 557 348 srueusruu
578 301 639 347 nra.
666 301 694 344 v.
986 281 1048 361 aaa

14 403 107 512 'pheta
129 434 238 511 aperte
259 422 398 490 ostendit
416 422 521 490 Deum
541 423 724 489 dicentem:
744 424 971 492 «Sacrificium
986 447 1053 492 non

14 521 27 593 ΙῚι
35 529 190 619 accipiam
204 553 245 597 ex
258 531 406 598 manibus
418 531 547 608 vestris,
560 530 709 619 quoniam
721 533 762 597 ab
774 544 848 597 ortu
863 531 937 598 solis
951 557 1054 622 usque

14 637 75 705 iad
88 661 242 707 occasum
267 663 385 707 nomen
407 663 516 707 meum
538 638 750 729 glorificatum
767 652 815 705 est
830 641 863 706 in
879 643 1053 730 gentibus,

18 758 65 812 set
87 747 120 812 in
143 749 232 814 omni
253 746 325 815 loco
350 746 430 816 mihi
452 747 584 814 offertur
607 747 809 815 sacrificium.
826 777 838 810 u
855 749 895 813 Et
918 772 1055 815 ¹rursust

14 881 32 916 a
44 855 208 936 Quoniam
230 857 297 923 Rex
318 879 452 945 magnus
475 879 534 946 ego
551 879 644 933 sum,
670 857 713 922 ait
734 855 890 922 Dominus
912 857 1055 947 omnipo-

14 975 121 1039 stem,
141 975 173 1027 et
189 985 305 1029 nomen
323 986 433 1030 meum
450 963 572 1031 clarum
587 976 635 1028 cst
652 964 685 1030 in
704 965 851 1054 gentibus
868 963 920 1030 ⁵.»
941 964 1055 1054 Cujus·

14 1071 96 1137 modi
112 1072 259 1138 nomen?
273 1073 311 1138 ln
326 1073 362 1138 iis
378 1073 508 1160 quidem
524 1073 578 1162 qui
595 1071 819 1150 crediderunt,
835 1071 918 1138 lilius
929 1086 1055 1163 patrem
1165 1103 1169 1115 ·

14 1179 194 1269 significans
208 1204 216 1245 :
230 1180 263 1248 in
282 1181 400 1248 Graccis
424 1192 550 1257 autem,
569 1181 656 1246 Deus
674 1193 808 1248 creator.
833 1181 985 1248 Liberum
1001 1206 1056 1248 au-

14 1299 75 1356 tem
87 1288 257 1356 arbitrium
272 1285 361 1357 Plato
375 1288 424 1354 his
438 1288 577 1354 ostendit
592 1312 600 1354 :
613 1287 746 1356 «Virtus
763 1301 870 1356 autem
885 1313 949 1356 non
964 1303 1056 1379 paret

14 1395 165 1464 »alterius
180 1397 338 1474 dominio,
355 1422 452 1488 quam
462 1411 558 1487 prout
574 1398 793 1488 unusquisque
809 1397 856 1464 rel
875 1398 1055 1466 honorare·

14 1505 77 1570 »rit
102 1504 155 1572 vel
170 1504 358 1596 neglexerit,
378 1506 421 1573 ita
444 1505 514 1596 plus
534 1516 588 1572 aut
609 1507 715 1574 minus
733 1531 773 1573 ex
796 1531 832 1572 ea
855 1507 1051 1595 possidebit:

14 1611 179 1702 aeligentis
199 1614 292 1704 culpa
313 1625 361 1680 est
388 1616 510 1694 omnis,
534 1615 620 1682 Deus
640 1629 747 1683 autem
766 1627 855 1682 extra
874 1615 1046 1706 culpam·

14 1719 94 1787 Deus
110 1723 199 1789 enim
215 1746 379 1812 nunquam
399 1735 447 1789 cst
468 1747 561 1790 causa
582 1722 749 1790 malorum.
775 1724 828 1789 «0
844 1724 973 1815 Trojani
989 1723 1055 1791 bel-

14 1827 147 1907 ·lieosi,
164 1831 261 1919 inquit
275 1831 430 1922 Lyricus,
445 1831 572 1920 Jupiter
587 1843 735 1921 regnator
751 1854 901 1920 superum
918 1831 973 1918 qui
989 1855 1056 1898 om-

14 1938 81 2006 ›nia
98 1940 232 2029 aspicit,
245 1953 372 2008 nonest
387 1938 577 2006 mortalibus
590 1962 683 2006 causa
694 1930 854 2005 malorum
865 1988 874 2014 ‚
886 1939 943 2004 sed
955 1940 1056 2008 omni·

14 2047 91 2113 *bus
111 2047 294 2114 hominibus
312 2048 346 2115 in
356 2046 463 2113 medio
475 2058 522 2112 est
533 2047 753 2136 propositum,
770 2059 805 2112 ut
817 2047 1056 2136 apprehendant

20 2155 189 2242 justitiam
200 2168 321 2222 castam
333 2167 366 2220 et
377 2166 520 2221 sanctam
536 2155 701 2220 Eunomiae
713 2155 863 2221 comitem
874 2168 907 2224 et
917 2157 1055 2245 pruden-

19 2263 65 2329 tis
88 2262 267 2330 Themidis.
294 2263 467 2328 Beatorum
483 2286 503 2328 o
522 2263 632 2352 pueril
654 2263 709 2351 qui
724 2285 811 2329 nunc
827 2263 987 2331 invenistis
1005 2290 1054 2332 so

18 2370 120 2438 ciam
144 2393 208 2436 una
228 2369 466 2438 habitantem·
486 2370 642 2437 Pindarus
669 2382 775 2459 autem
799 2385 906 2461 aperte
931 2373 1055 2440 inducit

14 2501 129 2545 ovem
145 2477 347 2546 Servatorem
358 2502 420 2546 una
433 2476 631 2546 habitantem
648 2502 723 2545 cum
737 2478 905 2556 Themide,
920 2477 1052 2569 Regem,

14 2593 235 2665 erratorem,
251 2588 394 2676 justum,
410 2587 473 2654 hoo
488 2587 607 2653 modo:
624 2587 793 2654 «Primum
805 2589 933 2676 quidem
944 2638 954 2665 ,
967 2591 1054 2655 bono

15 2691 168 2762 consilio
183 2695 349 2783 praeditam
366 2694 502 2762 Themin
513 2693 696 2772 coelestem,
711 2697 813 2762 aureis
824 2697 934 2786 equis,
959 2720 1054 2787 prop·

16 2815 79 2868 ter
103 2801 223 2870 Oceani
242 2827 379 2893 rupem,
403 2804 509 2870 Parcae
532 2802 574 2870 ad
593 2803 785 2870 venerabiles
803 2802 932 2894 Olympi
953 2804 1053 2873 scalas

14 2911 56 2977 in
76 2911 165 2976 viam
177 2910 295 2977 duxere
307 2910 522 3001 splendidam,
535 2925 570 2978 ut
584 2924 667 2978 esset
678 2923 767 2979 vetus
779 2913 867 2980 Jovis
877 2915 1053 2980 Servatoris

14 3020 162 3109 conjux.
178 3021 224 3087 Ea
235 3043 328 3097 vero,
349 3044 428 3089 auro
440 3034 585 3100 ornatas,
597 3033 629 3088 et
646 3021 835 3110 praeclarum
852 3022 992 3089 fructum
1009 3023 1053 3089 le-

14 3140 159 3204 rentes‚
176 3129 297 3217 peperit
315 3130 413 3195 bonas
429 3130 540 3196 Horas.
557 3159 569 3191 s
587 3130 650 3210 Qui
673 3153 748 3219 ergo
772 3154 836 3196 non
852 3130 955 3196 credit
968 3130 1053 3196 veri-

14 3238 82 3312 ati,
99 3236 242 3303 humana
260 3249 367 3304 autem
385 3249 433 3302 est
448 3238 592 3305 doctrina
610 3237 754 3316 inflatus,
770 3239 931 3326 miserque
950 3251 997 3304 est
1019 3252 1052 3305 et

14 3346 118 3414 sselix
128 3396 138 3423 ,
149 3361 182 3412 et
194 3348 267 3436 qui,
280 3360 316 3413 ut
328 3349 371 3414 ait
381 3349 564 3438 Euripides,
586 3377 599 3410 a
611 3349 681 3416 haec
692 3350 818 3426 videns,
828 3350 932 3416 Deum
943 3363 1051 3416 mente

14 3479 95 3524 non
121 3455 261 3545 cogitat,
289 3457 328 3522 de
354 3456 541 3524 sublimibus
573 3470 680 3524 autem
705 3459 802 3523 rebus
830 3458 1049 3546 disputationis

14 3562 145 3656 procul
170 3575 326 3631 tortuosas
355 3566 430 3654 jacit
451 3563 614 3644 fallacias,
643 3589 721 3653 quas
749 3565 904 3634 indomita
929 3579 1048 3637 temere

14 3671 191 3762 jaculatur
211 3671 317 3762 lingua
337 3672 523 3763 dolisque
546 3697 610 3741 non
626 3674 792 3750 videntur,
818 3673 934 3741 nullius
962 3689 1048 3744 certe

14 3781 190 3874 particeps
219 3783 423 3851 sententiam
459 3783 626 3850 decedens
652 3782 748 3870 igitur
786 3784 826 3851 ad
859 3807 965 3852 veram
994 3787 1048 3875 qui

32 3929 44 3956 ¹
67 3919 407 3994 naneh.1‚1o‚11,i4.·
