2532 4608
400 327 590 374 sreousruu
613 327 674 370 mr.
701 287 755 369 vri.
1026 305 1091 392 579

29 465 146 544 paret
167 452 330 529 Domino,
350 462 383 518 et
404 473 461 541 per
480 471 555 518 eum
577 447 684 516 datam
703 445 847 535 sequitur
867 442 1090 536 Prophetiam,

32 559 196 648 perfecte
207 556 345 623 efficitur
356 555 396 622 ad
407 552 547 644 magistri
562 553 732 642 imaginem
740 575 750 626 a
769 552 855 618 Deus
870 550 903 617 in
918 573 1013 617 came
1027 573 1093 619 ver-

32 679 152 734 eatur.
166 667 258 732 Hanc
271 689 345 754 ergo
358 663 556 731 altitudinem
570 663 700 729 minime
715 671 947 748 assequuntur,
960 659 1091 750 quinon

33 786 230 864 sequuntur
241 776 344 841 Deum
356 796 411 840 eos
424 773 595 839 ducentem
610 793 618 836 τ
632 769 721 836 ducit
732 779 838 835 autem
845 791 902 857 per
910 767 1091 857 Scripturas

33 883 202 950 divinitus
225 884 401 972 inspiratas.
426 883 465 947 Et
486 902 561 947 oum
582 878 645 945 sint
665 873 908 944 innumerabilia
924 897 995 963 quae
1009 874 1092 942 fiunt

33 993 85 1058 ab
104 991 310 1067 bominibus,
330 1003 403 1056 sunt
418 989 527 1077 utique
543 988 609 1054 duo
623 985 762 1076 cujusvis
780 984 902 1074 peceati
917 983 1090 1074 principia,

33 1101 207 1190 ignoratio
229 1112 263 1165 et
283 1096 482 1166 imbecillitas
504 1120 512 1164 r
534 1107 582 1162 est
607 1107 714 1163 autem
737 1105 908 1181 utrumque
929 1091 964 1158 in
984 1104 1092 1160 nostra

35 1219 228 1298 potestate,
244 1229 321 1273 cum
335 1229 398 1272 nee
412 1204 543 1272 velimus
559 1204 700 1280 discere,
712 1225 775 1270 nec
790 1200 997 1290 cupiditatem
1011 1223 1092 1268 con-

35 1317 163 1383 tinere.
182 1317 230 1381 En
246 1314 296 1382 bis
313 1327 439 1392 autem,
455 1337 556 1381 unum
578 1312 675 1380 efficit
688 1325 724 1378 ut
738 1335 804 1378 nou
819 1321 908 1376 recte
923 1309 1090 1398 judicent,
1137 1377 1141 1384 ,

37 1422 186 1490 alterum
204 1446 299 1501 vero,
317 1435 352 1489 ut
367 1445 431 1490 uon
450 1421 570 1512 possint
584 1421 697 1509 exequi
715 1443 787 1508 qum
800 1429 890 1485 recte
912 1430 987 1484 suut
1007 1418 1090 1508 judi·

1 1584 2 1588 ,
40 1543 132 1598 cata.
151 1533 260 1621 Neque
271 1533 357 1598 euim
371 1532 397 1598 si
409 1533 479 1620 quis
490 1530 585 1596 suerit
601 1529 752 1619 deceptus
767 1529 800 1595 in
813 1527 987 1604 sententia,
1001 1539 1089 1596 recte

1 1633 2 1638 ¹
36 1661 139 1729 agere
157 1641 293 1730 poterit,
315 1641 438 1708 etiamsi
457 1639 497 1706 sit
512 1641 586 1705 satis
604 1651 718 1728 potens
734 1649 770 1702 ut
789 1647 860 1726 agat
881 1659 918 1702 ea
933 1658 1004 1723 quac
1023 1636 1089 1702 lue-

1 1739 6 1757 *
36 1747 109 1814 rint
130 1750 260 1838 cognita
282 1773 290 1815 ε
310 1771 415 1836 neque
434 1747 489 1835 qui
511 1758 617 1836 potest
633 1747 667 1810 id
681 1743 769 1833 quod
783 1753 909 1832 oportet
923 1741 1087 1832 judicare,

38 1878 77 1920 ee
91 1855 133 1920 ab
151 1856 238 1920 omni
254 1854 500 1944 reprehensione
516 1853 654 1920 alienum
669 1851 843 1940 prebebit,
866 1848 892 1915 si
908 1850 949 1917 ad
971 1873 1022 1916 res
1037 1873 1089 1940 go-

40 1963 167 2030 rendas
178 1964 217 2028 sit
229 1964 397 2052 impotens.
414 1963 652 2052 Consequeuter
662 1983 740 2052 ergo
752 1962 822 2028 duae
834 1981 962 2049 quoquc
973 1983 1087 2048 genere

40 2069 221 2161 discipline
241 2071 410 2137 traduntur
430 2072 556 2160 utrique
571 2081 703 2160 peccato
721 2068 812 2136 utiles
832 2092 841 2134 a
862 2066 907 2135 illi
928 2066 1086 2155 quidem,

38 2181 199 2271 cognitio,
213 2191 245 2246 et
258 2203 298 2246 ex
309 2163 546 2269 Scripturarum
559 2179 740 2246 testimonio
751 2178 879 2246 evidens
890 2177 1087 2246 demonstra·

38 2289 89 2355 tio
103 2311 112 2354 ε
126 2287 205 2355 huic
219 2311 316 2365 vero,
333 2311 403 2376 quae
418 2299 467 2355 est
482 2289 658 2354 secundum
669 2288 779 2376 Logou
794 2286 997 2362 exercitatio,
1014 2310 1084 2375 quae
1120 2271 1130 2294 ⁶

1 2429 3 2462 ι
39 2419 101 2487 per
118 2396 215 2464 iidem
231 2409 263 2463 ct
278 2398 429 2463 timorem
445 2397 630 2461 instituitur.
649 2395 804 2462 Crescunt
821 2405 927 2460 autem
940 2395 1034 2460 ambo
1046 2396 1085 2462 si·

38 2504 112 2573 mul
138 2506 171 2572 in
192 2506 368 2596 perfectam
388 2505 586 2572 charitatem.
607 2503 749 2572 Gnostici
764 2503 850 2568 enim
871 2514 920 2568 est
940 2501 995 2569 hic
1010 2504 1083 2591 qui-

39 2612 138 2690 dem,
157 2626 193 2679 ut
203 2614 358 2691 arbitror,
378 2613 496 2702 duplex
511 2613 583 2680 finis
596 2636 605 2678 r
620 2613 652 2678 in
668 2611 823 2700 aliquibus
838 2611 988 2700 quidem,
1001 2635 1083 2679 con-

40 2715 206 2809 templatio
218 2742 258 2784 ex
269 2719 400 2785 scientia
414 2742 423 2784 a
436 2719 470 2785 in
492 2716 559 2784 aliis
575 2739 666 2794 vero,
683 2717 776 2784 actio.
799 2716 846 2783 Ac
862 2715 931 2783 lieri
950 2717 1081 2806 quidem

39 2825 199 2914 potuerit,
216 2839 252 2892 ut
262 2826 295 2892 bi
309 2825 471 2903 baeretici,
486 2826 512 2893 si
530 2847 601 2914 quaa
621 2825 654 2892 in
669 2823 718 2892 his
734 2824 903 2891 traduntur
919 2849 1082 2892 commen-

41 2931 130 2999 tariis
149 2933 342 3012 didicerint,
368 2935 591 3024 corrigantur,
618 2945 651 3002 et
670 2945 895 3001 convertantur
917 2935 958 3001 ad
975 2935 1080 3000 Deum

39 3040 293 3129 omnipotentem
310 3065 319 3107 r
341 3042 389 3108 sin
405 3054 512 3108 autem
523 3054 674 3131 tanquam
690 3041 778 3108 surdi
793 3051 954 3130 serpentes
971 3040 1080 3129 (quod

1 3201 2 3230 ,
39 3173 124 3218 nove
140 3149 269 3239 quidem
285 3149 420 3226 dicitur,
434 3159 481 3218 est
496 3163 602 3217 autem
617 3151 890 3239 antiquissimum)
905 3150 970 3216 non
981 3173 1079 3216 exau-

41 3257 131 3326 diant
144 3259 324 3336 canticum,
342 3258 443 3325 aDeo
462 3269 549 3324 carte
570 3259 782 3348 castigentur,
803 3270 949 3348 paternas
965 3256 1079 3326 admo-

41 3349 177 3436 nitiones
189 3391 260 3456 quae
271 3377 345 3434 unte
360 3366 517 3456 judicium
531 3364 613 3433 liunt
627 3367 784 3457 patienter
795 3367 1006 3442 sustinentes,
1022 3367 1077 3434 do-

41 3497 103 3544 nea
113 3476 233 3565 pudore
245 3475 350 3544 all'eeti
363 3475 522 3542 ducantur
532 3475 716 3564 poenitentia
731 3499 739 3542 z
754 3497 818 3541 non
830 3486 937 3541 autom
949 3497 1007 3563 par
1017 3476 1075 3543 im-

40 3607 165 3652 manem
180 3584 427 3652 inobedientiam
444 3584 562 3673 seipsos
583 3583 727 3672 injiciant
745 3584 778 3650 in
796 3583 972 3673 perlectum
987 3584 1074 3673 judi-

42 3691 135 3762 cium.
149 3695 231 3761 Sunt
242 3694 327 3762 enim
339 3693 484 3783 quadam
500 3691 646 3782 partiales
663 3691 835 3782 disciplina
847 3727 858 3772 ,·
868 3716 946 3782 quas
957 3707 1073 3762 vocant

43 3803 276 3894 castigationes,
294 3805 327 3871 in
348 3827 428 3893 quas
447 3799 540 3869 multi
559 3825 599 3870 ex
620 3803 737 3869 uostris
752 3802 806 3891 qui
821 3803 854 3868 iu
870 3801 985 3872 delicto
1001 3806 1075 3871 lues

42 3924 131 3988 runt,
156 3935 194 3980 ex
219 3911 338 4004 populo
364 3912 533 3984 Domiuieo
563 3909 738 3982 dilabentes
767 3911 924 3983 incidunt.
950 3913 1076 3986 verum
