2738 4628
103 311 898 348 mmmmmmffl
902 326 1144 354 mfflmm

329 545 904 735 rusucurium.

189 1075 492 1152 FRAGMENTUM
505 1081 720 1158 EPISTOLAE
733 1083 790 1154 Ao
804 1080 1019 1154 FLORlNUll
1028 1080 1050 1148 ¹.

145 1305 219 1373 llaec
229 1307 401 1399 dogmata,
413 1311 557 1391 Floriuo,
571 1327 605 1381 ut
615 1315 797 1405 parcissime
807 1336 846 1382 sc
856 1311 1011 1381 levissime
1021 1312 1140 1390 dicum,

101 1435 165 1482 nou
179 1430 256 1483 sunt
271 1443 363 1486 sunae
378 1421 535 1490 doctrinoe
552 1425 643 1492 :huc
657 1425 803 1516 dogmate
818 1422 969 1492 Ecclesia
987 1445 1052 1490 uon
1067 1431 1142 1492 suut

100 1544 255 1604 consono,
271 1540 306 1595 ct
320 1529 357 1596 in
370 1531 543 1599 maximum
559 1523 752 1624 impietutem
762 1555 817 1600 eos
828 1533 1005 1623 conjiciunt
1014 1523 1069 1622 qui
1080 1529 1141 1598 illis

102 1634 347 1701 assentiuntur:
366 1637 440 1704 haeo
455 1639 602 1729 dogmate
616 1641 801 1730 nequidem
816 1639 958 1707 haeretici
972 1650 1060 1717 extro
1077 1637 1142 1704 Ec-

103 1739 234 1812 clesiam
250 1747 347 1836 positi
362 1747 508 1837 prolerre
520 1773 659 1839 uuquam
669 1751 738 1817 susi
752 1761 827 1817 sunt
840 1773 848 1816 ε
862 1749 933 1816 hmo
949 1749 1097 1838 dogmata
1107 1745 1142 1812 hi

107 1851 163 1938 qui
183 1866 259 1920 unte
281 1879 341 1922 nos
360 1857 494 1924 extitero
509 1862 700 1950 presbyteri,
717 1861 835 1949 quique
849 1857 1076 1950 Apostolorum
1092 1854 1142 1921 ‹li-

113 1961 229 2049 scipuli
246 1963 346 2042 luere,
363 1967 499 2033 minime
517 1969 574 2035 tihi
589 1969 797 2036 tradiderunt.
816 1967 890 2036 Vidi
904 1967 990 2034 enim
1005 1977 1050 2043 tc,
1066 1987 1143 2033 cum

123 2069 230 2138 adhuc
237 2095 314 2162 puer
323 2099 434 2153 essem,
447 2077 481 2143 in
492 2078 639 2145 inferiore
650 2079 722 2148 Asis
734 2081 820 2171 apud
830 2078 1054 2168 Polycarpum,
1066 2097 1142 2143 cum

123 2178 377 2272 iulmperatoris
398 2183 472 2278 aula
498 2185 664 2276 splendido
687 2211 808 2278 egeres,
832 2199 866 2254 et
887 2186 930 2253 illi
951 2198 983 2253 to
1007 2188 1143 2275 probaro

118 2293 288 2360 conareris.
312 2294 390 2362 llum
413 2319 450 2362 eu
470 2318 542 2383 quae
560 2305 639 2363 tunc
655 2307 741 2386 gesto
763 2309 837 2363 suut
854 2294 966 2363 melius
990 2293 1143 2363 memoris

120 2412 228 2480 teneo,
253 2429 350 2494 quam
371 2429 445 2496 quae
470 2429 574 2497 nuper
598 2405 785 2472 acciderunt
809 2404 945 2497 (quippe
965 2426 1036 2491 quae
1056 2403 1146 2492 pueri

111 2511 264 2581 discimus
285 2515 380 2583 simul
396 2539 472 2584 cum
488 2517 595 2584 animo
616 2518 684 2608 ipso
701 2515 896 2593 coalescunt,
912 2516 1005 2605 eiquo
1019 2514 1146 2606 penitus

109 2623 284 2716 iulraercnt)
300 2649 308 2690 :
325 2626 407 2694 udeo
423 2638 504 2695 utet
522 2627 630 2695 locum
643 2628 748 2695 dicere
764 2627 882 2718 possim
900 2626 934 2692 in
950 2648 1013 2715 quo
1031 2625 1144 2692 sedens

107 2735 220 2801 beatus
231 2735 429 2827 Polycarpus
440 2739 626 2815 disserebat,
641 2761 808 2828 processus
820 2759 947 2826 quoque
958 2737 1027 2825 ejus
1043 2748 1077 2802 et
1092 2735 1144 2801 in-

107 2867 247 2933 gressus,
263 2848 402 2936 ritaequc
413 2847 546 2914 modum
556 2859 588 2913 ut
603 2849 743 2938 corporis
755 2849 906 2938 speciem,
918 2868 1079 2914 sermones
1091 2845 1144 2912 de-

109 2955 206 3044 nique
224 2978 306 3044 quos
324 2955 365 3021 sd
389 2955 625 3023 multitudinem
639 2955 795 3031 habehut;
816 2969 849 3022 et
867 2953 1053 3021 hmiliurem
1071 2975 1146 3021 oon·

109 3065 315 3131 suetudinem
331 3087 402 3152 quae
416 3063 460 3132 illi
478 3087 552 3132 cum
563 3063 700 3142 «Ioanne,
713 3088 751 3132 ac
761 3061 889 3152 reliquis
901 3064 955 3154 qui
971 3063 1145 3131 Dominum
1232 3041 1245 3061 ’

109 3173 271 3250 viderunt,
287 3171 480 3248 intercessit,
497 3182 532 3236 ut
549 3171 711 3248 narrabat,
731 3183 764 3237 et
779 3169 913 3260 qualiter
930 3169 1013 3237 (lictu
1033 3192 1144 3239 eorum

110 3283 410 3350 commemorabat:
425 3303 558 3370 qumque
569 3279 609 3346 (le
624 3279 762 3348 Domino
774 3303 813 3346 ex
823 3278 898 3368 ipsis
916 3277 1090 3354 audiverat,
1103 3279 1143 3345 dc

108 3391 274 3461 miraculis
293 3389 377 3457 illius
395 3392 505 3466 etism,
522 3413 561 3457 ao
576 3390 616 3456 de
633 3390 789 3466 doctrino,
804 3411 874 3477 quae
888 3389 929 3454 sb
944 3389 981 3454 iis
993 3387 1045 3476 qui
1062 3385 1145 3455 Ver-

107 3505 188 3570 hum
210 3504 283 3569 vitae
302 3503 362 3591 ipsi
382 3504 611 3590 conspexerarit
625 3512 792 3590 acceperut
815 3498 1019 3589 Polycarpus,
1041 3497 1143 3586 quuli-

109 3625 160 3679 scr
181 3612 353 3690 rescrebat,
376 3624 493 3680 cuncte
516 3610 687 3701 Scripturis
711 3631 859 3678 consona.
881 3609 957 3676 llaeo
980 3610 1046 3697 jum
1064 3620 1143 3674 tunc

8 3715 9 3726 ¹
115 3723 260 3813 temporis
277 3747 337 3814 per
355 3721 415 3789 Dei
433 3722 650 3798 clementiam,
670 3744 741 3809 quae
763 3719 841 3787 mihi
860 3719 984 3810 obtigit,
1002 3717 1142 3784 studiose

119 3835 288 3914 rulkhum,
311 3857 379 3905 uon
407 3833 442 3902 iu
465 3832 588 3910 charta,
610 3831 666 3900 sod
694 3831 727 3901 iu
749 3829 845 3900 corde
865 3853 938 3902 meo
960 3831 997 3899 eu
1020 3829 1142 3928 oonsig·
1195 3867 1197 3872 ·

115 3963 254 4032 strue
392 4011 403 4020 ,

373 4059 392 4088 ἱ
