2532 4608
164 271 227 358 ⁵7¹
480 293 653 338 cunsnnrrs
678 294 890 340 tcsxasonnu

160 413 241 480 lunt.
264 413 298 481 si
309 414 349 479 sit
360 423 467 480 autom
479 414 729 490 demonstratio,
748 437 882 482 neccsse
892 427 942 480 est
955 413 1151 482 descendere
1166 417 1200 484 ad

161 523 369 612 quastioues,
386 533 418 587 et
434 545 491 612 per
502 523 583 611 ipsas
601 523 782 610 Scripturas
800 524 926 590 discere
938 524 1198 600 demonstrative,

161 630 324 720 quomodo
339 628 432 719 lapsae
447 642 522 695 sunt
537 630 671 696 haerescs
680 655 690 703 ;
710 643 743 695 et
756 645 887 708 contra,
906 631 1078 720 quomodo
1096 632 1128 697 in
1145 633 1196 700 sols

160 739 293 805 veritate
307 749 339 805 ct
353 738 482 826 antiqua
497 737 639 804 Ecclesia
654 739 694 804 sit
709 737 940 828 perfectissima
954 741 1120 828 cognitio,
1131 755 1195 807 etet

161 871 232 938 quae
242 859 290 913 est
300 869 408 912 revera
420 847 541 935 optima
552 844 690 913 laser-esis.
708 849 757 913 Ex
772 847 809 913 iis
826 859 935 912 autem
948 848 1008 936 qui
1023 847 1192 915 declinante

159 957 307 1030 veritate,
319 954 369 1021 alii
382 953 511 1042 quidem
523 955 642 1044 scipsos
652 953 754 1033 solos,
767 954 820 1020 alii
833 977 909 1020 vcro
920 956 1125 1044 propinquos
1135 981 1193 1044 qus

159 1087 221 1152 que
250 1074 409 1132 (tonantur
433 1061 551 1130 fallere.
576 1061 681 1151 Atque
709 1063 732 1127 ii
763 1062 896 1151 quidem
923 1064 983 1152 qui
1013 1063 1193 1153 appellantur

157 1183 309 1252 δοξόσοφι,
324 1170 389 1236 hcc
402 1181 470 1248 cst,
488 1171 636 1260 opinione
652 1194 708 1236 sua
722 1171 901 1259 sapientes,
921 1173 980 1260 qui
997 1195 1033 1238 sc
1048 1174 1189 1241 veritatem

157 1280 313 1346 iuvenisse
333 1279 533 1362 existimant,
557 1276 678 1343 nullam
699 1278 855 1344 habentes
878 1302 996 1346 veram
1018 1280 1188 1348 demousua·

159 1388 299 1465 tionem,
316 1387 337 1452 ii
353 1386 471 1476 seipsos
487 1384 667 1475 decipiam,
681 1386 955 1476 acquiescendum
969 1387 1184 1456 existimantes:

158 1520 296 1588 quorum
310 1517 376 1562 non
394 1517 510 1585 parvus
526 1505 574 1560 est
588 1517 760 1570 numerus,
776 1495 831 1582 qui
849 1507 883 1560 et
901 1497 1098 1583 quaestiones
1110 1497 1183 1564 dccli

157 1618 236 1673 nant
246 1627 288 1672 nc
299 1604 515 1679 confutentur,
531 1615 565 1669 et
575 1602 754 1668 doctrinam
765 1603 865 1669 vitant
875 1626 921 1669 ne
936 1605 1170 1670 condemnantur.

159 1715 224 1796 Qui
245 1725 351 1782 sutem
367 1713 491 1800 eosqui
511 1711 667 1778 accedtmt
683 1710 866 1801 decipiunt,
891 1725 975 1778 sunt
995 1712 1166 1786 vallemus,

160 1823 215 1912 qui
233 1821 356 1888 etiamsi
379 1820 452 1887 satis
474 1831 680 1908 assequantur
698 1819 831 1886 senihil
854 1821 965 1897 scire,
991 1820 1176 1910 protattttu

159 1945 268 2000 tumen
284 1929 475 2020 argumentis
490 1929 663 1994 obscurant
677 1928 853 1994 veritatem.
872 1927 948 1995 Alia
965 1943 1017 1995 est
1032 1944 1144 2003 auten,
1155 1941 1184 1994 nt

101 2045 104 2052 “
159 2039 285 2129 opinor,
310 2023 423 2103 natuie
443 2033 656 2125 probabilium
677 2047 966 2124 argumentorum,
988 2051 1024 2103 et
1042 2037 1099 2105 alia
1115 2061 1188 2104 sero

159 2169 242 2212 rum.
261 2147 302 2212 Et
317 2144 405 2235 quod
421 2143 607 2210 accessesit
625 2167 741 2209 nomen
760 2143 927 2210 haeroseon
945 2147 995 2212 ita
1016 2147 1190 2234 usurparint

80 2311 82 2320 ,
158 2253 281 2322 veritati
299 2264 491 2343 opponatur,
509 2263 542 2316 et
561 2253 602 2317 ab
616 2275 654 2317 ea
669 2251 894 2341 distinguatur,
914 2254 1138 2342 cognoscimus
1151 2279 1189 2320 :a

158 2389 219 2452 qua
239 2385 315 2429 cum
337 2360 482 2450 quondam
503 2361 546 2426 ad
562 2359 729 2425 homiuum
752 2361 932 2449 pomicicm
953 2361 1122 2428 evulserint
1139 2363 1190 2428 So-

158 2472 288 2562 ptis-ta,
302 2468 447 2536 humanis
459 2479 492 2534 et
504 2493 522 2533 a
533 2491 567 2534 se
578 2468 712 2534 inventis
723 2491 760 2534 ea
771 2469 967 2564 infodientes
983 2473 1123 2547 artibus,
1136 2470 1190 2560 gle-

158 2581 280 2646 rinntur
304 2601 337 2644 se
359 2599 493 2668 praecssc
513 2576 656 2642 diatribae
674 2599 728 2642 seu
752 2575 868 2644 sclaolae
887 2579 1005 2667 potius
1027 2603 1116 2669 quam
1130 2582 1184 2645 Bs-

157 2687 270 2754 clesiae«.

210 2795 297 2863 XVl.
316 2795 382 2862 Sed
395 2795 494 2883 quiin
505 2797 600 2862 rebus
611 2793 836 2885 pulcherrimis
848 2795 1005 2864 laborem
1025 2797 1189 2889 impendere

159 2917 234 2972 sunt
248 2904 367 2994 parati,
384 2925 450 2969 non
470 2903 619 2970 desistent
633 2904 722 2993 prius
738 2927 880 2993 quaerere
897 2907 1093 2984 veritatem,
1109 2926 1193 2996 quam

159 3038 198 3080 cx
222 3014 295 3103 ipsis
315 3011 487 3100 Scripturis
511 3012 693 3100 acceperint
716 3011 1041 3082 demonstrationem.
1064 3016 1110 3084 Ac
1131 3023 1192 3080 snt

162 3121 290 3210 quidam
312 3141 498 3185 communes
519 3117 704 3184 hominihus
726 3117 894 3186 facultates
915 3122 1103 3210 judicandi,
1122 3126 1192 3190 sicat

162 3251 294 3296 sensus:
313 3225 372 3294 alia
386 3238 511 3301 autem,
535 3247 648 3292 eorum
663 3227 717 3315 qui
733 3227 977 3308 consulturum,
1000 3245 1035 3298 et
1053 3253 1195 3300 merone·

161 3349 237 3405 runt
251 3359 288 3402 cn
304 3357 375 3424 que
390 3357 463 3400 veru
474 3345 547 3398 sunt
562 3355 698 3423 :nempe
709 3357 779 3423 quae
790 3359 863 3402 vera
879 3349 913 3404 et
929 3338 1031 3416 falsa,
1048 3363 1104 3429 per
1117 3362 1199 3404 men·

162 3460 227 3514 tem
238 3459 270 3510 ct
277 3441 549 3509 ratiocinationem
561 3441 732 3508 artificiose
743 3443 956 3533 distinguunt.
972 3446 1201 3513 Maximumest

164 3567 270 3622 autem
286 3551 427 3640 deposita
437 3549 486 3615 sui
502 3549 651 3639 opinione
666 3601 675 3626 ,
692 3551 864 3618 consistere
875 3553 909 3618 in
921 3554 1031 3620 mcdio
1046 3567 1200 3622 accurata

162 3663 299 3729 scicntiae
312 3671 343 3725 et
355 3659 529 3725 temerarius
543 3658 702 3748 sapientie
713 3659 869 3748 opinionis
879 3711 888 3736 ,
897 3673 930 3726 et
942 3685 1040 3729 nosse
1053 3664 1142 3753 qnod
1150 3662 1199 3749 qni

162 3782 311 3835 {uternam
335 3779 439 3856 spcrat
460 3767 617 3856 quictem,
642 3768 803 3858 cognoscit
822 3769 921 3836 ctiam
942 3773 1012 3860 ejus
1034 3773 1197 3837 introitum

161 3901 228 3945 esse
243 3874 436 3945 laboriosum
451 3885 483 3940 ct
494 3888 630 3943 oretum.
657 3878 697 3942 Et
714 3876 769 3965 qui
784 3877 881 3945 semel
905 3879 1033 3948 admisit
1047 3882 1193 3970 Evange-
