<?xml version="1.0" encoding="UTF-8"?>
<!DOCTYPE html PUBLIC "-//W3C//DTD XHTML 1.0 Transitional//EN"
    "http://www.w3.org/TR/xhtml1/DTD/xhtml1-transitional.dtd">
<html xmlns="http://www.w3.org/1999/xhtml" xml:lang="en" lang="en">
 <head>
  <title>
</title>
<meta http-equiv="Content-Type" content="text/html;charset=utf-8" />
  <meta name='ocr-system' content='tesseract 3.04.00' />
  <meta name='ocr-capabilities' content='ocr_page ocr_carea ocr_par ocr_line ocrx_word'/>
</head>
<body>
  <div class='ocr_page' id='page_1' title='image "./collectioselect00guilgoog_0292.png"; bbox 0 0 2570 4614; ppageno 0'>
   <div class='ocr_carea' id='block_1_1' title="bbox 204 260 927 326">
    <p class='ocr_par' dir='ltr' id='par_1_1' title="bbox 204 260 927 326">
     <span class='ocr_line' id='line_1_1' title="bbox 204 260 927 326; baseline -0.012 -1"><span class='ocrx_word' id='word_1_1' title='bbox 204 260 267 326; x_wconf 67' lang='lat' dir='ltr'><strong>aas</strong></span> <span class='ocrx_word' id='word_1_2' title='bbox 517 272 691 318; x_wconf 70' lang='lat' dir='ltr'><strong>maurinis</strong></span> <span class='ocrx_word' id='word_1_3' title='bbox 715 271 927 319; x_wconf 80' lang='lat' dir='ltr'><strong>aaaxrnunnu</strong></span> 
     </span>
    </p>
   </div>
   <div class='ocr_carea' id='block_1_2' title="bbox 92 379 1283 3778">
    <p class='ocr_par' dir='ltr' id='par_1_2' title="bbox 92 379 1283 3778">
     <span class='ocr_line' id='line_1_2' title="bbox 203 379 1243 474; baseline -0.01 -6"><span class='ocrx_word' id='word_1_4' title='bbox 203 396 363 474; x_wconf 80' lang='lat' dir='ltr'><strong>convenit,</strong></span> <span class='ocrx_word' id='word_1_5' title='bbox 381 395 414 462; x_wconf 89' lang='lat' dir='ltr'><strong>id</strong></span> <span class='ocrx_word' id='word_1_6' title='bbox 429 379 595 461; x_wconf 83' lang='lat' dir='ltr'><strong>incumbit.</strong></span> <span class='ocrx_word' id='word_1_7' title='bbox 615 393 806 467; x_wconf 85' lang='lat' dir='ltr'><strong>Obadiantia</strong></span> <span class='ocrx_word' id='word_1_8' title='bbox 821 404 928 460; x_wconf 87' lang='lat' dir='ltr'><strong>autem</strong></span> <span class='ocrx_word' id='word_1_9' title='bbox 945 391 1103 458; x_wconf 83' lang='lat' dir='ltr'><strong>fundatur</strong></span> <span class='ocrx_word' id='word_1_10' title='bbox 1120 395 1243 460; x_wconf 83' lang='lat' dir='ltr'><strong>manda·</strong></span> 
     </span>
     <span class='ocr_line' id='line_1_3' title="bbox 203 501 1242 580; baseline -0.007 -5"><span class='ocrx_word' id='word_1_11' title='bbox 203 510 253 575; x_wconf 89' lang='lat' dir='ltr'><strong>tis.</strong></span> <span class='ocrx_word' id='word_1_12' title='bbox 268 511 313 574; x_wconf 88' lang='lat' dir='ltr'><strong>Ea</strong></span> <span class='ocrx_word' id='word_1_13' title='bbox 330 518 450 580; x_wconf 85' lang='lat' dir='ltr'><strong>autem,</strong></span> <span class='ocrx_word' id='word_1_14' title='bbox 464 504 692 571; x_wconf 77' lang='lat' dir='ltr'><strong>monitionibus</strong></span> <span class='ocrx_word' id='word_1_15' title='bbox 705 526 779 569; x_wconf 92' lang='lat' dir='ltr'><strong>cum</strong></span> <span class='ocrx_word' id='word_1_16' title='bbox 791 503 853 568; x_wconf 90' lang='lat' dir='ltr'><strong>sint</strong></span> <span class='ocrx_word' id='word_1_17' title='bbox 865 501 990 576; x_wconf 85' lang='lat' dir='ltr'><strong>cadem,</strong></span> <span class='ocrx_word' id='word_1_18' title='bbox 1005 505 1178 568; x_wconf 84' lang='lat' dir='ltr'><strong>veritatem</strong></span> <span class='ocrx_word' id='word_1_19' title='bbox 1190 505 1242 570; x_wconf 84' lang='lat' dir='ltr'><strong>sibi</strong></span> 
     </span>
     <span class='ocr_line' id='line_1_4' title="bbox 202 612 1242 707; baseline -0.008 -21"><span class='ocrx_word' id='word_1_20' title='bbox 202 639 334 707; x_wconf 86' lang='lat' dir='ltr'><strong>scopum</strong></span> <span class='ocrx_word' id='word_1_21' title='bbox 356 615 578 706; x_wconf 84' lang='lat' dir='ltr'><strong>proponentia,</strong></span> <span class='ocrx_word' id='word_1_22' title='bbox 602 612 643 678; x_wconf 90' lang='lat' dir='ltr'><strong>ad</strong></span> <span class='ocrx_word' id='word_1_23' title='bbox 661 625 840 679; x_wconf 84' lang='lat' dir='ltr'><strong>extromum</strong></span> <span class='ocrx_word' id='word_1_24' title='bbox 855 614 1086 701; x_wconf 84' lang='lat' dir='ltr'><strong>expetendum,</strong></span> <span class='ocrx_word' id='word_1_25' title='bbox 1104 615 1162 702; x_wconf 85' lang='lat' dir='ltr'><strong>qui</strong></span> <span class='ocrx_word' id='word_1_26' title='bbox 1178 612 1242 678; x_wconf 80' lang='lat' dir='ltr'><strong>linis</strong></span> 
     </span>
     <span class='ocr_line' id='line_1_5' title="bbox 203 721 1243 802; baseline -0.006 -8"><span class='ocrx_word' id='word_1_27' title='bbox 203 729 331 802; x_wconf 85' lang='lat' dir='ltr'><strong>dicitur,</strong></span> <span class='ocrx_word' id='word_1_28' title='bbox 356 725 535 790; x_wconf 87' lang='lat' dir='ltr'><strong>instituunt.</strong></span> <span class='ocrx_word' id='word_1_29' title='bbox 562 722 689 789; x_wconf 83' lang='lat' dir='ltr'><strong>Pietatis</strong></span> <span class='ocrx_word' id='word_1_30' title='bbox 705 733 813 789; x_wconf 84' lang='lat' dir='ltr'><strong>autem</strong></span> <span class='ocrx_word' id='word_1_31' title='bbox 834 721 905 788; x_wconf 84' lang='lat' dir='ltr'><strong>finis</strong></span> <span class='ocrx_word' id='word_1_32' title='bbox 921 734 969 790; x_wconf 87' lang='lat' dir='ltr'><strong>est</strong></span> <span class='ocrx_word' id='word_1_33' title='bbox 987 737 1109 788; x_wconf 82' lang='lat' dir='ltr'><strong>aeterna</strong></span> <span class='ocrx_word' id='word_1_34' title='bbox 1134 724 1168 788; x_wconf 89' lang='lat' dir='ltr'><strong>in</strong></span> <span class='ocrx_word' id='word_1_35' title='bbox 1183 723 1243 790; x_wconf 86' lang='lat' dir='ltr'><strong>Deo</strong></span> 
     </span>
     <span class='ocr_line' id='line_1_6' title="bbox 203 831 1241 924; baseline -0.002 -23"><span class='ocrx_word' id='word_1_36' title='bbox 203 836 337 924; x_wconf 79' lang='lat' dir='ltr'><strong>requies.</strong></span> <span class='ocrx_word' id='word_1_37' title='bbox 365 831 561 900; x_wconf 83' lang='lat' dir='ltr'><strong>AEternitatis</strong></span> <span class='ocrx_word' id='word_1_38' title='bbox 583 844 691 897; x_wconf 87' lang='lat' dir='ltr'><strong>autem</strong></span> <span class='ocrx_word' id='word_1_39' title='bbox 713 832 927 922; x_wconf 51' lang='lat' dir='ltr'><strong>principium,¹</strong></span> <span class='ocrx_word' id='word_1_40' title='bbox 948 844 996 898; x_wconf 82' lang='lat' dir='ltr'><strong>est</strong></span> <span class='ocrx_word' id='word_1_41' title='bbox 1020 845 1134 898; x_wconf 88' lang='lat' dir='ltr'><strong>noster</strong></span> <span class='ocrx_word' id='word_1_42' title='bbox 1164 833 1241 900; x_wconf 79' lang='lat' dir='ltr'><strong>finis</strong></span> 
     </span>
     <span class='ocr_line' id='line_1_7' title="bbox 203 941 1240 1036; baseline -0.004 -24"><span class='ocrx_word' id='word_1_43' title='bbox 203 945 330 1027; x_wconf 77' lang='lat' dir='ltr'><strong>Pietatis</strong></span> <span class='ocrx_word' id='word_1_44' title='bbox 345 943 440 1036; x_wconf 91' lang='lat' dir='ltr'><strong>igitur</strong></span> <span class='ocrx_word' id='word_1_45' title='bbox 460 941 603 1032; x_wconf 79' lang='lat' dir='ltr'><strong>perfecta</strong></span> <span class='ocrx_word' id='word_1_46' title='bbox 625 942 770 1032; x_wconf 87' lang='lat' dir='ltr'><strong>operatio</strong></span> <span class='ocrx_word' id='word_1_47' title='bbox 787 941 930 1010; x_wconf 86' lang='lat' dir='ltr'><strong>officium</strong></span> <span class='ocrx_word' id='word_1_48' title='bbox 945 965 1004 1032; x_wconf 87' lang='lat' dir='ltr'><strong>per</strong></span> <span class='ocrx_word' id='word_1_49' title='bbox 1018 958 1120 1034; x_wconf 86' lang='lat' dir='ltr'><strong>opera</strong></span> <span class='ocrx_word' id='word_1_50' title='bbox 1138 943 1240 1010; x_wconf 87' lang='lat' dir='ltr'><strong>efficit</strong></span> 
     </span>
     <span class='ocr_line' id='line_1_8' title="bbox 205 1053 1243 1130; baseline -0.002 -8"><span class='ocrx_word' id='word_1_51' title='bbox 205 1056 295 1122; x_wconf 84' lang='lat' dir='ltr'>Unde</span> <span class='ocrx_word' id='word_1_52' title='bbox 311 1054 414 1121; x_wconf 87' lang='lat' dir='ltr'><strong>officia</strong></span> <span class='ocrx_word' id='word_1_53' title='bbox 432 1055 545 1119; x_wconf 83' lang='lat' dir='ltr'><strong>marito</strong></span> <span class='ocrx_word' id='word_1_54' title='bbox 558 1054 590 1120; x_wconf 93' lang='lat' dir='ltr'><strong>in</strong></span> <span class='ocrx_word' id='word_1_55' title='bbox 602 1053 794 1130; x_wconf 79' lang='lat' dir='ltr'><strong>actionibus,</strong></span> <span class='ocrx_word' id='word_1_56' title='bbox 807 1076 873 1120; x_wconf 91' lang='lat' dir='ltr'><strong>non</strong></span> <span class='ocrx_word' id='word_1_57' title='bbox 883 1067 992 1122; x_wconf 87' lang='lat' dir='ltr'><strong>autam</strong></span> <span class='ocrx_word' id='word_1_58' title='bbox 1004 1055 1038 1122; x_wconf 92' lang='lat' dir='ltr'><strong>in</strong></span> <span class='ocrx_word' id='word_1_59' title='bbox 1051 1055 1243 1124; x_wconf 71' lang='lat' dir='ltr'><strong>dictionibus</strong></span> 
     </span>
     <span class='ocr_line' id='line_1_9' title="bbox 204 1163 1242 1252; baseline -0.002 -18"><span class='ocrx_word' id='word_1_60' title='bbox 204 1167 392 1234; x_wconf 86' lang='lat' dir='ltr'><strong>consistunt.</strong></span> <span class='ocrx_word' id='word_1_61' title='bbox 406 1166 447 1230; x_wconf 87' lang='lat' dir='ltr'><strong>Et</strong></span> <span class='ocrx_word' id='word_1_62' title='bbox 459 1176 507 1231; x_wconf 87' lang='lat' dir='ltr'><strong>est</strong></span> <span class='ocrx_word' id='word_1_63' title='bbox 519 1163 688 1231; x_wconf 83' lang='lat' dir='ltr'><strong>Christiani</strong></span> <span class='ocrx_word' id='word_1_64' title='bbox 701 1164 831 1252; x_wconf 87' lang='lat' dir='ltr'><strong>quidam</strong></span> <span class='ocrx_word' id='word_1_65' title='bbox 843 1166 940 1242; x_wconf 80' lang='lat' dir='ltr'><strong>actio,</strong></span> <span class='ocrx_word' id='word_1_66' title='bbox 954 1164 1122 1234; x_wconf 88' lang='lat' dir='ltr'><strong>rationalis</strong></span> <span class='ocrx_word' id='word_1_67' title='bbox 1134 1166 1242 1232; x_wconf 80' lang='lat' dir='ltr'><strong>anima</strong></span> 
     </span>
     <span class='ocr_line' id='line_1_10' title="bbox 205 1271 1242 1367; baseline -0.001 -24"><span class='ocrx_word' id='word_1_68' title='bbox 205 1274 360 1367; x_wconf 86' lang='lat' dir='ltr'><strong>operatio,</strong></span> <span class='ocrx_word' id='word_1_69' title='bbox 376 1296 416 1340; x_wconf 81' lang='lat' dir='ltr'><strong>cx</strong></span> <span class='ocrx_word' id='word_1_70' title='bbox 431 1271 589 1348; x_wconf 85' lang='lat' dir='ltr'><strong>concinno</strong></span> <span class='ocrx_word' id='word_1_71' title='bbox 604 1271 726 1362; x_wconf 88' lang='lat' dir='ltr'><strong>judicio</strong></span> <span class='ocrx_word' id='word_1_72' title='bbox 741 1284 774 1340; x_wconf 87' lang='lat' dir='ltr'><strong>ct</strong></span> <span class='ocrx_word' id='word_1_73' title='bbox 793 1274 986 1362; x_wconf 84' lang='lat' dir='ltr'><strong>appetitione</strong></span> <span class='ocrx_word' id='word_1_74' title='bbox 1002 1275 1162 1350; x_wconf 77' lang='lat' dir='ltr'><strong>actitatis,</strong></span> <span class='ocrx_word' id='word_1_75' title='bbox 1182 1298 1242 1364; x_wconf 78' lang='lat' dir='ltr'><strong>qua</strong></span> 
     </span>
     <span class='ocr_line' id='line_1_11' title="bbox 204 1383 1239 1479; baseline 0 -27"><span class='ocrx_word' id='word_1_76' title='bbox 204 1410 262 1479; x_wconf 88' lang='lat' dir='ltr'><strong>per</strong></span> <span class='ocrx_word' id='word_1_77' title='bbox 284 1384 495 1471; x_wconf 91' lang='lat' dir='ltr'><strong>conjunctum</strong></span> <span class='ocrx_word' id='word_1_78' title='bbox 518 1394 551 1451; x_wconf 87' lang='lat' dir='ltr'><strong>et</strong></span> <span class='ocrx_word' id='word_1_79' title='bbox 574 1383 606 1448; x_wconf 94' lang='lat' dir='ltr'><strong>in</strong></span> <span class='ocrx_word' id='word_1_80' title='bbox 631 1395 756 1472; x_wconf 87' lang='lat' dir='ltr'><strong>partem</strong></span> <span class='ocrx_word' id='word_1_81' title='bbox 777 1384 906 1452; x_wconf 83' lang='lat' dir='ltr'><strong>venicus</strong></span> <span class='ocrx_word' id='word_1_82' title='bbox 929 1385 1096 1475; x_wconf 85' lang='lat' dir='ltr'><strong>peragitur</strong></span> <span class='ocrx_word' id='word_1_83' title='bbox 1119 1408 1239 1474; x_wconf 82' lang='lat' dir='ltr'><strong>corpus</strong></span> 
     </span>
     <span class='ocr_line' id='line_1_12' title="bbox 206 1493 1241 1584; baseline -0.004 -22"><span class='ocrx_word' id='word_1_84' title='bbox 206 1496 357 1563; x_wconf 85' lang='lat' dir='ltr'><strong>Officium</strong></span> <span class='ocrx_word' id='word_1_85' title='bbox 369 1507 478 1562; x_wconf 84' lang='lat' dir='ltr'><strong>autem</strong></span> <span class='ocrx_word' id='word_1_86' title='bbox 488 1506 549 1570; x_wconf 86' lang='lat' dir='ltr'><strong>ost,</strong></span> <span class='ocrx_word' id='word_1_87' title='bbox 562 1517 632 1581; x_wconf 84' lang='lat' dir='ltr'><strong>quac</strong></span> <span class='ocrx_word' id='word_1_88' title='bbox 643 1493 676 1560; x_wconf 93' lang='lat' dir='ltr'><strong>in</strong></span> <span class='ocrx_word' id='word_1_89' title='bbox 688 1493 751 1560; x_wconf 84' lang='lat' dir='ltr'><strong>vita</strong></span> <span class='ocrx_word' id='word_1_90' title='bbox 762 1493 868 1562; x_wconf 86' lang='lat' dir='ltr'><strong>Deum</strong></span> <span class='ocrx_word' id='word_1_91' title='bbox 879 1507 913 1560; x_wconf 90' lang='grc' dir='ltr'><strong>ει</strong></span> <span class='ocrx_word' id='word_1_92' title='bbox 925 1493 1092 1560; x_wconf 74' lang='lat' dir='ltr'><strong>Christum</strong></span> <span class='ocrx_word' id='word_1_93' title='bbox 1106 1495 1241 1584; x_wconf 79' lang='lat' dir='ltr'><strong>seqrritur</strong></span> 
     </span>
     <span class='ocr_line' id='line_1_13' title="bbox 205 1603 1240 1694; baseline -0.002 -22"><span class='ocrx_word' id='word_1_94' title='bbox 205 1605 363 1685; x_wconf 82' lang='lat' dir='ltr'><strong>voluntas,</strong></span> <span class='ocrx_word' id='word_1_95' title='bbox 376 1627 447 1693; x_wconf 81' lang='lat' dir='ltr'><strong>quae</strong></span> <span class='ocrx_word' id='word_1_96' title='bbox 458 1627 492 1670; x_wconf 87' lang='lat' dir='ltr'><strong>sa</strong></span> <span class='ocrx_word' id='word_1_97' title='bbox 502 1614 635 1692; x_wconf 87' lang='lat' dir='ltr'><strong>propter</strong></span> <span class='ocrx_word' id='word_1_98' title='bbox 646 1603 743 1672; x_wconf 83' lang='lat' dir='ltr'><strong>vitam</strong></span> <span class='ocrx_word' id='word_1_99' title='bbox 751 1614 902 1670; x_wconf 85' lang='lat' dir='ltr'><strong>aeternam</strong></span> <span class='ocrx_word' id='word_1_100' title='bbox 913 1605 1108 1694; x_wconf 86' lang='lat' dir='ltr'><strong>ractegarit.</strong></span> <span class='ocrx_word' id='word_1_101' title='bbox 1126 1604 1240 1670; x_wconf 77' lang='lat' dir='ltr'><strong>Etenim</strong></span> 
     </span>
     <span class='ocr_line' id='line_1_14' title="bbox 208 1701 1240 1802; baseline 0 -20"><span class='ocrx_word' id='word_1_102' title='bbox 208 1701 462 1785; x_wconf 78' lang='lat' dir='ltr'><strong>Christianorum</strong></span> <span class='ocrx_word' id='word_1_103' title='bbox 480 1713 557 1788; x_wconf 85' lang='lat' dir='ltr'><strong>vita.</strong></span> <span class='ocrx_word' id='word_1_104' title='bbox 578 1736 675 1802; x_wconf 88' lang='lat' dir='ltr'><strong>quam</strong></span> <span class='ocrx_word' id='word_1_105' title='bbox 697 1735 785 1780; x_wconf 90' lang='lat' dir='ltr'><strong>nunc</strong></span> <span class='ocrx_word' id='word_1_106' title='bbox 801 1713 1008 1791; x_wconf 84' lang='lat' dir='ltr'><strong>instituimus,</strong></span> <span class='ocrx_word' id='word_1_107' title='bbox 1032 1727 1083 1780; x_wconf 86' lang='lat' dir='ltr'><strong>est</strong></span> <span class='ocrx_word' id='word_1_108' title='bbox 1104 1714 1240 1801; x_wconf 70' lang='lat' dir='ltr'><strong>quadan</strong></span> 
     </span>
     <span class='ocr_line' id='line_1_15' title="bbox 207 1822 1241 1916; baseline 0 -24"><span class='ocrx_word' id='word_1_109' title='bbox 207 1823 406 1893; x_wconf 82' lang='lat' dir='ltr'><strong>rationalium</strong></span> <span class='ocrx_word' id='word_1_110' title='bbox 417 1823 505 1913; x_wconf 89' lang='lat' dir='ltr'><strong>quasi</strong></span> <span class='ocrx_word' id='word_1_111' title='bbox 517 1822 681 1890; x_wconf 91' lang='lat' dir='ltr'><strong>actionum</strong></span> <span class='ocrx_word' id='word_1_112' title='bbox 692 1847 877 1916; x_wconf 75' lang='lat' dir='ltr'><strong>compages,</strong></span> <span class='ocrx_word' id='word_1_113' title='bbox 890 1823 1026 1900; x_wconf 84' lang='lat' dir='ltr'><strong>hocest,</strong></span> <span class='ocrx_word' id='word_1_114' title='bbox 1043 1847 1166 1892; x_wconf 86' lang='lat' dir='ltr'><strong>eorum</strong></span> <span class='ocrx_word' id='word_1_115' title='bbox 1184 1849 1241 1912; x_wconf 71' lang='lat' dir='ltr'><strong>qua</strong></span> 
     </span>
     <span class='ocr_line' id='line_1_16' title="bbox 208 1931 1240 2024; baseline -0.001 -23"><span class='ocrx_word' id='word_1_116' title='bbox 208 1961 226 2001; x_wconf 91' lang='lat' dir='ltr'><strong>a</strong></span> <span class='ocrx_word' id='word_1_117' title='bbox 240 1935 374 2000; x_wconf 86' lang='lat' dir='ltr'><strong>Ratione</strong></span> <span class='ocrx_word' id='word_1_118' title='bbox 390 1933 559 2008; x_wconf 83' lang='lat' dir='ltr'><strong>docentur,</strong></span> <span class='ocrx_word' id='word_1_119' title='bbox 576 1955 647 2022; x_wconf 77' lang='lat' dir='ltr'><strong>quae</strong></span> <span class='ocrx_word' id='word_1_120' title='bbox 661 1931 726 2000; x_wconf 81' lang='lat' dir='ltr'><strong>labi</strong></span> <span class='ocrx_word' id='word_1_121' title='bbox 748 1934 868 2000; x_wconf 85' lang='lat' dir='ltr'><strong>nesciat</strong></span> <span class='ocrx_word' id='word_1_122' title='bbox 883 1935 1039 2024; x_wconf 80' lang='lat' dir='ltr'><strong>operatio,</strong></span> <span class='ocrx_word' id='word_1_123' title='bbox 1056 1958 1163 2024; x_wconf 84' lang='lat' dir='ltr'><strong>quam</strong></span> <span class='ocrx_word' id='word_1_124' title='bbox 1181 1935 1240 2024; x_wconf 77' lang='lat' dir='ltr'><strong>qui-</strong></span> 
     </span>
     <span class='ocr_line' id='line_1_17' title="bbox 209 2037 1241 2132; baseline 0.003 -25"><span class='ocrx_word' id='word_1_125' title='bbox 209 2043 282 2107; x_wconf 92' lang='lat' dir='ltr'><strong>dem</strong></span> <span class='ocrx_word' id='word_1_126' title='bbox 294 2039 391 2106; x_wconf 81' lang='lat' dir='ltr'><strong>fidem</strong></span> <span class='ocrx_word' id='word_1_127' title='bbox 402 2037 639 2131; x_wconf 81' lang='lat' dir='ltr'><strong>appellavimus.</strong></span> <span class='ocrx_word' id='word_1_128' title='bbox 662 2041 737 2108; x_wconf 80' lang='lat' dir='ltr'><strong>tlaec</strong></span> <span class='ocrx_word' id='word_1_129' title='bbox 753 2053 861 2108; x_wconf 88' lang='lat' dir='ltr'><strong>autem</strong></span> <span class='ocrx_word' id='word_1_130' title='bbox 874 2064 1047 2132; x_wconf 80' lang='lat' dir='ltr'><strong>compages</strong></span> <span class='ocrx_word' id='word_1_131' title='bbox 1065 2055 1148 2110; x_wconf 85' lang='lat' dir='ltr'><strong>sunt</strong></span> <span class='ocrx_word' id='word_1_132' title='bbox 1163 2067 1241 2112; x_wconf 84' lang='lat' dir='ltr'><strong>mm-</strong></span> 
     </span>
     <span class='ocr_line' id='line_1_18' title="bbox 210 2149 1243 2244; baseline 0.004 -28"><span class='ocrx_word' id='word_1_133' title='bbox 210 2152 283 2216; x_wconf 90' lang='lat' dir='ltr'><strong>data</strong></span> <span class='ocrx_word' id='word_1_134' title='bbox 301 2149 441 2226; x_wconf 88' lang='lat' dir='ltr'><strong>Domini,</strong></span> <span class='ocrx_word' id='word_1_135' title='bbox 455 2172 525 2238; x_wconf 83' lang='lat' dir='ltr'><strong>quae</strong></span> <span class='ocrx_word' id='word_1_136' title='bbox 542 2173 617 2218; x_wconf 88' lang='lat' dir='ltr'><strong>cum</strong></span> <span class='ocrx_word' id='word_1_137' title='bbox 635 2151 697 2219; x_wconf 87' lang='lat' dir='ltr'><strong>siut</strong></span> <span class='ocrx_word' id='word_1_138' title='bbox 714 2149 827 2220; x_wconf 83' lang='lat' dir='ltr'><strong>dirinae</strong></span> <span class='ocrx_word' id='word_1_139' title='bbox 846 2153 1023 2230; x_wconf 74' lang='lat' dir='ltr'><strong>sententiar,</strong></span> <span class='ocrx_word' id='word_1_140' title='bbox 1043 2155 1177 2220; x_wconf 80' lang='lat' dir='ltr'><strong>monita</strong></span> <span class='ocrx_word' id='word_1_141' title='bbox 1194 2154 1243 2244; x_wconf 80' lang='lat' dir='ltr'><strong>api-</strong></span> 
     </span>
     <span class='ocr_line' id='line_1_19' title="bbox 210 2257 1242 2354; baseline 0.004 -30"><span class='ocrx_word' id='word_1_142' title='bbox 210 2257 348 2349; x_wconf 85' lang='lat' dir='ltr'><strong>ritualia,</strong></span> <span class='ocrx_word' id='word_1_143' title='bbox 364 2259 455 2325; x_wconf 90' lang='lat' dir='ltr'><strong>nobis</strong></span> <span class='ocrx_word' id='word_1_144' title='bbox 472 2259 546 2352; x_wconf 83' lang='lat' dir='ltr'><strong>ipsis</strong></span> <span class='ocrx_word' id='word_1_145' title='bbox 568 2261 683 2351; x_wconf 89' lang='lat' dir='ltr'><strong>scripta</strong></span> <span class='ocrx_word' id='word_1_146' title='bbox 705 2273 798 2340; x_wconf 85' lang='lat' dir='ltr'><strong>sunt,</strong></span> <span class='ocrx_word' id='word_1_147' title='bbox 817 2275 853 2328; x_wconf 94' lang='lat' dir='ltr'><strong>ut</strong></span> <span class='ocrx_word' id='word_1_148' title='bbox 870 2285 941 2354; x_wconf 72' lang='lat' dir='ltr'><strong>qua</strong></span> <span class='ocrx_word' id='word_1_149' title='bbox 957 2273 992 2330; x_wconf 86' lang='grc' dir='ltr'><strong>ει</strong></span> <span class='ocrx_word' id='word_1_150' title='bbox 1006 2265 1107 2330; x_wconf 83' lang='lat' dir='ltr'><strong>nobis</strong></span> <span class='ocrx_word' id='word_1_151' title='bbox 1128 2265 1204 2354; x_wconf 82' lang='lat' dir='ltr'><strong>ipsis</strong></span> <span class='ocrx_word' id='word_1_152' title='bbox 1219 2277 1242 2328; x_wconf 85' lang='grc' dir='ltr'><strong>ει</strong></span> 
     </span>
     <span class='ocr_line' id='line_1_20' title="bbox 211 2369 1243 2462; baseline 0.006 -28"><span class='ocrx_word' id='word_1_153' title='bbox 211 2369 360 2462; x_wconf 81' lang='lat' dir='ltr'><strong>proximis</strong></span> <span class='ocrx_word' id='word_1_154' title='bbox 383 2371 466 2434; x_wconf 87' lang='lat' dir='ltr'><strong>bene</strong></span> <span class='ocrx_word' id='word_1_155' title='bbox 488 2369 655 2458; x_wconf 87' lang='lat' dir='ltr'><strong>quadrent.</strong></span> <span class='ocrx_word' id='word_1_156' title='bbox 682 2370 866 2452; x_wconf 86' lang='lat' dir='ltr'><strong>Quinetiam</strong></span> <span class='ocrx_word' id='word_1_157' title='bbox 888 2373 963 2462; x_wconf 66' lang='lat' dir='ltr'><strong>ipsas</strong></span> <span class='ocrx_word' id='word_1_158' title='bbox 987 2396 1124 2462; x_wconf 82' lang='lat' dir='ltr'><strong>quoquc</strong></span> <span class='ocrx_word' id='word_1_159' title='bbox 1144 2375 1243 2442; x_wconf 74' lang='lat' dir='ltr'><strong>aduc</strong></span> 
     </span>
     <span class='ocr_line' id='line_1_21' title="bbox 212 2476 1243 2572; baseline 0.002 -28"><span class='ocrx_word' id='word_1_160' title='bbox 212 2490 431 2555; x_wconf 85' lang='lat' dir='ltr'><strong>revertuntur,</strong></span> <span class='ocrx_word' id='word_1_161' title='bbox 459 2478 542 2547; x_wconf 88' lang='lat' dir='ltr'><strong>sicut</strong></span> <span class='ocrx_word' id='word_1_162' title='bbox 563 2476 627 2570; x_wconf 93' lang='lat' dir='ltr'><strong>pila</strong></span> <span class='ocrx_word' id='word_1_163' title='bbox 657 2503 727 2568; x_wconf 80' lang='lat' dir='ltr'><strong>quaa</strong></span> <span class='ocrx_word' id='word_1_164' title='bbox 754 2492 885 2570; x_wconf 89' lang='lat' dir='ltr'><strong>propter</strong></span> <span class='ocrx_word' id='word_1_165' title='bbox 909 2480 1243 2572; x_wconf 79' lang='lat' dir='ltr'><strong>repercussionemad</strong></span> 
     </span>
     <span class='ocr_line' id='line_1_22' title="bbox 212 2586 1246 2682; baseline 0.005 -29"><span class='ocrx_word' id='word_1_166' title='bbox 212 2611 287 2654; x_wconf 87' lang='lat' dir='ltr'><strong>cum</strong></span> <span class='ocrx_word' id='word_1_167' title='bbox 299 2588 353 2675; x_wconf 84' lang='lat' dir='ltr'><strong>qui</strong></span> <span class='ocrx_word' id='word_1_168' title='bbox 372 2586 450 2674; x_wconf 88' lang='lat' dir='ltr'><strong>jacit</strong></span> <span class='ocrx_word' id='word_1_169' title='bbox 466 2588 611 2652; x_wconf 86' lang='lat' dir='ltr'><strong>recurrit.</strong></span> <span class='ocrx_word' id='word_1_170' title='bbox 629 2587 719 2657; x_wconf 86' lang='lat' dir='ltr'><strong>Unde</strong></span> <span class='ocrx_word' id='word_1_171' title='bbox 730 2589 828 2658; x_wconf 85' lang='lat' dir='ltr'><strong>etiam</strong></span> <span class='ocrx_word' id='word_1_172' title='bbox 844 2603 919 2660; x_wconf 85' lang='lat' dir='ltr'><strong>sunt</strong></span> <span class='ocrx_word' id='word_1_173' title='bbox 939 2615 975 2658; x_wconf 83' lang='lat' dir='ltr'><strong>aa</strong></span> <span class='ocrx_word' id='word_1_174' title='bbox 993 2615 1065 2682; x_wconf 86' lang='lat' dir='ltr'><strong>quae</strong></span> <span class='ocrx_word' id='word_1_175' title='bbox 1083 2593 1206 2662; x_wconf 82' lang='lat' dir='ltr'><strong>docent</strong></span> <span class='ocrx_word' id='word_1_176' title='bbox 1217 2613 1246 2658; x_wconf 85' lang='lat' dir='ltr'><strong>ac</strong></span> 
     </span>
     <span class='ocr_line' id='line_1_23' title="bbox 92 2689 1246 2794; baseline 0.01 -32"><span class='ocrx_word' id='word_1_177' title='bbox 92 2767 101 2782; x_wconf 34' lang='lat' dir='ltr'><em>l</em></span> <span class='ocrx_word' id='word_1_178' title='bbox 212 2697 418 2773; x_wconf 84' lang='lat' dir='ltr'><strong>conveniunt,</strong></span> <span class='ocrx_word' id='word_1_179' title='bbox 436 2720 550 2788; x_wconf 90' lang='lat' dir='ltr'><strong>nempe</strong></span> <span class='ocrx_word' id='word_1_180' title='bbox 562 2697 679 2774; x_wconf 87' lang='lat' dir='ltr'><strong>officia,</strong></span> <span class='ocrx_word' id='word_1_181' title='bbox 693 2699 734 2766; x_wconf 93' lang='lat' dir='ltr'><strong>ad</strong></span> <span class='ocrx_word' id='word_1_182' title='bbox 746 2700 885 2768; x_wconf 84' lang='lat' dir='ltr'><strong>divinam</strong></span> <span class='ocrx_word' id='word_1_183' title='bbox 901 2689 1134 2794; x_wconf 81' lang='lat' dir='ltr'><strong>Paedagogiaim</strong></span> <span class='ocrx_word' id='word_1_184' title='bbox 1150 2726 1246 2772; x_wconf 58' lang='lat' dir='ltr'><strong>nacte</strong></span> 
     </span>
     <span class='ocr_line' id='line_1_24' title="bbox 212 2791 1246 2898; baseline 0.008 -27"><span class='ocrx_word' id='word_1_185' title='bbox 212 2805 305 2880; x_wconf 84' lang='lat' dir='ltr'><strong>saria,</strong></span> <span class='ocrx_word' id='word_1_186' title='bbox 322 2816 357 2870; x_wconf 91' lang='lat' dir='ltr'><strong>ut</strong></span> <span class='ocrx_word' id='word_1_187' title='bbox 372 2828 442 2894; x_wconf 79' lang='lat' dir='ltr'><strong>quae</strong></span> <span class='ocrx_word' id='word_1_188' title='bbox 461 2807 566 2876; x_wconf 85' lang='lat' dir='ltr'><strong>aDeo</strong></span> <span class='ocrx_word' id='word_1_189' title='bbox 583 2820 744 2898; x_wconf 86' lang='lat' dir='ltr'><strong>praecepta</strong></span> <span class='ocrx_word' id='word_1_190' title='bbox 760 2821 793 2875; x_wconf 92' lang='grc' dir='ltr'><strong>ει</strong></span> <span class='ocrx_word' id='word_1_191' title='bbox 814 2791 1006 2878; x_wconf 71' lang='lat' dir='ltr'><strong>adsalutem</strong></span> <span class='ocrx_word' id='word_1_192' title='bbox 1030 2813 1157 2878; x_wconf 76' lang='lat' dir='ltr'><strong>tradita</strong></span> <span class='ocrx_word' id='word_1_193' title='bbox 1174 2825 1246 2878; x_wconf 77' lang='lat' dir='ltr'><strong>sunt.</strong></span> 
     </span>
     <span class='ocr_line' id='line_1_25' title="bbox 211 2913 1249 3010; baseline 0.008 -30"><span class='ocrx_word' id='word_1_194' title='bbox 211 2913 253 2980; x_wconf 89' lang='lat' dir='ltr'><strong>Et</strong></span> <span class='ocrx_word' id='word_1_195' title='bbox 273 2915 424 3003; x_wconf 89' lang='lat' dir='ltr'><strong>quoniam</strong></span> <span class='ocrx_word' id='word_1_196' title='bbox 440 2938 553 2986; x_wconf 87' lang='lat' dir='ltr'><strong>eornm</strong></span> <span class='ocrx_word' id='word_1_197' title='bbox 568 2939 638 3005; x_wconf 85' lang='lat' dir='ltr'><strong>quae</strong></span> <span class='ocrx_word' id='word_1_198' title='bbox 653 2930 727 2984; x_wconf 91' lang='lat' dir='ltr'><strong>sunt</strong></span> <span class='ocrx_word' id='word_1_199' title='bbox 749 2920 939 2998; x_wconf 83' lang='lat' dir='ltr'><strong>necessaria,</strong></span> <span class='ocrx_word' id='word_1_200' title='bbox 959 2920 1021 2988; x_wconf 87' lang='lat' dir='ltr'><strong>alia</strong></span> <span class='ocrx_word' id='word_1_201' title='bbox 1045 2923 1188 3010; x_wconf 85' lang='lat' dir='ltr'><strong>quidam</strong></span> <span class='ocrx_word' id='word_1_202' title='bbox 1206 2945 1249 2988; x_wconf 70' lang='lat' dir='ltr'><strong>so</strong></span> 
     </span>
     <span class='ocr_line' id='line_1_26' title="bbox 212 3022 1250 3116; baseline 0.008 -28"><span class='ocrx_word' id='word_1_203' title='bbox 212 3022 279 3088; x_wconf 90' lang='lat' dir='ltr'><strong>lum</strong></span> <span class='ocrx_word' id='word_1_204' title='bbox 294 3023 336 3088; x_wconf 87' lang='lat' dir='ltr'><strong>ed</strong></span> <span class='ocrx_word' id='word_1_205' title='bbox 350 3024 448 3089; x_wconf 87' lang='lat' dir='ltr'><strong>vitam</strong></span> <span class='ocrx_word' id='word_1_206' title='bbox 458 3023 512 3092; x_wconf 94' lang='lat' dir='ltr'><strong>bic</strong></span> <span class='ocrx_word' id='word_1_207' title='bbox 522 3026 677 3114; x_wconf 83' lang='lat' dir='ltr'><strong>agendam</strong></span> <span class='ocrx_word' id='word_1_208' title='bbox 690 3028 862 3116; x_wconf 83' lang='lat' dir='ltr'><strong>pertinent,</strong></span> <span class='ocrx_word' id='word_1_209' title='bbox 876 3027 936 3096; x_wconf 87' lang='lat' dir='ltr'><strong>alia</strong></span> <span class='ocrx_word' id='word_1_210' title='bbox 949 3052 1024 3098; x_wconf 80' lang='lat' dir='ltr'><strong>acro</strong></span> <span class='ocrx_word' id='word_1_211' title='bbox 1037 3030 1136 3108; x_wconf 87' lang='lat' dir='ltr'><strong>hinc,</strong></span> <span class='ocrx_word' id='word_1_212' title='bbox 1149 3045 1187 3096; x_wconf 90' lang='lat' dir='ltr'><strong>ut</strong></span> <span class='ocrx_word' id='word_1_213' title='bbox 1197 3029 1250 3096; x_wconf 87' lang='lat' dir='ltr'><strong>illic</strong></span> 
     </span>
     <span class='ocr_line' id='line_1_27' title="bbox 211 3133 1252 3230; baseline 0.005 -28"><span class='ocrx_word' id='word_1_214' title='bbox 211 3136 294 3202; x_wconf 87' lang='lat' dir='ltr'><strong>benc</strong></span> <span class='ocrx_word' id='word_1_215' title='bbox 310 3134 463 3208; x_wconf 83' lang='lat' dir='ltr'><strong>vivamus.</strong></span> <span class='ocrx_word' id='word_1_216' title='bbox 481 3133 605 3202; x_wconf 86' lang='lat' dir='ltr'><strong>avolare</strong></span> <span class='ocrx_word' id='word_1_217' title='bbox 620 3135 742 3204; x_wconf 82' lang='lat' dir='ltr'><strong>iaciunt</strong></span> <span class='ocrx_word' id='word_1_218' title='bbox 759 3160 767 3202; x_wconf 72' lang='grc' dir='ltr'><strong>ε</strong></span> <span class='ocrx_word' id='word_1_219' title='bbox 789 3139 1015 3209; x_wconf 73' lang='lat' dir='ltr'><strong>convenienter</strong></span> <span class='ocrx_word' id='word_1_220' title='bbox 1032 3164 1171 3230; x_wconf 86' lang='lat' dir='ltr'><strong>quoquc</strong></span> <span class='ocrx_word' id='word_1_221' title='bbox 1191 3141 1252 3206; x_wconf 79' lang='lat' dir='ltr'><strong>affi-</strong></span> 
     </span>
     <span class='ocr_line' id='line_1_28' title="bbox 212 3241 1283 3346; baseline 0.004 -36"><span class='ocrx_word' id='word_1_222' title='bbox 212 3243 349 3321; x_wconf 90' lang='lat' dir='ltr'><strong>ciorum,</strong></span> <span class='ocrx_word' id='word_1_223' title='bbox 365 3241 435 3310; x_wconf 82' lang='lat' dir='ltr'><strong>baec</strong></span> <span class='ocrx_word' id='word_1_224' title='bbox 455 3244 585 3333; x_wconf 88' lang='lat' dir='ltr'><strong>quidem</strong></span> <span class='ocrx_word' id='word_1_225' title='bbox 604 3244 645 3310; x_wconf 91' lang='lat' dir='ltr'><strong>ad</strong></span> <span class='ocrx_word' id='word_1_226' title='bbox 667 3245 851 3324; x_wconf 84' lang='lat' dir='ltr'><strong>vivendum,</strong></span> <span class='ocrx_word' id='word_1_227' title='bbox 871 3246 924 3314; x_wconf 90' lang='lat' dir='ltr'><strong>illa</strong></span> <span class='ocrx_word' id='word_1_228' title='bbox 941 3271 1016 3316; x_wconf 82' lang='lat' dir='ltr'><strong>vcro</strong></span> <span class='ocrx_word' id='word_1_229' title='bbox 1037 3249 1081 3315; x_wconf 84' lang='lat' dir='ltr'><strong>ad</strong></span> <span class='ocrx_word' id='word_1_230' title='bbox 1105 3263 1200 3318; x_wconf 82' lang='lat' dir='ltr'><strong>recta</strong></span> <span class='ocrx_word' id='word_1_231' title='bbox 1215 3249 1253 3314; x_wconf 82' lang='lat' dir='ltr'><strong>ri·</strong></span> <span class='ocrx_word' id='word_1_232' title='bbox 1281 3259 1283 3346; x_wconf 78' lang='grc' dir='ltr'>Ι</span> 
     </span>
     <span class='ocr_line' id='line_1_29' title="bbox 212 3353 1283 3448; baseline 0.005 -29"><span class='ocrx_word' id='word_1_233' title='bbox 212 3353 352 3419; x_wconf 80' lang='lat' dir='ltr'><strong>vandum</strong></span> <span class='ocrx_word' id='word_1_234' title='bbox 369 3353 567 3420; x_wconf 79' lang='lat' dir='ltr'><strong>ordinantur.</strong></span> <span class='ocrx_word' id='word_1_235' title='bbox 588 3353 806 3446; x_wconf 85' lang='lat' dir='ltr'><strong>Quaecumqua</strong></span> <span class='ocrx_word' id='word_1_236' title='bbox 823 3381 899 3448; x_wconf 87' lang='lat' dir='ltr'><strong>orgo</strong></span> <span class='ocrx_word' id='word_1_237' title='bbox 915 3358 958 3423; x_wconf 94' lang='lat' dir='ltr'><strong>ad</strong></span> <span class='ocrx_word' id='word_1_238' title='bbox 974 3357 1144 3448; x_wconf 81' lang='lat' dir='ltr'><strong>gentiliter</strong></span> <span class='ocrx_word' id='word_1_239' title='bbox 1157 3362 1255 3426; x_wconf 75' lang='lat' dir='ltr'><strong>visan</strong></span> <span class='ocrx_word' id='word_1_240' title='bbox 1282 3367 1283 3438; x_wconf 42' lang='lat' dir='ltr'><strong><em>g</em></strong></span> 
     </span>
     <span class='ocr_line' id='line_1_30' title="bbox 213 3462 1283 3558; baseline 0.006 -29"><span class='ocrx_word' id='word_1_241' title='bbox 213 3463 291 3530; x_wconf 92' lang='lat' dir='ltr'><strong>dum</strong></span> <span class='ocrx_word' id='word_1_242' title='bbox 303 3465 543 3556; x_wconf 85' lang='lat' dir='ltr'><strong>praecipiuntur,</strong></span> <span class='ocrx_word' id='word_1_243' title='bbox 556 3487 591 3530; x_wconf 86' lang='lat' dir='ltr'><strong>aa</strong></span> <span class='ocrx_word' id='word_1_244' title='bbox 605 3462 699 3558; x_wconf 86' lang='lat' dir='ltr'><strong>vulgo</strong></span> <span class='ocrx_word' id='word_1_245' title='bbox 716 3466 877 3558; x_wconf 63' lang='lat' dir='ltr'><strong>publicata</strong></span> <span class='ocrx_word' id='word_1_246' title='bbox 891 3481 976 3534; x_wconf 78' lang='lat' dir='ltr'><strong>sunt</strong></span> <span class='ocrx_word' id='word_1_247' title='bbox 994 3469 1077 3550; x_wconf 81' lang='lat' dir='ltr'><strong>Quae</strong></span> <span class='ocrx_word' id='word_1_248' title='bbox 1094 3468 1256 3536; x_wconf 82' lang='lat' dir='ltr'><strong>autemad</strong></span> <span class='ocrx_word' id='word_1_249' title='bbox 1282 3497 1283 3516; x_wconf 45' lang='grc' dir='ltr'><strong>ι</strong></span> 
     </span>
     <span class='ocr_line' id='line_1_31' title="bbox 211 3572 1257 3664; baseline 0.006 -26"><span class='ocrx_word' id='word_1_250' title='bbox 211 3572 294 3638; x_wconf 88' lang='lat' dir='ltr'><strong>benc</strong></span> <span class='ocrx_word' id='word_1_251' title='bbox 309 3573 480 3640; x_wconf 84' lang='lat' dir='ltr'><strong>vivendum</strong></span> <span class='ocrx_word' id='word_1_252' title='bbox 497 3573 703 3652; x_wconf 83' lang='lat' dir='ltr'><strong>conveniunt,</strong></span> <span class='ocrx_word' id='word_1_253' title='bbox 719 3598 758 3640; x_wconf 89' lang='lat' dir='ltr'><strong>ex</strong></span> <span class='ocrx_word' id='word_1_254' title='bbox 779 3577 895 3664; x_wconf 89' lang='lat' dir='ltr'><strong>quibus</strong></span> <span class='ocrx_word' id='word_1_255' title='bbox 914 3589 1033 3664; x_wconf 73' lang='lat' dir='ltr'><strong>aeterna</strong></span> <span class='ocrx_word' id='word_1_256' title='bbox 1049 3577 1105 3644; x_wconf 91' lang='lat' dir='ltr'><strong>illa</strong></span> <span class='ocrx_word' id='word_1_257' title='bbox 1122 3581 1194 3646; x_wconf 80' lang='lat' dir='ltr'><strong>vita</strong></span> <span class='ocrx_word' id='word_1_258' title='bbox 1209 3603 1257 3645; x_wconf 82' lang='lat' dir='ltr'><strong>ac·</strong></span> 
     </span>
     <span class='ocr_line' id='line_1_32' title="bbox 213 3679 1258 3778; baseline 0.011 -34"><span class='ocrx_word' id='word_1_259' title='bbox 213 3681 361 3769; x_wconf 89' lang='lat' dir='ltr'><strong>quiritur,</strong></span> <span class='ocrx_word' id='word_1_260' title='bbox 377 3705 415 3748; x_wconf 85' lang='lat' dir='ltr'><strong>ea</strong></span> <span class='ocrx_word' id='word_1_261' title='bbox 430 3683 485 3752; x_wconf 89' lang='lat' dir='ltr'><strong>hic</strong></span> <span class='ocrx_word' id='word_1_262' title='bbox 497 3679 593 3749; x_wconf 83' lang='lat' dir='ltr'><strong>veluti</strong></span> <span class='ocrx_word' id='word_1_263' title='bbox 616 3683 803 3750; x_wconf 85' lang='lat' dir='ltr'><strong>adumbrata</strong></span> <span class='ocrx_word' id='word_1_264' title='bbox 825 3709 863 3750; x_wconf 81' lang='lat' dir='ltr'><strong>ex</strong></span> <span class='ocrx_word' id='word_1_265' title='bbox 880 3687 954 3776; x_wconf 85' lang='lat' dir='ltr'><strong>ipsis</strong></span> <span class='ocrx_word' id='word_1_266' title='bbox 970 3687 1154 3778; x_wconf 72' lang='lat' dir='ltr'><strong>scripturis</strong></span> <span class='ocrx_word' id='word_1_267' title='bbox 1172 3686 1258 3758; x_wconf 72' lang='lat' dir='ltr'><strong>culli·</strong></span> 
     </span>
    </p>
   </div>
   <div class='ocr_carea' id='block_1_3' title="bbox 108 3787 766 3882">
    <p class='ocr_par' dir='ltr' id='par_1_3' title="bbox 108 3787 766 3882">
     <span class='ocr_line' id='line_1_33' title="bbox 108 3787 766 3882; baseline -0.002 -22"><span class='ocrx_word' id='word_1_268' title='bbox 108 3787 110 3790; x_wconf 61' lang='grc'><strong>’</strong></span> <span class='ocrx_word' id='word_1_269' title='bbox 209 3787 323 3880; x_wconf 86' lang='lat' dir='ltr'><strong>gemus</strong></span> <span class='ocrx_word' id='word_1_270' title='bbox 334 3815 372 3860; x_wconf 87' lang='lat' dir='ltr'><strong>ac</strong></span> <span class='ocrx_word' id='word_1_271' title='bbox 383 3794 666 3861; x_wconf 85' lang='lat' dir='ltr'><strong>considerabimus.</strong></span> <span class='ocrx_word' id='word_1_272' title='bbox 756 3861 766 3882; x_wconf 61' lang='lat'>‚</span> 
     </span>
    </p>
   </div>
   <div class='ocr_carea' id='block_1_4' title="bbox 0 0 1303 4614">
    <p class='ocr_par' dir='ltr' id='par_1_4' title="bbox 0 0 1303 4614">
     <span class='ocr_line' id='line_1_34' title="bbox 0 0 1303 4614; baseline 0 0"><span class='ocrx_word' id='word_1_273' title='bbox 0 0 1303 4614; x_wconf 95' lang='lat' dir='ltr'><strong> </strong></span> 
     </span>
    </p>
   </div>
  </div>
 </body>
</html>
