2448 4610
233 223 297 300 458
550 233 723 282 reeusarit
747 235 958 282 serranorum

234 355 294 423 illis
313 352 394 423 male
411 367 552 432 utantur,
565 355 766 446 egritudines
783 357 880 422 animi
900 355 1037 445 vitiaque
1051 379 1103 422 seu
1116 357 1219 428 effectas

277 464 364 532 XVI.
381 467 502 532 Horum
513 467 605 554 eopia
619 467 686 555 ipsa
697 466 828 553 quidem
844 478 1027 556 suppetens,
1039 463 1152 534 tuscus
1163 492 1219 535 nore

234 576 322 642 tisera
340 587 403 650 est;
419 589 451 642 et
469 578 495 642 si
513 589 635 667 pereat,
657 575 766 642 salutis
789 586 961 648 causaest.
981 578 1030 643 Ab
1048 601 1083 642 ea
1098 579 1219 656 mnae

233 687 296 754 boo
310 699 370 763 est,
383 709 556 776 pauperem
571 685 756 771 nudamque
770 684 909 750 animam
925 695 1072 772 prestare
1086 659 1219 759 deustiti

233 819 296 886 que
311 798 377 884 jam
390 795 586 862 salvatorem
597 795 708 862 audire
723 794 906 861 dicentem:
923 793 954 857 V
955 796 1023 868 eni,
1040 815 1156 880 sequere
1164 759 1219 884 os‘i

232 905 289 973 Via
308 907 395 972 enim
409 907 475 995 ipse
492 917 569 971 tune
580 905 617 970 iit
631 905 763 976 habenti
774 927 830 971 eor
846 925 985 993 purum:
1000 905 1033 969 in
1047 905 1209 992 impuram·

234 1029 298 1082 tem
315 1017 455 1083 animam
474 1015 533 1082 Dei
551 1017 651 1104 gratia
666 1039 732 1081 non
747 1016 843 1083 subit.
866 1015 995 1104 Impura
1011 1025 1113 1079 nutem
1124 1026 1164 1078 est
1190 1052 1191 1055 =

232 1124 396 1191 desideriis
415 1125 514 1200 dives,
538 1123 710 1213 multisque
732 1125 908 1198 amoribus,
932 1125 1033 1212 iisque
1053 1147 1145 1190 saeenz
1181 1160 1183 1169 <

231 1232 306 1299 foeta
322 1247 370 1300 est
389 1247 485 1323 atque
499 1236 644 1324 parturit.
665 1235 746 1301 Nam
761 1237 830 1324 qui,
847 1235 1096 1324 possessionibus

230 1366 407 1432 eurumque
422 1355 454 1409 et
470 1356 638 1432 argentum
648 1356 681 1408 et
696 1343 807 1410 domos
821 1355 975 1432 tanquam
991 1341 1050 1410 Dei
1063 1342 1135 1409 dona
1151 1376 1169 1397 ι»
1184 1378 1197 1393 ¹-
1216 1391 1217 1394 ,

229 1453 362 1541 Deoque
382 1451 522 1542 largitori
544 1455 576 1518 in
597 1453 765 1519 hominum
785 1451 920 1519 salutem
941 1476 981 1518 ex
995 1454 1040 1518 eis
1061 1475 1093 1518 o:
1120 1482 1181 1509 o·
1208 1485 1215 1506 »-

229 1563 379 1650 novitque
394 1561 528 1627 fratrum
542 1561 648 1649 potius
663 1583 770 1638 eausa,
787 1573 885 1649 quam
905 1564 937 1627 in
953 1562 1001 1625 sui
1017 1562 1138 1650 gratiam
1149 1559 1198 1626 bet

228 1695 262 1737 se
276 1671 447 1760 possideri3
462 1672 632 1759 animoque
647 1694 743 1760 quum
756 1695 817 1761 pro
832 1669 958 1738 illerum
975 1671 1154 1760 possessione
1169 1708 1171 1725 ι

227 1779 371 1856 stantior,
385 1802 450 1846 non
462 1791 497 1845 ut
512 1803 620 1845 servus
636 1779 748 1867 bisque
760 1781 973 1869 mancipatus,
988 1803 1026 1848 ea
1041 1780 1173 1868 possidat}
1199 1819 1215 1827 v

227 1913 288 1975 qne
304 1891 410 1956 animo
432 1887 630 1965 circumfert,
648 1912 709 1955 neo
729 1889 775 1954 eis
793 1889 891 1954 vitam
912 1910 1005 1955 suam
1024 1885 1212 1960 definitissi-

227 1997 426 2074 cumscribit,
450 1997 506 2063 sed
528 2009 560 2063 et
580 1997 705 2063 bonesti
726 1994 845 2085 aliquid
867 1997 971 2086 operis
995 2009 1088 2086 atque
1107 1993 1215 2062 disioi'·

226 2103 344 2172 laboris
358 2116 481 2194 partem
497 2127 625 2193 semper
639 2105 782 2179 assumit,
799 2116 830 2170 et
846 2105 1014 2193 siquando
1029 2103 1164 2172 neeessei
1180 2134 1214 2164 aa

227 2215 287 2282 illis
303 2216 431 2306 privari,
448 2213 572 2304 placido
588 2214 695 2280 auimo
709 2214 841 2304 parique
859 2213 1018 2280 hilaritate
1029 2237 1130 2280 eorum
1206 2218 1211 2227 '

225 2337 293 2392 rar'n
306 2326 388 2391 ferre
399 2336 503 2414 potest
514 2347 552 2390 ae
567 2325 795 2391 abundantiam
809 2347 817 2388 :
833 2322 953 2390 hio'iile
968 2336 1017 2389 est
1031 2325 1084 2412 qui
1094 2323 1191 2388 abor
1208 2340 1214 2347 ·

224 2436 337 2501 beatus
358 2431 582 2523 preadicatur²‚
603 2445 636 2498 et
656 2455 777 2521 pauper
797 2432 908 2521 spiritu
929 2444 1075 2508 roeetnr,
1096 2427 1187 2518 expedi

224 2545 325 2610 haeres
340 2544 428 2632 regni
443 2541 610 2618 coelorum,
627 2565 691 2609 non
707 2542 762 2629 qui
777 2541 957 2608 divitiarum
972 2540 1210 2630 impuriensem

225 2648 315 2718 cultu
331 2651 435 2716 vivere
450 2674 515 2716 non
530 2661 645 2739 potest.

267 2759 370 2827 XVII.
389 2761 496 2849 Atqui
511 2759 572 2825 t'ert
582 2781 659 2849 opes
671 2760 703 2826 in
715 2759 835 2837 animo,
847 2773 880 2827 et
894 2759 967 2829 loeo
978 2755 1209 2850 Spirbusbu‘irt

225 2892 338 2934 aurum
359 2869 392 2934 in
417 2868 514 2936 eorde
537 2870 601 2935 sive
621 2893 746 2958 agrum,
766 2868 917 2959 nulloque
940 2871 976 2936 iis
999 2869 1131 2936 adhibito
1206 2870 1209 2886 ¹

142 3069 145 3075 Ι
223 2979 340 3069 praedia
352 2993 386 3046 et
399 2980 748 3069 possessiones'sempor
757 2991 864 3069 auget,
878 3001 916 3046 ao
927 2981 1068 3067 quotidie
1082 2977 1131 3043 alia
1140 2973 1207 3064 plut·

223 3111 286 3176 que
299 3090 405 3156 animo
417 3089 548 3178 cogitet,
558 3090 717 3155 interram
730 3113 850 3178 pronus
863 3111 1077 3176 cernuusque,
1090 3109 1123 3154 ao
1133 3073 1207 3150 nul

222 3198 343 3288 laqueis
363 3201 515 3276 irretitus,
534 3201 587 3288 qui
603 3213 686 3265 terre
703 3201 743 3265 sit
758 3213 790 3266 et
812 3201 844 3266 in
867 3211 985 3266 terram
1004 3193 1203 3268 reversurasstt

224 3309 309 3374 unde
324 3310 350 3375 is
365 3311 452 3399 regni
467 3306 622 3375 eoelorum
639 3308 794 3376 desiderio
816 3308 1011 3377 accendatur
1032 3332 1069 3376 ao
1085 3308 1142 3397 ejus
1156 3316 1205 3368 en

224 3416 306 3483 affici
329 3417 452 3506 possit?
466 3416 564 3483 bomo
586 3414 718 3493 seilicet,
742 3417 796 3507 qui
818 3441 883 3484 nou
902 3440 971 3493 eor,
992 3417 1047 3484 sed
1067 3417 1202 3505 agrumttt

223 3525 386 3593 metallum
408 3538 508 3617 gerat,
525 3551 620 3616 quern
637 3526 730 3616 plane
746 3551 876 3595 neeesse
892 3529 933 3594 sit
954 3527 1039 3593 iniis
1057 3513 1205 3614 drpoeffi

221 3658 360 3723 quorum
376 3659 483 3703 amore
499 3648 610 3726 eaptus
628 3637 742 3703 existit.
758 3636 818 3703 Ubi
835 3636 921 3703 enim
935 3648 984 3704 est
998 3659 1081 3702 mens
1096 3625 1200 3698 hoaut

221 3744 266 3812 ibi
282 3756 315 3810 et
329 3745 496 3831 thesaurus
507 3747 576 3834 ejus
590 3745 668 3813 est'.
685 3743 853 3836 Duplieem
864 3769 960 3834 porro
974 3745 1135 3814 thesaurum
1142 3731 1199 3801 Νὴ

257 3873 896 3938 ¹biaro.x,21.-·²Msttb.r‚3.-⁸1d.rr‚ar.
