2614 4628
201 231 241 294 82
460 273 463 278 »
562 251 593 294 u.
621 251 749 302 utuurn
773 251 891 299 sunteas

198 390 262 433 non
276 367 345 434 dari
362 365 577 444 sacultuibns,
589 393 650 436 nee
663 370 768 436 studio
780 370 897 458 parari,
910 368 966 436 sed
981 391 1056 438 eum
1068 369 1133 458 ipsa
1145 389 1234 434 men·

198 479 237 543 tis
253 478 444 546 formatione
457 480 612 568 generari.
633 478 717 547 Nihil
733 482 840 569 itaque
856 478 1099 570 indignandum,
1115 477 1165 545 vel
1179 479 1238 544 do-

197 587 340 665 lendum,
354 589 379 655 si
394 590 587 679 quicumque
603 590 643 656 de
661 589 773 656 divinis
785 600 919 678 quaerat,
932 589 1058 665 sentiat,
1071 587 1232 678 proferat3

197 719 272 764 eum
289 721 352 764 non
370 698 557 787 disputantis
572 699 756 776 auctoritas,
770 700 825 765 sed
840 698 1061 788 disputationis
1072 698 1171 788 ipsius
1185 719 1239 761 ve·

197 808 272 872 ritas
292 808 497 895 requiratur:
517 822 613 898 atque
631 811 740 885 etiam,
759 833 823 898 quo
842 809 1019 899 imperitior
1036 831 1154 884 sermo,
1172 807 1237 873 boo

199 915 349 983 illustrior
365 919 447 984 ratio
462 932 524 993 est:
544 920 696 1009 quonium
716 944 780 987 non
798 919 926 988 lucatur
942 942 1059 1010 pompa
1079 917 1238 988 facundiae

199 1037 231 1092 et
249 1027 369 1115 gratias,
382 1028 451 1104 sed,
463 1042 499 1094 ut
510 1041 571 1104 est,
588 1029 667 1095 recti
680 1027 787 1118 regula
803 1029 989 1095 sustinetur.

242 1135 345 1202 XVll.
357 1135 422 1204 Nec
434 1161 559 1214 recuso,
569 1139 656 1225 quod
668 1137 813 1206 Caeeilius
829 1137 967 1204 asserere
979 1138 1061 1203 inter
1075 1137 1238 1225 praecipua

201 1247 351 1312 connisus
366 1259 426 1323 est,
442 1247 606 1313 hominem
622 1271 715 1314 nosse
736 1271 769 1316 se
789 1259 821 1313 et
839 1247 1086 1336 circumspicere
1103 1246 1236 1324 debere,

202 1357 279 1446 quid
294 1357 345 1433 sit,
364 1357 448 1422 unde
463 1357 516 1434 sit,
538 1381 637 1445 quare
656 1359 714 1430 sits
732 1369 841 1424 utrum
865 1355 1030 1424 elementis
1052 1370 1238 1435 concretus,

201 1491 241 1533 an
261 1465 469 1558 concinnatus
485 1468 611 1544 atomis,
633 1490 674 1533 an
689 1468 794 1556 potius
815 1468 917 1535 aDeo
936 1466 1052 1542 sactus,
1068 1465 1237 1544 formatus,

201 1578 369 1645 animatus.
397 1577 494 1656 Quod
509 1579 612 1667 ipsum
629 1577 793 1667 explorare
809 1590 842 1644 et
861 1600 974 1643 eruere
994 1577 1062 1642 sine
1079 1578 1235 1644 universi-

203 1690 275 1754 tatis
290 1689 491 1777 inquisitione
508 1713 571 1755 non
586 1711 768 1777 possumus,
786 1709 861 1754 eum
877 1687 918 1756 ite
935 1687 1141 1763 colraerentia,
1156 1711 1239 1754 con-

203 1823 295 1876 nexa,
314 1810 523 1866 concatenata
547 1799 622 1876 sint,
642 1811 691 1875 ut,
712 1799 773 1864 nisi
792 1798 962 1864 divinitatis
986 1798 1144 1864 rationem
1164 1797 1237 1863 dili-

204 1922 315 2000 genter
331 1894 520 1986 excusseris,
537 1909 658 1976 neseias
673 1908 897 1982 humanitatis3
914 1929 974 1976 nec
988 1908 1090 1997 possis
1103 1905 1238 1999 pulchre

204 2043 314 2108 gerere
330 2043 398 2086 rem
414 2018 554 2096 civilem,
573 2019 633 2086 nisi
653 2020 839 2109 cognoveris
854 2019 938 2084 hane
953 2041 1159 2085 communem
1174 2042 1242 2085 om·

204 2131 294 2195 nium
311 2128 422 2195 mundi
440 2131 602 2197 civitatem
622 2154 630 2195 :
650 2130 810 2220 praecipue
828 2151 902 2194 eum
919 2153 937 2193 a
955 2128 1028 2196 seris
1046 2127 1161 2195 belluis
1179 2130 1243 2196 hoc

205 2240 401 2318 differamus,
420 2241 506 2331 quod
524 2239 576 2306 illa
591 2264 705 2332 prona,
723 2240 755 2306 in
774 2252 954 2327 terramque
969 2227 1144 2329 vergentid,
1161 2238 1243 2307 nihil

206 2363 278 2418 nata
290 2352 353 2416 sint
364 2351 558 2442 prospicere,
571 2353 631 2418 uisi
645 2350 815 2441 pabulum;
835 2373 892 2416 nos
904 2351 1019 2438 quibus
1031 2348 1138 2416 vultus
1157 2373 1244 2418 erec

206 2459 270 2538 lus,
284 2462 400 2550 quibus
420 2474 585 2552 suspectus
597 2463 630 2528 in
646 2461 763 2529 coslum
779 2461 871 2526 datus
883 2473 944 2536 est,
955 2465 1079 2536 sermo,
1098 2471 1131 2526 et
1147 2461 1243 2537 ratio,

206 2594 264 2660 per
279 2594 350 2660 quae
365 2573 469 2638 Deum
484 2573 697 2662 agnoscimus,
718 2572 884 2646 sentimus,
901 2570 1079 2647 imitamur,
1095 2570 1243 2661 ignorare

208 2703 269 2748 nec
283 2681 330 2747 fas
345 2705 406 2748 nec
420 2680 495 2748 lieet
510 2683 708 2772 ingerentem
723 2705 792 2748 sese
809 2679 908 2748 oeulis
924 2693 956 2746 et
967 2681 1112 2748 sensibus
1128 2683 1245 2750 nostris

208 2788 370 2858 colestem
386 2789 574 2858 cleritatem.
590 2791 752 2883 Sacrilegii
764 2792 850 2858 enim
863 2791 912 2857 vel
927 2791 1055 2858 maximi
1072 2791 1174 2857 instar
1185 2804 1245 2868 est,

208 2901 297 2968 humi
310 2924 451 2989 quaerere
467 2902 553 2989 quod
566 2903 597 2968 in
612 2902 739 2970 sublimi
755 2903 871 2969 debeas
890 2901 1043 2968 invenire.
1059 2901 1134 2980 Quo
1146 2903 1247 2992 magis

209 3012 286 3078 mibi
304 3012 465 3088 videntur,
481 3014 535 3102 qui
547 3012 635 3080 hune
653 3013 765 3081 mundi
778 3014 874 3077 totius
892 3024 1041 3078 ornatum
1061 3035 1127 3078 non
1140 3012 1246 3102 divina

210 3123 332 3188 ratione
355 3122 533 3212 perlectum
552 3122 682 3202 volunt,
701 3123 759 3199 sed
780 3121 886 3188 frustis
909 3121 1102 3210 quibusdum
1125 3134 1248 3191 temere

210 3231 444 3300 coherentibus
460 3231 700 3323 conglobatum,
713 3243 867 3312 mentem,
881 3253 1023 3308 sensum,
1035 3229 1149 3300 oculos
1161 3232 1248 3300 deni-

210 3363 274 3429 qne
289 3341 372 3430 ipsos
388 3367 452 3410 non
464 3343 594 3410 habere.
612 3343 699 3423 Quid
710 3343 796 3409 enim
807 3351 991 3430 potestesse
1006 3353 1072 3408 tam
1084 3349 1246 3432 apertum,

211 3463 277 3516 tam
292 3451 486 3530 consessum,
510 3465 639 3542 tamque
662 3451 881 3540 perspicuum,
904 3475 980 3518 oum
995 3450 1106 3518 oeulos
1129 3453 1164 3518 in
1181 3473 1248 3520 οω-

211 3557 279 3624 lum
292 3547 467 3637 sustuleris,
480 3573 512 3626 et
523 3585 594 3651 quae
605 3573 679 3629 sunt
689 3560 769 3626 infra
782 3547 930 3650 circaque
942 3561 1138 3638 lustraveris,
1151 3584 1255 3652 quam,

212 3690 281 3732 esse
311 3667 439 3758 aliquod
470 3694 589 3738 numen
619 3670 882 3762 praestantissimae
900 3651 1032 3749 nanta,
1059 3695 1125 3761 quo
1145 3672 1250 3740 omnis

213 3789 326 3842 natura
348 3778 531 3868 inspiretur,
548 3793 726 3857 moveatur,
747 3766 861 3857 alatur,
881 3780 1099 3878 gubernetur?
1122 3781 1250 3848 Coelum

213 3885 316 3975 ipsum
332 3887 404 3954 vide
422 3912 518 3977 quum
537 3889 599 3959 late
619 3873 1180 3994 tendild'rj,quamlrupide'tolvitnr,
1200 3889 1247 3959 vel

861 4137 870 4174 l
