2570 4614
384 303 583 360 rnnaooeus,
606 305 666 348 nu.
695 307 716 348 1.
1007 279 1066 357 ali

31 421 182 488 boratum
200 408 509 502 eetnutrimentum,
528 439 562 491 ut
580 425 672 492 facile
686 423 878 513 capiendum
897 421 1068 488 exhibeant

30 529 157 608 edocta,
185 533 226 598 ad
248 533 357 602 salutis
376 537 593 604 refectionem.
624 538 694 604 Non
716 537 802 602 enim
826 547 978 622 tanqum
995 533 1068 598 fou-

30 645 189 709 tesubera
207 657 323 735 pareto
345 647 427 715 lacte
448 650 601 715 influente
623 649 716 739 plena
735 660 821 723 sunt,
847 645 916 720 sed,
938 641 1067 708 alimen·

30 765 94 820 tum
116 758 292 833 mutantia,
316 757 366 825 lae
386 760 419 826 in
443 783 476 826 se
498 761 572 851 ipsis
594 760 737 826 ellieiunt
761 769 793 824 et
817 754 980 854 enbelant.¹
999 750 1067 819 lti-

30 875 172 930 mentum
211 877 334 946 autem,
366 871 452 958 quod
486 883 535 936 est
560 872 665 960 ipsum
699 868 888 936 conveniens
915 887 954 930 ae
975 860 1067 927 'utile

30 973 131 1064 puello
155 990 308 1043 reeenter
327 991 496 1068 compacto
517 993 550 1044 et
572 993 661 1056 neto,
680 1004 698 1045 a
721 979 789 1045 Deo
808 975 909 1042 altore
927 985 960 1039 et
976 984 1066 1062 patre

31 1105 135 1151 eorum
149 1087 210 1174 qui
228 1101 423 1176 generentur
437 1101 470 1154 et
485 1101 725 1179 regenerantur,
743 1086 937 1157 elaboratur.
951 1105 1066 1173 quem-

32 1193 203 1261 admodum
237 1199 398 1264 veteribus
425 1199 566 1264 llebraeis
588 1221 705 1265 manne
736 1195 860 1263 coelitus
885 1194 1063 1269 defluebat,

33 1303 152 1371 celeste
173 1305 377 1395 Angelorum
397 1308 639 1373 nutrimentum.
660 1305 750 1372 Unde
774 1318 808 1372 et
830 1329 917 1371 nuno
939 1325 1067 1393 quoque

37 1415 179 1492 nutriees,
204 1441 277 1482 eam
300 1439 371 1505 quse
390 1418 531 1507 primum
548 1417 691 1496 funditur
704 1415 794 1482 lactis
816 1416 992 1505 potionem,
1009 1437 1082 1494 θος

37 1523 102 1590 dem
120 1549 187 1613 quo
209 1524 290 1590 illutl
315 1527 547 1603 nutrimentum
568 1527 709 1602 nomine,
731 1547 862 1591 outone
884 1521 1066 1614 appellave-

37 1645 114 1699 runt.
136 1635 303 1700 Caeterum
320 1633 469 1701 mulieres
483 1635 611 1724 quidem
627 1646 837 1724 praegnantes,
856 1657 931 1702 cum
948 1644 1066 1698 matres

38 1743 119 1810 foeta
130 1745 263 1821 fuerint,
275 1743 326 1811 lae
340 1745 503 1811 emittunt.
520 1744 674 1810 Dominus
689 1753 798 1810 autem
811 1741 971 1818 Christus,
985 1739 1067 1804 fruo-

38 1867 86 1920 tus
105 1855 256 1945 Virginis,
278 1879 345 1922 non
366 1857 460 1921 beata
483 1855 573 1920 duxit
593 1855 692 1918 ubera
708 1853 871 1929 foeminea,
888 1875 949 1916 neo
969 1875 1006 1917 ea
1025 1848 1066 1915 ad

43 1966 263 2032 nutrimentum
281 1963 426 2055 delegit:
441 1965 496 2040 sed
520 1989 593 2032 cum
614 1989 723 2032 amans
743 1978 777 2032 et
797 1965 954 2054 benignus
973 1962 1066 2028 Pater

44 2071 178 2139 Verbum
189 2073 371 2164 impluisset,
384 2077 487 2166 ipsum
494 2077 561 2165 jam
575 2074 735 2166 spirituale
747 2073 932 2141 alimentum
944 2073 1064 2139 factum

44 2195 92 2249 est
105 2187 191 2251 bonis
208 2173 399 2254 hominibusi
419 2188 449 2254 Ο
464 2185 656 2253 miraculum
671 2187 843 2275 mysticum
859 2188 868 2249 l
886 2184 973 2250 Unus
992 2184 1065 2273 qui-

45 2285 112 2361 dem
123 2309 167 2362 est
178 2299 393 2365 universorum
408 2297 510 2365 Pater.
531 2299 642 2364 Unum
657 2310 704 2363 est
719 2297 815 2363 etiam
829 2294 972 2362 Verbum
991 2293 1063 2358 uni·

43 2427 204 2485 senonim,
226 2421 259 2474 et
284 2409 421 2499 Spiritus
447 2421 575 2477 sanctus
598 2431 693 2485 unus,
717 2421 750 2473 et
772 2408 840 2497 ipse
860 2418 910 2472 est
930 2404 1059 2493 ubique.

42 2515 101 2581 Una
119 2531 223 2586 autem
242 2517 309 2584 sola
331 2531 380 2585 est
400 2532 503 2585 mater
518 2520 627 2608 virgo:
647 2517 726 2588 mihi
746 2529 853 2584 autem
871 2515 977 2606 placet
993 2536 1063 2580 eam

38 2649 142 2694 vocare
159 2627 346 2696 Ecclesiam.
368 2630 433 2696 Lao
456 2655 521 2696 non
540 2630 653 2698 babuit
676 2642 778 2697 mater
797 2627 865 2696 baec
881 2627 961 2700 sola,
980 2650 1064 2717 quo-

37 2738 114 2804 niam
130 2737 277 2806 selenen
292 2739 352 2805 fuit
365 2738 490 2805 mulier.
510 2738 606 2830 Virgo
620 2754 668 2806 est
683 2753 789 2808 autem
811 2737 917 2815 simul,
938 2751 971 2804 et
990 2729 1063 2805 ma·

39 2855 100 2911 ter:
115 2848 235 2939 integra
251 2849 381 2937 quidem
397 2859 429 2913 et
444 2847 606 2926 inviolata,
619 2862 655 2916 ut
676 2853 764 2941 virgo
783 2875 792 2916 ε
812 2873 921 2918 amans
936 2861 1057 2924 autem,

40 2966 74 3018 ut
94 2969 190 3022 meter
211 2983 221 3024 :
240 2981 313 3048 quae
331 2981 405 3024 suos
431 2981 596 3026 accersens
622 2959 805 3038 infantulos,
829 2973 950 3027 saneto·
962 2959 1058 3035 laete,

39 3089 145 3160 nempe
165 3069 274 3138 Verbo
293 3071 443 3149 infantili,
466 3075 595 3140 enutrit.
622 3075 698 3141 ldeo
719 3087 827 3142 autem
844 3075 894 3142 lae
920 3098 985 3141 non
1006 3073 1061 3140 ha-

38 3179 113 3257 buit,
129 3185 213 3272 quod
228 3183 278 3251 luo
294 3196 377 3251 esset
394 3183 449 3250 bie
464 3184 637 3252 infantulus
652 3185 788 3277 pulcher
806 3199 838 3252 et
853 3187 1059 3273 conjunctus,

37 3290 150 3360 seilicet
174 3318 290 3386 eorpus
313 3297 449 3375 Christi,
476 3321 595 3365 novum
612 3311 731 3366 coetum
757 3295 865 3362 Verbo
891 3297 1060 3362 nutriens.-

38 3423 125 3488 quem
151 3404 218 3493 ipse
234 3405 391 3474 Dominus
417 3405 536 3474 carnali
566 3405 674 3473 dolore
697 3408 822 3498 peperit
843 3429 851 3472 a
871 3429 968 3497 quem
992 3407 1059 3497 ipse

39 3509 132 3578 bacis
158 3512 293 3605 alligavit
319 3517 488 3593 Dominus,
514 3518 654 3607 pretioso
676 3517 838 3606 sanguine.
863 3516 893 3582 0
915 3529 1059 3583 sanctum

39 3624 221 3708 partemio
247 3638 372 3692 sanctas
413 3626 547 3693 fasciati
572 3625 716 3694 Verbum
742 3636 791 3691 est
813 3626 917 3692 omnia
932 3627 1056 3705 infenti,

39 3741 68 3794 et
85 3744 188 3820 pater,
207 3746 238 3801 et
257 3747 373 3812 mater,
397 3749 430 3802 et
450 3738 653 3828 paedagogus,
676 3749 709 3802 et
735 3735 835 3802 altor:
850 3765 862 3798 r
878 3737 1055 3834 comedite,

37 3839 197 3928 vitiato,
206 3867 307 3912 meam
319 3869 462 3926 earnem,
471 3860 503 3916 et
511 3849 610 3918 bibite
619 3866 727 3916 meum
735 3849 919 3938 sanguinem
927 3848 949 3914 ².
962 3851 1058 3916 »Haec

69 3997 419 4075 ιῪὶάο1).(ὶιιῐιιοιι,ρ.4υ.
777 4007 1014 4072 ’toan.vr,55,5t·
