2478 4594
217 335 227 342 ,
326 291 515 337 srnottsrutr
538 295 598 338 ΗΒ.
626 295 668 338 vt.
724 330 729 340 .

23 414 108 484 lusus
119 431 187 478 curu
201 409 360 501 Theognis
372 411 476 478 dicate
505 423 508 430 '

92 543 147 617 Qui
156 541 271 613 exulat,
287 552 333 602 est
343 542 387 600 illi
403 561 464 629 npn
479 541 558 603 ullus
570 542 646 602 lidus
662 544 795 610 amicus;

23 662 72 728 'ecit
84 659 240 750 Euripides
255 683 263 724 :

90 789 192 850 Procul
203 791 279 867 fugit
289 791 388 868 quivis
399 791 514 850 amicus
526 809 701 871 pauperem.

23 907 39 972 t
48 929 117 973 cum
130 903 253 970 dixisset
265 903 496 993 Epicharmus:
517 905 570 970 «0
586 903 669 980 filia,
681 903 733 970 hei
744 901 842 981 mihi,
859 924 935 969 cum
948 926 1023 991 qua-

23 1037 87 1082 nam
102 1013 221 1080 senune
238 1035 291 1080 mc
304 1012 382 1078 fecis
399 1011 564 1090 hahitare,
580 1025 609 1078 et
623 1013 808 1102 subjungat,
831 1011 922 1078 Nunc
938 1011 964 1075 is
981 1008 1024 1076 al·

23 1133 114 1190 teram
130 1121 259 1188 maritus
283 1121 379 1186 sumit
397 1119 687 1196 adolescentulam,
704 1118 801 1186 altera
817 1132 922 1187 autem
934 1141 1023 1208 quae-

24 1231 62 1298 rit
72 1228 206 1302 elium»
224 1227 335 1294 scribit
348 1227 534 1318 Euripides:

94 1359 281 1436 conjungere
295 1357 398 1435 juveni
414 1369 460 1418 est
470 1359 605 1439 prolecto
617 1370 705 1442 turpe
716 1377 820 1418 anum.
907 1367 912 1378 “

95 1459 225 1536 Namque
239 1455 288 1516 hic
303 1457 384 1516 edire
401 1460 491 1536 gestit
504 1457 543 1516 sd
557 1458 768 1534 juvenculam,

96 1557 151 1616 Sed
162 1555 349 1616 machinetur
360 1559 423 1636 ipsa
438 1575 529 1636 egens
544 1557 588 1616 illi
603 1558 727 1616 malurn.

23 1686 143 1744 raeterea
158 1697 232 1741 cum
247 1673 414 1764 Euripides
430 1675 560 1762 quidem
577 1675 706 1742 dixisset
721 1675 754 1740 in
769 1671 900 1740 Medea:

91 1806 209 1864 Etenim
220 1802 291 1862 mali
307 1821 418 1862 munus
431 1806 488 1862 riri
502 1801 583 1862 haud
598 1816 642 1862 est
657 1802 749 1874 utile;

23 1921 166 2014 uphccles
176 1923 208 1988 in
224 1920 322 2010 Aiace
337 1917 546 2010 flagellilcre,
562 1919 639 1986 dicit
655 1915 733 1985 illud
749 1919 944 1986 iambicum:

93 2054 177 2112 Dona
188 2049 322 2110 bestium
340 2068 401 2109 nnn
415 2048 493 2109 done
505 2058 590 2121 sunt,
610 2067 665 2107 nec
676 2047 852 2128 proderunt.

23 2189 72 2234 tm
87 2179 193 2232 autem
209 2165 334 2231 iecisset
352 2160 473 2232 Solen:

93 2294 234 2354 Nascitur
247 2311 285 2352 ex
296 2294 398 2352 nimiis
413 2292 521 2373 opibus
536 2293 700 2377 petulentia
717 2293 832 2362 multa;

23 2407 110 2475 dem
125 2405 223 2471 modo
234 2404 345 2472 scribit
355 2404 534 2496 Theognis:
931 2382 934 2386 ⁵

97 2529 236 2590 Nascitur
245 2550 282 2590 ex
295 2533 397 2591 nimiis
411 2532 519 2611 opibus
530 2529 695 2611 petulentia
708 2534 818 2611 pravis.

23 2643 191 2711 rdeetiam
204 2643 408 2733 Thucydides
420 2646 453 2712 in
465 2645 625 2712 historiis:
645 2643 1029 2737 «Solenteutem‚inquit,
1093 2681 1096 2689 ·

23 2749 164 2820 ermulti
186 2751 331 2818 homines
355 2753 470 2842 qrrihus
496 2754 637 2822 maxime
659 2776 709 2819 res
725 2754 872 2821 secundae
888 2755 1027 2844 aliquan·

23 2861 113 2950 isper
124 2851 318 2937 euenerunt,
336 2859 405 2926 lieri
421 2859 602 2928 insolentes.
614 2888 627 2922 s
641 2859 789 2928 Philistus
805 2886 934 2950 quoque
948 2865 1033 2932 simi·

23 2993 59 3035 er
75 2967 193 3035 eadem
211 2969 373 3046 imitatur,
390 2969 436 3036 sic
451 2969 578 3036 dicens:
610 2967 731 3036 «Multa
748 2983 855 3037 autem
872 2994 942 3059 quae
958 2993 1032 3036 con·

23 3079 181 3145 enienter
198 3078 312 3144 rationi
339 3076 473 3144 feliciter
491 3078 670 3145 succedunt
684 3077 886 3156 hominihus,
910 3089 1034 3144 suntet

23 3187 47 3253 d
80 3186 205 3252 famam
226 3199 259 3252 et
285 3179 458 3253 adrerum
481 3187 684 3253 adversarum
706 3188 887 3254 cautionem
902 3187 1030 3254 tutiora.

23 3293 146 3377 luibus
160 3294 247 3360 enim
264 3306 380 3383 praeter
401 3316 491 3384 spem
507 3306 539 3359 et
554 3296 807 3385 expectationem
822 3318 873 3360 res
884 3295 1033 3361 secunde

23 3402 172 3470 ccidunt
183 3453 192 3478 ‚
205 3401 307 3469 solent
318 3403 452 3470 evadere
467 3401 670 3470 insolentes·
692 3404 812 3474 Rursus
823 3426 898 3471 cum
909 3403 1034 3473 fecisset

23 3511 183 3602 rripides:

94 3650 143 3709 Ex
158 3660 244 3729 patre
259 3650 322 3708 neti
336 3661 490 3727 matreque
503 3649 607 3709 itidem
619 3651 671 3726 qui
687 3651 791 3710 colunt

90 3750 198 3809 Vitam
213 3767 348 3809 severam
362 3792 371 3826 ‚
387 3749 440 3809 filli
455 3761 524 3809 sunt
540 3750 670 3831 optimi;

23 3889 104 3956 ibit
122 3887 258 3956 Critias:
278 3888 420 3978 «Incipio
435 3901 543 3956 eutem
560 3891 601 3956 ab
620 3901 693 3956 ertu
708 3890 863 3967 hominis,
880 3892 1036 3980 quemad-
