2546 4614
203 295 267 372 lod
611 312 637 352 a.
665 311 833 354 maromr

203 429 358 498 ιοοΙιιιιο.
377 431 506 498 llabetis
520 431 605 496 enim
620 431 710 498 vobis
725 419 794 522 jam
814 433 849 498 iu
871 431 966 497 caelis
986 435 1147 522 repodtan
1163 437 1200 498 ιιι

203 564 242 609 ac
254 541 497 630 incorruptionis
507 561 658 607 coromm
667 540 690 606 ¹.

255 651 395 718 XXXll.
417 651 476 718 llic
498 672 618 736 queso,
641 651 733 716 beate
751 651 878 717 Daniel.
902 652 1039 718 Certam
1059 651 1132 718 nubi
1145 652 1205 718 aar

206 761 317 835 fidem,
335 762 475 827 obsecro.
491 759 679 827 Vaticinaris
694 760 734 826 de
751 759 852 828 leaena
868 762 1042 851 Babylone
1058 762 1087 837 ’ς
1103 763 1140 829 ibi
1152 765 1206 828 ὼ

205 872 347 962 captivus
357 870 541 937 versabaris.
556 870 695 936 Narracti
707 893 779 958 quae
793 885 888 938 eraut
901 873 1014 938 littura
1026 873 1068 938 de
1079 896 1145 939 urso
1154 897 1162 937 ι
1171 873 1206 938 ad

205 981 270 1048 buc
284 981 368 1046 enim
390 982 461 1046 ritae
480 992 637 1070 superstes
655 1004 737 1058 eras,
753 1005 856 1072 eaque
877 983 965 1050 lacta
989 984 1101 1050 vidisti.
1119 984 1204 1050 lln'adr

202 1090 337 1181 pardum
352 1090 431 1156 milri
445 1089 582 1178 loqueris
590 1114 601 1163 ς
619 1090 779 1156 undenam
793 1113 871 1157 vero
883 1104 923 1157 ut
936 1092 1010 1158 haec
1019 1093 1204 1180 acireffljn

202 1199 287 1267 euim
299 1198 469 1266 defunctus
480 1197 820 1290 ereaQuishaecloqui
831 1199 963 1276 docuit,
973 1202 1202 1290 nisiquiexutur

201 1311 311 1376 matria
331 1323 364 1376 te
388 1309 576 1376 formarit⁸l
590 1308 687 1386 Deus,
707 1309 763 1376 aie.
787 1311 905 1378 Dixisti
925 1313 1028 1389 enim,
1046 1336 1101 1378 nm
1116 1310 1198 1378 aaa

201 1419 326 1488 locatus
341 1419 400 1487 αι’.
415 1419 558 1486 Surrexit
571 1419 713 1509 pardus:
731 1421 817 1486 venit
831 1421 956 1487 hoedns
973 1445 1117 1512 caprarum
1128 1445 1194 1510 :per

202 1531 300 1598 cussit
314 1531 464 1604 arietem
479 1531 627 1597 contrivit
643 1553 759 1597 cornua
775 1532 864 1619 ejns3
885 1531 1073 1599 conculcarit
1080 1554 1187 1620 eunpe·
1254 1519 1255 1584 l

201 1641 312 1717 dibusz
323 1639 406 1708 illius
416 1643 534 1732 potitus
543 1653 613 1708 est:
628 1641 778 1707 exaltatus
788 1653 838 1708 eet
849 1643 885 1708 in
898 1642 1172 1730 ιιιίιιιιῇιιιςειιιιιιιι

201 1765 278 1818 runt
292 1753 350 1818 sub
366 1750 420 1818 illo
434 1764 571 1841 quatuor
581 1773 710 1817 cornua.
724 1750 856 1826 Lutum,
871 1753 977 1816 beate
985 1748 1170 1816 llarieltruau

202 1863 376 1954 deceptus:
395 1860 592 1929 cunctahaec
607 1884 749 1927 evenere.
1254 1903 1255 1924 r

247 1971 403 2040 XXXlll.
418 1971 491 2037 Post
504 1971 574 2039 haec
588 1972 666 2038 mihi
678 1993 787 2038 rursus
801 1996 919 2040 enarra
934 1973 1190 2064 quarunhetm
1251 1933 1255 2040 l

203 2083 402 2152 tremendam
422 2080 508 2150 illam
526 2094 622 2172 atque
641 2083 829 2172 stupendam
849 2108 858 2148 ι
877 2111 891 2146 ι
908 2085 1030 2154 Dentes
1045 2088 1104 2172 eim
1115 2082 1193 2156 tera,
1254 2119 1255 2132 2

201 2223 215 2258 ι
230 2206 264 2262 et
276 2215 396 2282 ungues
406 2191 476 2280 ejus
486 2191 578 2267 enei,
586 2191 756 2258 comedens
766 2204 799 2257 et
810 2195 1051 2268 comminuens,
1062 2192 1194 2258 ecreaidu

199 2329 214 2367 ι
225 2301 360 2392 pedibus
372 2300 434 2366 suia
447 2296 664 2366 conculcabat.
679 2327 692 2362 ι
709 2298 783 2365 Jam
796 2322 885 2366 nunc
895 2300 1023 2367 serrum
1034 2302 1194 2368 dominatur:

199 2417 266 2505 jam
280 2414 409 2480 edomat
422 2422 455 2476 et
475 2409 662 2476 comminuit
677 2411 806 2474 omnia:
823 2411 890 2498 jam
912 2411 1034 2478 invitos
1052 2435 1143 2478 omnes
1153 2411 1195 2476 ut

98 2533 102 2542 “
199 2526 313 2615 jugum
328 2522 434 2588 mittit.
452 2519 527 2586 llaec
541 2543 598 2585 uos
614 2521 679 2608 jam
694 2519 837 2585 videmus
849 2542 858 2584 t
872 2521 942 2606 jam
955 2545 974 2587 a
987 2535 1023 2588 te
1037 2522 1191 2590 docu'llem

198 2632 422 2726 glorificamus.

242 2741 397 2811 XXXIV.
421 2743 581 2822 Quoniam
596 2763 670 2806 vero
685 2743 884 2831 propositum
901 2745 1002 2810 nobie
1028 2740 1177 2811 serente

199 2853 364 2923 Meretrice
378 2851 594 2940 loqueremur,
606 2851 727 2930 adesto,
744 2853 836 2918 beato
846 2852 939 2917 Esaia
957 2877 967 2918 ε
982 2855 1126 2921 rideamus
1136 2848 1188 2938 qil

199 2967 287 3035 dicas
310 2965 349 3032 de
365 2960 528 3051 Babylone
546 2986 554 3029 :
573 2961 778 3037 «Descende,
794 2961 868 3027 sede
890 2961 924 3027 in
945 2973 1053 3042 terra,
1067 2962 1121 3028 lilia
1133 2956 1198 3025 de

199 3077 397 3144 rdaeorum:
420 3096 485 3139 uon
508 3069 641 3161 amplius
663 3071 830 3160 adjicietur
851 3071 911 3137 tibi
934 3084 975 3137 ut
996 3069 1199 3141 roeortsnotb

197 3218 211 3256 ι
230 3199 262 3256 et
273 3185 417 3254 delicata.
426 3181 515 3249 Tolle
526 3180 660 3256 molamr
675 3181 761 3248 mole
771 3182 920 3249 sannamz
933 3183 1044 3251 revela
1056 3185 1203 3274 operirem

196 3329 210 3364 ι
230 3311 299 3367 tum
314 3309 418 3372 tuum,
431 3295 506 3360 rede
520 3315 629 3366 canus,
643 3291 819 3385 discooperi
833 3293 941 3370 tibias,
958 3297 1060 3361 transi
1075 3294 1202 3359 lluminr:

196 3437 210 3474 ι
229 3407 419 3476 revelabitur
433 3402 596 3492 turpitudo
609 3414 682 3468 tua:
697 3404 895 3492 apparebunt
911 3407 1082 3494 opprobria
1091 3417 1159 3476 tua;
1173 3401 1205 3467 nl

197 3520 345 3584 »tionem
366 3538 405 3581 ex
430 3527 463 3579 te
487 3535 636 3580 sumamt
663 3537 863 3602 nequaquam
886 3513 971 3581 ultra
993 3529 1026 3582 tc
1048 3515 1206 3582 huminibus

194 3627 356 3691 »tradam
376 3623 439 3704 Qui
455 3623 538 3688 eruit
553 3633 585 3687 te
602 3622 757 3688 Dominus
776 3621 933 3700 Sabaoth,
949 3626 1108 3691 numenei
1124 3625 1205 3690 Sant-

195 3747 273 3802 »tus
293 3733 401 3802 lsradl.
423 3733 506 3804 Sede
524 3746 733 3823 compuncta;
754 3734 922 3824 ingredere
948 3737 981 3802 in
1009 3737 1158 3810 tenebras,
1171 3733 1202 3801 l·

228 3864 344 3916 ta'rtm.
356 3880 392 3926 rr,
402 3863 484 3915 8.-¹
496 3866 559 3917 Dan.
573 3879 618 3926 ru,
629 3865 652 3924 d.
665 3893 696 3904 -
709 3863 719 3900 ⁸
731 3863 784 3916 ler.
796 3882 819 3926 r,
832 3867 856 3914 ⁵.
871 3865 923 3906 -l
938 3866 1000 3916 Dan.
1016 3863 1090 3926 nr,6.
