2412 4596
328 221 514 265 STROMATUM
536 221 597 265 Lib·
625 221 658 264 11.
801 240 808 259 x
970 227 1009 290 77

44 331 106 418 quis
119 329 213 416 possit
228 330 350 396 causari
372 329 558 417 praetextum
573 329 776 417 ignorantiae,
800 331 917 416 justam
935 331 1011 401 lecit

33 441 190 514 nationem,
203 449 235 502 et
251 439 339 526 quod
349 450 497 526 praesqrc
508 450 640 526 possunt
653 439 901 528 uniuscujusque
914 441 1008 520 vives,

33 547 81 638 git.
96 544 257 613 Nonnullis
273 547 360 612 enim
372 544 466 614 simul
481 547 569 612 adest
579 559 612 612 et
626 544 705 612 velle
720 558 754 610 et
767 569 859 635 posse
867 573 877 620 ;
898 561 934 613 ut
949 550 1007 628 iis,

33 657 38 722 i
47 679 98 744 per
106 656 365 722 exercitationem
382 679 424 722 eo
437 656 657 744 pervenerint,
670 668 702 721 et
713 657 837 744 purgati
853 657 926 724 siut.
945 658 1007 727 dlii

33 775 98 839 bn,
109 763 165 828 etsi
180 763 327 830 nondum
341 776 492 854 possunt,
507 764 574 855 jam
588 776 696 830 tamen
710 762 829 830 habent
845 764 934 831 velle.

33 953 70 1036 [ι’.
81 945 181 1018 Unde
189 947 375 1020 concludit
387 945 497 1020 fidem
511 952 664 1060 scientiae
675 949 1002 1047 anteponendam¹:

33 1123 69 1188 ts
80 1123 159 1188 enim
170 1122 323 1200 scientia,
337 1122 466 1189 habitus
482 1123 746 1190 demonstrativus
763 1149 771 1189 :
786 1124 863 1191 fides
879 1139 1000 1204 autem,

33 1231 86 1307 tia,
101 1254 167 1321 quau
180 1255 220 1297 ex
234 1232 293 1308 iis,
310 1255 379 1321 quae
392 1231 599 1298 demonstrari
615 1245 796 1320 nequeunt,
815 1234 945 1301 deducit
959 1236 999 1303 ad

40 1339 114 1427 quod
128 1351 173 1406 est
184 1339 321 1430 simplex
332 1391 341 1416 ,
354 1337 515 1429 generale,
528 1352 560 1404 et
575 1339 778 1417 universum,
795 1343 882 1429 quod
896 1367 1000 1433 neque

43 1471 105 1512 cum
119 1449 270 1524 materia,
292 1469 395 1537 neque
408 1448 560 1523 materia,
577 1471 682 1537 nequo
702 1450 763 1513 sub
779 1451 923 1518 materia.
944 1453 999 1518 ln-

33 1553 87 1622 ddi
106 1569 228 1634 sutem,
251 1570 289 1623 ut
311 1556 455 1634 videtur,
476 1579 514 1622 ex
530 1553 632 1634 coelo,
656 1568 688 1621 et
706 1555 871 1633 invisibili,
892 1561 998 1628 omnia

33 1661 94 1730 bunt
113 1666 144 1730 in
166 1677 310 1743 terrum,
334 1667 479 1732 manibus
502 1676 607 1754 petras
622 1677 655 1730 et
670 1677 809 1754 q'uercus
825 1664 918 1754 plane
941 1692 999 1757 ap·

33 1771 215 1852 abundantes,
233 1788 271 1840 ut
286 1774 330 1841 ait
344 1773 442 1840 Plato.
468 1772 582 1839 Omnia
600 1773 710 1848 enini,
732 1797 804 1862 quae
822 1785 897 1839 sunt
912 1777 998 1864 ejus-

33 1879 78 1955 tdi,
93 1883 299 1972 attingentes,
324 1881 367 1948 nil
390 1881 476 1948 aliud
495 1881 616 1969 uspiam
642 1903 711 1945 esse
734 1879 910 1958 affirmant,
938 1884 997 1950 nisi

33 1987 196 2081 odtontingi
216 2005 249 2056 ct
265 1990 458 2058 contrectari
481 1990 602 2078 possit:
628 1988 713 2053 idem
732 1999 908 2055 statuentes
928 2015 996 2058 csse

33 2119 81 2184 pus
98 2111 127 2163 et
143 2101 333 2176 essentiam,
355 2099 502 2165 adversus
524 2121 557 2162 se
576 2097 794 2173 decertantes,
815 2098 866 2186 pie
881 2099 994 2166 admo-

33 2225 51 2268 n
69 2205 101 2270 de
118 2220 205 2297 parte
228 2208 385 2298 superiori
410 2217 505 2296 atque
527 2229 566 2271 ex
585 2203 733 2271 invisibili
755 2204 903 2272 alicunde
925 2209 995 2275 vin-

33 2325 72 2376 mt
94 2315 295 2406 incorporeas
326 2316 498 2406 quasdam,
528 2327 560 2381 et
590 2337 660 2401 quae
693 2310 899 2403 intelligentia
928 2316 993 2384 sola

33 2419 194 2508 cipiantur,
223 2426 371 2501 formas,
399 2435 547 2512 urgentes
575 2444 683 2488 veram
715 2444 782 2486 esse
810 2422 989 2492 essentiam.

33 2527 81 2615 boe
94 2529 169 2597 facio
184 2558 289 2611 nova,
306 2533 351 2598 ait
364 2531 518 2608 Verbum,
532 2553 607 2619 quae‘
615 2529 731 2610 oculus
741 2553 806 2597 non
822 2532 918 2608 vidit,
931 2556 992 2601 nec

33 2636 71 2700 nis
85 2640 214 2718 audivit,
238 2665 301 2708 nec
322 2642 355 2706 in
371 2665 429 2707 cor
449 2639 585 2707 huminis
602 2638 833 2706 ascenderunt²
850 2664 885 2705 :s
905 2665 990 2708 novo
1083 2673 1088 2681 ·

33 2739 78 2819 lo,
92 2770 167 2814 nova
188 2773 287 2827 aure,
309 2772 392 2816 novo
408 2748 522 2826 corde,
538 2770 745 2838 quecumque
764 2749 863 2814 videri
883 2761 915 2814 et
931 2775 990 2816 au-

33 2847 179 2938 lpossunt,
196 2871 271 2924 sunt
286 2883 344 2949 per
360 2857 457 2924 fidem
476 2869 508 2922 et
524 2854 761 2944 intelligentiam
778 2856 990 2946 comprehen-

33 2957 87 3037 ulu,
102 2966 299 3052 spiritualiter
308 2963 484 3033 dicentibus
496 3015 505 3041 ,
515 2965 715 3030 audientibus
727 3014 735 3040 ‚
746 2965 910 3052 agentibus
921 2965 989 3030 Do-

33 3065 232 3164 tidiscipulis.
258 3077 314 3142 Est
336 3075 421 3140 enim
451 3075 533 3138 inter
562 3095 709 3138 nummos
736 3071 814 3137 alius
840 3074 986 3160 probus,

33 3193 52 3237 tt
67 3179 268 3260 adulterinus,
293 3184 347 3272 qui
361 3181 564 3248 nihilosecius
580 3181 674 3247 rudes
690 3180 825 3269 decipit,
853 3181 988 3248 sednon

33 3288 148 3364 potorius
159 3294 229 3381 ,qui
237 3292 403 3358 didicerint
409 3313 553 3380 separare
561 3301 594 3354 et
606 3289 785 3354 discernere
796 3290 934 3376 probum
947 3290 987 3355 ab

33 3409 84 3467 tro,
98 3399 146 3484 qui
162 3412 209 3465 est
223 3399 313 3468 malae
330 3411 424 3465 notae.
451 3398 504 3465 Sic
519 3397 713 3487 argentarius
729 3395 800 3460 rudi
819 3393 922 3461 solum
936 3396 986 3462 in-

33 3509 60 3588 ’ςιῑ
77 3525 234 3576 nummum
261 3533 328 3576 esse
353 3493 598 3576 adulterinum:
629 3524 690 3594 quo
712 3527 786 3570 vcro
808 3503 928 3570 ratione
952 3505 986 3570 id

33 3599 102 3686 licat,
116 3613 194 3682 solus
217 3618 308 3686 discit
324 3615 490 3708 argentarii
506 3612 702 3704 discipulus,
719 3625 750 3678 et
767 3612 820 3700 qui
835 3612 877 3679 ad
892 3613 987 3679 idest
