<?xml version="1.0" encoding="UTF-8"?>
<!DOCTYPE html PUBLIC "-//W3C//DTD XHTML 1.0 Transitional//EN"
    "http://www.w3.org/TR/xhtml1/DTD/xhtml1-transitional.dtd">
<html xmlns="http://www.w3.org/1999/xhtml" xml:lang="en" lang="en">
 <head>
  <title>
</title>
<meta http-equiv="Content-Type" content="text/html;charset=utf-8" />
  <meta name='ocr-system' content='tesseract 3.04.00' />
  <meta name='ocr-capabilities' content='ocr_page ocr_carea ocr_par ocr_line ocrx_word'/>
</head>
<body>
  <div class='ocr_page' id='page_1' title='image "./collectioselect00guilgoog_0903.png"; bbox 0 0 2546 4614; ppageno 0'>
   <div class='ocr_carea' id='block_1_1' title="bbox 407 327 1066 409">
    <p class='ocr_par' dir='ltr' id='par_1_1' title="bbox 407 327 1066 409">
     <span class='ocr_line' id='line_1_1' title="bbox 407 327 1066 409; baseline 0.002 -21"><span class='ocrx_word' id='word_1_1' title='bbox 407 345 447 388; x_wconf 82' lang='lat' dir='ltr'><strong>ns</strong></span> <span class='ocrx_word' id='word_1_2' title='bbox 473 343 695 388; x_wconf 76' lang='lat' dir='ltr'><strong>surronusro.</strong></span> <span class='ocrx_word' id='word_1_3' title='bbox 1001 327 1066 409; x_wconf 69' lang='lat'><strong>407</strong></span> 
     </span>
    </p>
   </div>
   <div class='ocr_carea' id='block_1_2' title="bbox 12 455 1073 3395">
    <p class='ocr_par' dir='ltr' id='par_1_2' title="bbox 12 455 1067 657">
     <span class='ocr_line' id='line_1_2' title="bbox 12 455 1067 545; baseline -0.003 -21"><span class='ocrx_word' id='word_1_4' title='bbox 12 469 73 524; x_wconf 89' lang='lat' dir='ltr'><strong>tus</strong></span> <span class='ocrx_word' id='word_1_5' title='bbox 91 457 273 532; x_wconf 85' lang='lat' dir='ltr'><strong>erueintus,</strong></span> <span class='ocrx_word' id='word_1_6' title='bbox 285 457 344 523; x_wconf 90' lang='lat' dir='ltr'><strong>Dei</strong></span> <span class='ocrx_word' id='word_1_7' title='bbox 359 456 572 545; x_wconf 78' lang='lat' dir='ltr'><strong>indignatione</strong></span> <span class='ocrx_word' id='word_1_8' title='bbox 585 457 756 524; x_wconf 79' lang='lat' dir='ltr'><strong>antediem</strong></span> <span class='ocrx_word' id='word_1_9' title='bbox 770 455 882 545; x_wconf 86' lang='lat' dir='ltr'><strong>judieii</strong></span> <span class='ocrx_word' id='word_1_10' title='bbox 896 465 1067 545; x_wconf 72' lang='lat' dir='ltr'><strong>praerogato</strong></span> 
     </span>
     <span class='ocr_line' id='line_1_3' title="bbox 13 567 917 657; baseline -0.002 -21"><span class='ocrx_word' id='word_1_11' title='bbox 13 570 53 636; x_wconf 92' lang='lat' dir='ltr'><strong>in</strong></span> <span class='ocrx_word' id='word_1_12' title='bbox 69 581 281 634; x_wconf 76' lang='lat' dir='ltr'><strong>antecessum</strong></span> <span class='ocrx_word' id='word_1_13' title='bbox 297 590 466 657; x_wconf 82' lang='lat' dir='ltr'><strong>poensrum</strong></span> <span class='ocrx_word' id='word_1_14' title='bbox 481 581 584 657; x_wconf 81' lang='lat' dir='ltr'><strong>purte,</strong></span> <span class='ocrx_word' id='word_1_15' title='bbox 601 567 645 636; x_wconf 90' lang='lat' dir='ltr'><strong>illi</strong></span> <span class='ocrx_word' id='word_1_16' title='bbox 660 579 917 657; x_wconf 82' lang='lat' dir='ltr'><strong>superventurus.</strong></span> 
     </span>
    </p>

    <p class='ocr_par' dir='ltr' id='par_1_3' title="bbox 14 675 1073 2385">
     <span class='ocr_line' id='line_1_4' title="bbox 66 675 1069 768; baseline -0.006 -22"><span class='ocrx_word' id='word_1_17' title='bbox 66 678 187 746; x_wconf 83' lang='lat' dir='ltr'>XXX.</span> <span class='ocrx_word' id='word_1_18' title='bbox 204 678 288 746; x_wconf 76' lang='lat' dir='ltr'><strong>Ades</strong></span> <span class='ocrx_word' id='word_1_19' title='bbox 300 677 409 768; x_wconf 90' lang='lat' dir='ltr'><strong>igitur,</strong></span> <span class='ocrx_word' id='word_1_20' title='bbox 420 701 440 744; x_wconf 98' lang='lat' dir='ltr'><strong>o</strong></span> <span class='ocrx_word' id='word_1_21' title='bbox 451 678 544 744; x_wconf 73' lang='lat' dir='ltr'><strong>beate</strong></span> <span class='ocrx_word' id='word_1_22' title='bbox 555 679 655 748; x_wconf 83' lang='lat' dir='ltr'><strong>Esnio.</strong></span> <span class='ocrx_word' id='word_1_23' title='bbox 670 678 808 766; x_wconf 78' lang='lat' dir='ltr'><strong>Exurge,</strong></span> <span class='ocrx_word' id='word_1_24' title='bbox 822 677 874 744; x_wconf 84' lang='lat' dir='ltr'><strong>dio</strong></span> <span class='ocrx_word' id='word_1_25' title='bbox 885 675 988 768; x_wconf 82' lang='lat' dir='ltr'><strong>palem</strong></span> <span class='ocrx_word' id='word_1_26' title='bbox 999 697 1069 764; x_wconf 75' lang='lat' dir='ltr'><strong>que</strong></span> 
     </span>
     <span class='ocr_line' id='line_1_5' title="bbox 14 785 1070 877; baseline -0.004 -21"><span class='ocrx_word' id='word_1_27' title='bbox 14 787 220 856; x_wconf 76' lang='lat' dir='ltr'><strong>vaticinatus</strong></span> <span class='ocrx_word' id='word_1_28' title='bbox 241 812 274 854; x_wconf 85' lang='lat' dir='ltr'><strong>es</strong></span> <span class='ocrx_word' id='word_1_29' title='bbox 290 787 474 856; x_wconf 68' lang='lat' dir='ltr'><strong>decivitate</strong></span> <span class='ocrx_word' id='word_1_30' title='bbox 491 811 605 877; x_wconf 79' lang='lat' dir='ltr'><strong>magno</strong></span> <span class='ocrx_word' id='word_1_31' title='bbox 626 785 799 876; x_wconf 78' lang='lat' dir='ltr'><strong>Babylone.</strong></span> <span class='ocrx_word' id='word_1_32' title='bbox 823 787 904 854; x_wconf 84' lang='lat' dir='ltr'><strong>Num</strong></span> <span class='ocrx_word' id='word_1_33' title='bbox 919 787 1016 852; x_wconf 81' lang='lat' dir='ltr'><strong>etism</strong></span> <span class='ocrx_word' id='word_1_34' title='bbox 1030 786 1070 852; x_wconf 91' lang='lat' dir='ltr'><strong>de</strong></span> 
     </span>
     <span class='ocr_line' id='line_1_6' title="bbox 14 895 1070 986; baseline -0.001 -21"><span class='ocrx_word' id='word_1_35' title='bbox 14 897 211 966; x_wconf 75' lang='lat' dir='ltr'><strong>Jerusalem</strong></span> <span class='ocrx_word' id='word_1_36' title='bbox 230 897 357 966; x_wconf 84' lang='lat' dir='ltr'><strong>loeutus</strong></span> <span class='ocrx_word' id='word_1_37' title='bbox 375 921 422 976; x_wconf 88' lang='lat' dir='ltr'><strong>es,</strong></span> <span class='ocrx_word' id='word_1_38' title='bbox 443 899 551 986; x_wconf 86' lang='lat' dir='ltr'><strong>sieque</strong></span> <span class='ocrx_word' id='word_1_39' title='bbox 568 897 688 964; x_wconf 82' lang='lat' dir='ltr'><strong>suetum</strong></span> <span class='ocrx_word' id='word_1_40' title='bbox 708 909 765 964; x_wconf 88' lang='lat' dir='ltr'><strong>ost.</strong></span> <span class='ocrx_word' id='word_1_41' title='bbox 784 895 834 962; x_wconf 85' lang='lat' dir='ltr'><strong>Tu</strong></span> <span class='ocrx_word' id='word_1_42' title='bbox 853 897 941 966; x_wconf 87' lang='lat' dir='ltr'><strong>enim</strong></span> <span class='ocrx_word' id='word_1_43' title='bbox 962 908 1070 984; x_wconf 81' lang='lat' dir='ltr'><strong>aperte</strong></span> 
     </span>
     <span class='ocr_line' id='line_1_7' title="bbox 17 991 1071 1105; baseline 0 -33"><span class='ocrx_word' id='word_1_44' title='bbox 17 1006 136 1073; x_wconf 75' lang='lat' dir='ltr'><strong>dixisti</strong></span> <span class='ocrx_word' id='word_1_45' title='bbox 156 1031 164 1073; x_wconf 71' lang='grc' dir='ltr'><strong><em>ι</em></strong></span> <span class='ocrx_word' id='word_1_46' title='bbox 184 1007 308 1074; x_wconf 80' lang='lat' dir='ltr'><strong>«Terra</strong></span> <span class='ocrx_word' id='word_1_47' title='bbox 328 1021 428 1074; x_wconf 80' lang='lat' dir='ltr'><strong>restro</strong></span> <span class='ocrx_word' id='word_1_48' title='bbox 451 1007 592 1081; x_wconf 85' lang='lat' dir='ltr'><strong>desertu;</strong></span> <span class='ocrx_word' id='word_1_49' title='bbox 615 1006 756 1074; x_wconf 80' lang='lat' dir='ltr'><strong>oivitetos</strong></span> <span class='ocrx_word' id='word_1_50' title='bbox 777 1018 885 1105; x_wconf 69' lang='lat' dir='ltr'><strong>gestrae</strong></span> <span class='ocrx_word' id='word_1_51' title='bbox 901 991 974 1095; x_wconf 83' lang='lat' dir='ltr'><strong>igne</strong></span> <span class='ocrx_word' id='word_1_52' title='bbox 996 1028 1071 1072; x_wconf 86' lang='lat' dir='ltr'><strong>suo-</strong></span> 
     </span>
     <span class='ocr_line' id='line_1_8' title="bbox 20 1115 1070 1206; baseline 0 -26"><span class='ocrx_word' id='word_1_53' title='bbox 20 1139 176 1184; x_wconf 76' lang='lat' dir='ltr'><strong>soensoe.</strong></span> <span class='ocrx_word' id='word_1_54' title='bbox 196 1117 371 1206; x_wconf 81' lang='lat' dir='ltr'><strong>Regionum</strong></span> <span class='ocrx_word' id='word_1_55' title='bbox 393 1131 529 1184; x_wconf 80' lang='lat' dir='ltr'><strong>vestrum</strong></span> <span class='ocrx_word' id='word_1_56' title='bbox 555 1115 648 1183; x_wconf 81' lang='lat' dir='ltr'><strong>alieni</strong></span> <span class='ocrx_word' id='word_1_57' title='bbox 669 1116 821 1184; x_wconf 80' lang='lat' dir='ltr'><strong>devorant</strong></span> <span class='ocrx_word' id='word_1_58' title='bbox 841 1117 874 1182; x_wconf 92' lang='lat' dir='ltr'><strong>in</strong></span> <span class='ocrx_word' id='word_1_59' title='bbox 895 1129 1070 1204; x_wconf 79' lang='lat' dir='ltr'><strong>conspeetu</strong></span> 
     </span>
     <span class='ocr_line' id='line_1_9' title="bbox 20 1221 1071 1315; baseline 0 -26"><span class='ocrx_word' id='word_1_60' title='bbox 20 1254 36 1289; x_wconf 75' lang='lat' dir='ltr'><strong>s</strong></span> <span class='ocrx_word' id='word_1_61' title='bbox 52 1237 181 1302; x_wconf 82' lang='lat' dir='ltr'><strong>vestro,</strong></span> <span class='ocrx_word' id='word_1_62' title='bbox 197 1239 229 1290; x_wconf 87' lang='lat' dir='ltr'><strong>et</strong></span> <span class='ocrx_word' id='word_1_63' title='bbox 244 1225 383 1294; x_wconf 80' lang='lat' dir='ltr'><strong>desoluto</strong></span> <span class='ocrx_word' id='word_1_64' title='bbox 398 1239 459 1304; x_wconf 90' lang='lat' dir='ltr'><strong>est,</strong></span> <span class='ocrx_word' id='word_1_65' title='bbox 473 1229 622 1294; x_wconf 83' lang='lat' dir='ltr'><strong>subverso</strong></span> <span class='ocrx_word' id='word_1_66' title='bbox 634 1248 651 1289; x_wconf 81' lang='lat' dir='ltr'><strong>s</strong></span> <span class='ocrx_word' id='word_1_67' title='bbox 663 1223 789 1315; x_wconf 85' lang='lat' dir='ltr'><strong>populis</strong></span> <span class='ocrx_word' id='word_1_68' title='bbox 800 1223 918 1290; x_wconf 80' lang='lat' dir='ltr'><strong>alienis.</strong></span> <span class='ocrx_word' id='word_1_69' title='bbox 930 1221 1071 1290; x_wconf 88' lang='lat' dir='ltr'><strong>Derelin-</strong></span> 
     </span>
     <span class='ocr_line' id='line_1_10' title="bbox 22 1332 1071 1425; baseline -0.003 -25"><span class='ocrx_word' id='word_1_70' title='bbox 22 1349 181 1424; x_wconf 65' lang='lat' dir='ltr'><strong>equetus</strong></span> <span class='ocrx_word' id='word_1_71' title='bbox 203 1335 266 1400; x_wconf 84' lang='lat' dir='ltr'><strong>filiu</strong></span> <span class='ocrx_word' id='word_1_72' title='bbox 288 1336 364 1403; x_wconf 83' lang='lat' dir='ltr'><strong>Sion</strong></span> <span class='ocrx_word' id='word_1_73' title='bbox 382 1339 469 1425; x_wconf 80' lang='lat' dir='ltr'><strong>quusi</strong></span> <span class='ocrx_word' id='word_1_74' title='bbox 494 1332 737 1402; x_wconf 79' lang='lat' dir='ltr'><strong>tubernaculum</strong></span> <span class='ocrx_word' id='word_1_75' title='bbox 755 1334 787 1399; x_wconf 92' lang='lat' dir='ltr'><strong>in</strong></span> <span class='ocrx_word' id='word_1_76' title='bbox 811 1332 914 1410; x_wconf 81' lang='lat' dir='ltr'><strong>vineo,</strong></span> <span class='ocrx_word' id='word_1_77' title='bbox 931 1345 963 1398; x_wconf 89' lang='lat' dir='ltr'><strong>et</strong></span> <span class='ocrx_word' id='word_1_78' title='bbox 986 1332 1071 1398; x_wconf 84' lang='lat' dir='ltr'><strong>siout</strong></span> 
     </span>
     <span class='ocr_line' id='line_1_11' title="bbox 23 1443 1073 1535; baseline -0.003 -26"><span class='ocrx_word' id='word_1_79' title='bbox 23 1474 39 1509; x_wconf 75' lang='lat' dir='ltr'><strong>s</strong></span> <span class='ocrx_word' id='word_1_80' title='bbox 56 1468 235 1535; x_wconf 86' lang='lat' dir='ltr'><strong>pomorum</strong></span> <span class='ocrx_word' id='word_1_81' title='bbox 250 1446 390 1512; x_wconf 84' lang='lat' dir='ltr'><strong>custodio</strong></span> <span class='ocrx_word' id='word_1_82' title='bbox 407 1447 439 1511; x_wconf 90' lang='lat' dir='ltr'><strong>in</strong></span> <span class='ocrx_word' id='word_1_83' title='bbox 455 1443 690 1520; x_wconf 70' lang='lat' dir='ltr'><strong>cucumerarim</strong></span> <span class='ocrx_word' id='word_1_84' title='bbox 704 1443 786 1509; x_wconf 87' lang='lat' dir='ltr'><strong>siout</strong></span> <span class='ocrx_word' id='word_1_85' title='bbox 801 1443 943 1510; x_wconf 81' lang='lat' dir='ltr'><strong>civitates</strong></span> <span class='ocrx_word' id='word_1_86' title='bbox 955 1465 1073 1531; x_wconf 82' lang='lat' dir='ltr'><strong>expug-</strong></span> 
     </span>
     <span class='ocr_line' id='line_1_12' title="bbox 26 1552 1072 1644; baseline 0 -26"><span class='ocrx_word' id='word_1_87' title='bbox 26 1555 171 1622; x_wconf 55' lang='lat' dir='ltr'><strong>snntse&amp;</strong></span> <span class='ocrx_word' id='word_1_88' title='bbox 187 1556 295 1635; x_wconf 75' lang='lat' dir='ltr'><strong>»Quid</strong></span> <span class='ocrx_word' id='word_1_89' title='bbox 307 1555 419 1644; x_wconf 77' lang='lat' dir='ltr'><strong>igitur?</strong></span> <span class='ocrx_word' id='word_1_90' title='bbox 431 1555 514 1622; x_wconf 86' lang='lat' dir='ltr'><strong>Num</strong></span> <span class='ocrx_word' id='word_1_91' title='bbox 529 1555 597 1621; x_wconf 81' lang='lat' dir='ltr'><strong>haeo</strong></span> <span class='ocrx_word' id='word_1_92' title='bbox 613 1554 678 1642; x_wconf 84' lang='lat' dir='ltr'><strong>jum</strong></span> <span class='ocrx_word' id='word_1_93' title='bbox 691 1575 756 1620; x_wconf 91' lang='lat' dir='ltr'><strong>non</strong></span> <span class='ocrx_word' id='word_1_94' title='bbox 766 1552 957 1620; x_wconf 77' lang='lat' dir='ltr'><strong>extiterunt?</strong></span> <span class='ocrx_word' id='word_1_95' title='bbox 964 1575 1072 1620; x_wconf 88' lang='lat' dir='ltr'><strong>nonne</strong></span> 
     </span>
     <span class='ocr_line' id='line_1_13' title="bbox 22 1661 1072 1755; baseline -0.003 -25"><span class='ocrx_word' id='word_1_96' title='bbox 22 1663 160 1755; x_wconf 76' lang='lat' dir='ltr'><strong>implete</strong></span> <span class='ocrx_word' id='word_1_97' title='bbox 176 1675 251 1732; x_wconf 89' lang='lat' dir='ltr'><strong>sunt</strong></span> <span class='ocrx_word' id='word_1_98' title='bbox 266 1689 370 1754; x_wconf 84' lang='lat' dir='ltr'><strong>quaen</strong></span> <span class='ocrx_word' id='word_1_99' title='bbox 393 1678 425 1733; x_wconf 91' lang='lat' dir='ltr'><strong>te</strong></span> <span class='ocrx_word' id='word_1_100' title='bbox 440 1667 523 1732; x_wconf 83' lang='lat' dir='ltr'><strong>dicte</strong></span> <span class='ocrx_word' id='word_1_101' title='bbox 543 1663 640 1731; x_wconf 78' lang='lat' dir='ltr'><strong>sunti&#39;</strong></span> <span class='ocrx_word' id='word_1_102' title='bbox 656 1664 769 1732; x_wconf 90' lang='lat' dir='ltr'><strong>Nonne</strong></span> <span class='ocrx_word' id='word_1_103' title='bbox 790 1687 902 1730; x_wconf 86' lang='lat' dir='ltr'><strong>eorum</strong></span> <span class='ocrx_word' id='word_1_104' title='bbox 918 1677 1001 1728; x_wconf 83' lang='lat' dir='ltr'><strong>terra</strong></span> <span class='ocrx_word' id='word_1_105' title='bbox 1016 1661 1072 1728; x_wconf 77' lang='lat' dir='ltr'><strong>‹Iu--</strong></span> 
     </span>
     <span class='ocr_line' id='line_1_14' title="bbox 23 1772 1073 1841; baseline -0.004 -1"><span class='ocrx_word' id='word_1_106' title='bbox 23 1774 95 1840; x_wconf 78' lang='lat' dir='ltr'><strong>daeo</strong></span> <span class='ocrx_word' id='word_1_107' title='bbox 116 1773 260 1840; x_wconf 77' lang='lat' dir='ltr'><strong>desolata</strong></span> <span class='ocrx_word' id='word_1_108' title='bbox 276 1776 353 1841; x_wconf 75' lang='lat' dir='ltr'><strong>esti</strong></span> <span class='ocrx_word' id='word_1_109' title='bbox 374 1797 481 1840; x_wconf 89' lang='lat' dir='ltr'><strong>nonne</strong></span> <span class='ocrx_word' id='word_1_110' title='bbox 501 1795 693 1840; x_wconf 81' lang='lat' dir='ltr'><strong>succensum</strong></span> <span class='ocrx_word' id='word_1_111' title='bbox 714 1772 950 1839; x_wconf 67' lang='lat' dir='ltr'><strong>sanctuarium?</strong></span> <span class='ocrx_word' id='word_1_112' title='bbox 965 1795 1073 1838; x_wconf 87' lang='lat' dir='ltr'><strong>nonne</strong></span> 
     </span>
     <span class='ocr_line' id='line_1_15' title="bbox 27 1879 1072 1959; baseline -0.001 -13"><span class='ocrx_word' id='word_1_113' title='bbox 27 1903 146 1946; x_wconf 86' lang='lat' dir='ltr'><strong>eorum</strong></span> <span class='ocrx_word' id='word_1_114' title='bbox 172 1883 273 1946; x_wconf 82' lang='lat' dir='ltr'><strong>eversi</strong></span> <span class='ocrx_word' id='word_1_115' title='bbox 289 1882 394 1948; x_wconf 74' lang='lat' dir='ltr'><strong>muri?</strong></span> <span class='ocrx_word' id='word_1_116' title='bbox 409 1905 515 1948; x_wconf 91' lang='lat' dir='ltr'><strong>nonne</strong></span> <span class='ocrx_word' id='word_1_117' title='bbox 530 1880 671 1946; x_wconf 86' lang='lat' dir='ltr'><strong>oivitetes</strong></span> <span class='ocrx_word' id='word_1_118' title='bbox 685 1879 879 1959; x_wconf 74' lang='lat' dir='ltr'><strong>destruotaei‘</strong></span> <span class='ocrx_word' id='word_1_119' title='bbox 890 1903 1004 1958; x_wconf 54' lang='lat' dir='ltr'><strong>‚nonne</strong></span> <span class='ocrx_word' id='word_1_120' title='bbox 1019 1903 1072 1945; x_wconf 88' lang='lat' dir='ltr'><strong>re-</strong></span> 
     </span>
     <span class='ocr_line' id='line_1_16' title="bbox 30 1987 1072 2079; baseline -0.002 -23"><span class='ocrx_word' id='word_1_121' title='bbox 30 1990 162 2079; x_wconf 88' lang='lat' dir='ltr'><strong>gionem</strong></span> <span class='ocrx_word' id='word_1_122' title='bbox 171 1987 265 2056; x_wconf 82' lang='lat' dir='ltr'><strong>niieui</strong></span> <span class='ocrx_word' id='word_1_123' title='bbox 273 1990 519 2058; x_wconf 72' lang='lat' dir='ltr'><strong>devorentinon</strong></span> <span class='ocrx_word' id='word_1_124' title='bbox 530 1991 600 2078; x_wconf 88' lang='lat' dir='ltr'><strong>ejus</strong></span> <span class='ocrx_word' id='word_1_125' title='bbox 608 1989 736 2054; x_wconf 90' lang='lat' dir='ltr'><strong>ditionis</strong></span> <span class='ocrx_word' id='word_1_126' title='bbox 746 1990 881 2056; x_wconf 75' lang='lat' dir='ltr'><strong>Romani</strong></span> <span class='ocrx_word' id='word_1_127' title='bbox 890 1990 1072 2078; x_wconf 74' lang='lat' dir='ltr'><strong>potiuntur?</strong></span> 
     </span>
     <span class='ocr_line' id='line_1_17' title="bbox 31 2097 1072 2186; baseline 0 -21"><span class='ocrx_word' id='word_1_128' title='bbox 31 2097 192 2186; x_wconf 81' lang='lat' dir='ltr'><strong>Namque</strong></span> <span class='ocrx_word' id='word_1_129' title='bbox 207 2098 281 2164; x_wconf 94' lang='lat' dir='ltr'><strong>odio</strong></span> <span class='ocrx_word' id='word_1_130' title='bbox 296 2099 328 2164; x_wconf 91' lang='lat' dir='ltr'><strong>in</strong></span> <span class='ocrx_word' id='word_1_131' title='bbox 344 2111 375 2164; x_wconf 89' lang='lat' dir='ltr'><strong>to</strong></span> <span class='ocrx_word' id='word_1_132' title='bbox 386 2109 578 2174; x_wconf 79' lang='lat' dir='ltr'><strong>exarserunt,</strong></span> <span class='ocrx_word' id='word_1_133' title='bbox 593 2119 680 2165; x_wconf 81' lang='lat' dir='ltr'><strong>serro</strong></span> <span class='ocrx_word' id='word_1_134' title='bbox 691 2098 899 2176; x_wconf 78' lang='lat' dir='ltr'><strong>disciderunt,</strong></span> <span class='ocrx_word' id='word_1_135' title='bbox 912 2121 952 2166; x_wconf 83' lang='lat' dir='ltr'><strong>no</strong></span> <span class='ocrx_word' id='word_1_136' title='bbox 967 2099 1072 2165; x_wconf 87' lang='lat' dir='ltr'><strong>Chris·</strong></span> 
     </span>
     <span class='ocr_line' id='line_1_18' title="bbox 32 2208 1072 2298; baseline 0 -24"><span class='ocrx_word' id='word_1_137' title='bbox 32 2219 103 2274; x_wconf 88' lang='lat' dir='ltr'><strong>tum</strong></span> <span class='ocrx_word' id='word_1_138' title='bbox 124 2208 157 2274; x_wconf 93' lang='lat' dir='ltr'><strong>in</strong></span> <span class='ocrx_word' id='word_1_139' title='bbox 178 2209 526 2298; x_wconf 80' lang='lat' dir='ltr'><strong>erucemegerunt.1n</strong></span> <span class='ocrx_word' id='word_1_140' title='bbox 547 2209 668 2274; x_wconf 90' lang='lat' dir='ltr'><strong>mundo</strong></span> <span class='ocrx_word' id='word_1_141' title='bbox 690 2221 835 2275; x_wconf 86' lang='lat' dir='ltr'><strong>mortuus</strong></span> <span class='ocrx_word' id='word_1_142' title='bbox 855 2232 901 2284; x_wconf 85' lang='lat' dir='ltr'><strong>es,</strong></span> <span class='ocrx_word' id='word_1_143' title='bbox 920 2209 975 2274; x_wconf 87' lang='lat' dir='ltr'><strong>sed</strong></span> <span class='ocrx_word' id='word_1_144' title='bbox 997 2210 1072 2276; x_wconf 83' lang='lat' dir='ltr'><strong>vivis</strong></span> 
     </span>
     <span class='ocr_line' id='line_1_19' title="bbox 34 2318 220 2385; baseline 0.011 -3"><span class='ocrx_word' id='word_1_145' title='bbox 34 2318 67 2384; x_wconf 91' lang='lat' dir='ltr'><strong>in</strong></span> <span class='ocrx_word' id='word_1_146' title='bbox 80 2318 220 2385; x_wconf 87' lang='lat' dir='ltr'><strong>Christo.</strong></span> 
     </span>
    </p>

    <p class='ocr_par' dir='ltr' id='par_1_4' title="bbox 38 2425 1071 2848">
     <span class='ocr_line' id='line_1_20' title="bbox 80 2425 1071 2518; baseline -0.003 -24"><span class='ocrx_word' id='word_1_147' title='bbox 80 2429 206 2494; x_wconf 85' lang='lat' dir='ltr'><strong>XXXI.</strong></span> <span class='ocrx_word' id='word_1_148' title='bbox 217 2429 323 2510; x_wconf 88' lang='lat' dir='ltr'><strong>Quem</strong></span> <span class='ocrx_word' id='word_1_149' title='bbox 331 2440 471 2496; x_wconf 86' lang='lat' dir='ltr'><strong>vestrum</strong></span> <span class='ocrx_word' id='word_1_150' title='bbox 479 2429 578 2518; x_wconf 89' lang='lat' dir='ltr'><strong>mugis</strong></span> <span class='ocrx_word' id='word_1_151' title='bbox 588 2426 729 2518; x_wconf 76' lang='lat' dir='ltr'><strong>diligam,</strong></span> <span class='ocrx_word' id='word_1_152' title='bbox 739 2440 876 2504; x_wconf 88' lang='lat' dir='ltr'><strong>tene,un</strong></span> <span class='ocrx_word' id='word_1_153' title='bbox 883 2425 1071 2494; x_wconf 80' lang='lat' dir='ltr'><strong>deremiumi’</strong></span> 
     </span>
     <span class='ocr_line' id='line_1_21' title="bbox 38 2536 1071 2629; baseline -0.004 -24"><span class='ocrx_word' id='word_1_154' title='bbox 38 2537 103 2605; x_wconf 85' lang='lat' dir='ltr'><strong>Sed</strong></span> <span class='ocrx_word' id='word_1_155' title='bbox 116 2551 148 2606; x_wconf 86' lang='lat' dir='ltr'><strong>et</strong></span> <span class='ocrx_word' id='word_1_156' title='bbox 159 2540 312 2606; x_wconf 79' lang='lat' dir='ltr'><strong>Jeresnius</strong></span> <span class='ocrx_word' id='word_1_157' title='bbox 326 2539 494 2628; x_wconf 78' lang='lat' dir='ltr'><strong>lapidetur.</strong></span> <span class='ocrx_word' id='word_1_158' title='bbox 511 2539 608 2629; x_wconf 81' lang='lat' dir='ltr'><strong>Magis</strong></span> <span class='ocrx_word' id='word_1_159' title='bbox 624 2563 698 2605; x_wconf 85' lang='lat' dir='ltr'><strong>vero</strong></span> <span class='ocrx_word' id='word_1_160' title='bbox 710 2538 877 2615; x_wconf 81' lang='lat' dir='ltr'><strong>dererniss,</strong></span> <span class='ocrx_word' id='word_1_161' title='bbox 890 2536 946 2602; x_wconf 89' lang='lat' dir='ltr'><strong>sed</strong></span> <span class='ocrx_word' id='word_1_162' title='bbox 959 2548 991 2602; x_wconf 89' lang='lat' dir='ltr'><strong>et</strong></span> <span class='ocrx_word' id='word_1_163' title='bbox 1006 2537 1071 2602; x_wconf 80' lang='lat' dir='ltr'><strong>Du·</strong></span> 
     </span>
     <span class='ocr_line' id='line_1_22' title="bbox 38 2643 1067 2738; baseline 0.002 -28"><span class='ocrx_word' id='word_1_164' title='bbox 38 2646 100 2711; x_wconf 89' lang='lat' dir='ltr'><strong>niel</strong></span> <span class='ocrx_word' id='word_1_165' title='bbox 113 2659 252 2713; x_wconf 82' lang='lat' dir='ltr'><strong>testetur.</strong></span> <span class='ocrx_word' id='word_1_166' title='bbox 267 2647 392 2724; x_wconf 77' lang='lat' dir='ltr'><strong>Doniei,</strong></span> <span class='ocrx_word' id='word_1_167' title='bbox 407 2673 473 2738; x_wconf 80' lang='lat' dir='ltr'><strong>prm</strong></span> <span class='ocrx_word' id='word_1_168' title='bbox 489 2649 636 2714; x_wconf 88' lang='lat' dir='ltr'><strong>omnibus</strong></span> <span class='ocrx_word' id='word_1_169' title='bbox 653 2648 685 2712; x_wconf 92' lang='lat' dir='ltr'><strong>iu</strong></span> <span class='ocrx_word' id='word_1_170' title='bbox 701 2659 770 2712; x_wconf 80' lang='lat' dir='ltr'><strong>tues</strong></span> <span class='ocrx_word' id='word_1_171' title='bbox 784 2643 894 2712; x_wconf 76' lang='lat' dir='ltr'><strong>leudes</strong></span> <span class='ocrx_word' id='word_1_172' title='bbox 909 2644 1067 2712; x_wconf 79' lang='lat' dir='ltr'><strong>effundor.</strong></span> 
     </span>
     <span class='ocr_line' id='line_1_23' title="bbox 39 2755 1070 2848; baseline -0.002 -24"><span class='ocrx_word' id='word_1_173' title='bbox 39 2756 125 2837; x_wconf 86' lang='lat' dir='ltr'><strong>Quin</strong></span> <span class='ocrx_word' id='word_1_174' title='bbox 136 2758 273 2824; x_wconf 85' lang='lat' dir='ltr'><strong>Jounnes</strong></span> <span class='ocrx_word' id='word_1_175' title='bbox 285 2783 411 2848; x_wconf 90' lang='lat' dir='ltr'><strong>quoque</strong></span> <span class='ocrx_word' id='word_1_176' title='bbox 424 2758 503 2826; x_wconf 89' lang='lat' dir='ltr'><strong>nihil</strong></span> <span class='ocrx_word' id='word_1_177' title='bbox 518 2758 585 2826; x_wconf 80' lang='lat' dir='ltr'><strong>fulsi</strong></span> <span class='ocrx_word' id='word_1_178' title='bbox 598 2757 749 2847; x_wconf 87' lang='lat' dir='ltr'><strong>loquitur.</strong></span> <span class='ocrx_word' id='word_1_179' title='bbox 766 2758 901 2838; x_wconf 80' lang='lat' dir='ltr'><strong>Quantis</strong></span> <span class='ocrx_word' id='word_1_180' title='bbox 912 2779 968 2824; x_wconf 86' lang='lat' dir='ltr'><strong>vos</strong></span> <span class='ocrx_word' id='word_1_181' title='bbox 979 2755 1070 2823; x_wconf 83' lang='lat' dir='ltr'><strong>lobiis</strong></span> 
     </span>
    </p>

    <p class='ocr_par' dir='ltr' id='par_1_5' title="bbox 13 2864 1071 3395">
     <span class='ocr_line' id='line_1_24' title="bbox 13 2864 1071 2959; baseline -0.001 -27"><span class='ocrx_word' id='word_1_182' title='bbox 13 2927 14 2932; x_wconf 73' lang='grc'>,</span> <span class='ocrx_word' id='word_1_183' title='bbox 39 2864 213 2958; x_wconf 77' lang='lat' dir='ltr'><strong>linguisque</strong></span> <span class='ocrx_word' id='word_1_184' title='bbox 232 2867 428 2958; x_wconf 79' lang='lat' dir='ltr'><strong>glorificabo,</strong></span> <span class='ocrx_word' id='word_1_185' title='bbox 446 2870 589 2957; x_wconf 88' lang='lat' dir='ltr'><strong>quinimo</strong></span> <span class='ocrx_word' id='word_1_186' title='bbox 605 2868 693 2959; x_wconf 92' lang='lat' dir='ltr'><strong>quod</strong></span> <span class='ocrx_word' id='word_1_187' title='bbox 711 2869 744 2933; x_wconf 94' lang='lat' dir='ltr'><strong>in</strong></span> <span class='ocrx_word' id='word_1_188' title='bbox 760 2869 848 2934; x_wconf 84' lang='lat' dir='ltr'><strong>vohis</strong></span> <span class='ocrx_word' id='word_1_189' title='bbox 864 2866 1006 2934; x_wconf 81' lang='lat' dir='ltr'><strong>Verbum</strong></span> <span class='ocrx_word' id='word_1_190' title='bbox 1020 2864 1071 2932; x_wconf 91' lang='lat' dir='ltr'><strong>lo-</strong></span> 
     </span>
     <span class='ocr_line' id='line_1_25' title="bbox 41 2976 1066 3064; baseline 0.001 -24"><span class='ocrx_word' id='word_1_191' title='bbox 41 2977 160 3064; x_wconf 78' lang='lat' dir='ltr'><strong>quitur!</strong></span> <span class='ocrx_word' id='word_1_192' title='bbox 177 2976 292 3043; x_wconf 84' lang='lat' dir='ltr'><strong>Mortui</strong></span> <span class='ocrx_word' id='word_1_193' title='bbox 305 2979 380 3044; x_wconf 89' lang='lat' dir='ltr'><strong>estis</strong></span> <span class='ocrx_word' id='word_1_194' title='bbox 395 3001 470 3044; x_wconf 90' lang='lat' dir='ltr'><strong>oum</strong></span> <span class='ocrx_word' id='word_1_195' title='bbox 483 2979 623 3054; x_wconf 85' lang='lat' dir='ltr'><strong>Christo,</strong></span> <span class='ocrx_word' id='word_1_196' title='bbox 641 2980 696 3046; x_wconf 92' lang='lat' dir='ltr'><strong>sed</strong></span> <span class='ocrx_word' id='word_1_197' title='bbox 713 2979 822 3046; x_wconf 83' lang='lat' dir='ltr'><strong>vivetis</strong></span> <span class='ocrx_word' id='word_1_198' title='bbox 838 3001 913 3046; x_wconf 89' lang='lat' dir='ltr'><strong>oum</strong></span> <span class='ocrx_word' id='word_1_199' title='bbox 929 2976 1066 3042; x_wconf 86' lang='lat' dir='ltr'><strong>Christo.</strong></span> 
     </span>
     <span class='ocr_line' id='line_1_26' title="bbox 42 3071 1069 3176; baseline -0.002 -22"><span class='ocrx_word' id='word_1_200' title='bbox 42 3084 153 3154; x_wconf 77' lang='lat' dir='ltr'><strong>Audite</strong></span> <span class='ocrx_word' id='word_1_201' title='bbox 164 3096 197 3152; x_wconf 86' lang='lat' dir='ltr'><strong>et</strong></span> <span class='ocrx_word' id='word_1_202' title='bbox 206 3083 374 3161; x_wconf 75' lang='lat' dir='ltr'><strong>loetnmini3</strong></span> <span class='ocrx_word' id='word_1_203' title='bbox 390 3110 465 3154; x_wconf 81' lang='lat' dir='ltr'><strong>ecee</strong></span> <span class='ocrx_word' id='word_1_204' title='bbox 477 3087 563 3154; x_wconf 89' lang='lat' dir='ltr'><strong>enim</strong></span> <span class='ocrx_word' id='word_1_205' title='bbox 578 3113 649 3176; x_wconf 87' lang='lat' dir='ltr'><strong>quae</strong></span> <span class='ocrx_word' id='word_1_206' title='bbox 664 3071 762 3156; x_wconf 82' lang='lat' dir='ltr'><strong>locuti</strong></span> <span class='ocrx_word' id='word_1_207' title='bbox 776 3089 863 3164; x_wconf 84' lang='lat' dir='ltr'><strong>estis,</strong></span> <span class='ocrx_word' id='word_1_208' title='bbox 875 3111 932 3175; x_wconf 87' lang='lat' dir='ltr'><strong>per</strong></span> <span class='ocrx_word' id='word_1_209' title='bbox 944 3099 1069 3176; x_wconf 86' lang='lat' dir='ltr'><strong>tempus</strong></span> 
     </span>
     <span class='ocr_line' id='line_1_27' title="bbox 42 3193 1070 3287; baseline 0.002 -27"><span class='ocrx_word' id='word_1_210' title='bbox 42 3193 165 3283; x_wconf 84' lang='lat' dir='ltr'><strong>impletu</strong></span> <span class='ocrx_word' id='word_1_211' title='bbox 176 3206 260 3262; x_wconf 90' lang='lat' dir='ltr'><strong>sunt.</strong></span> <span class='ocrx_word' id='word_1_212' title='bbox 275 3195 402 3263; x_wconf 82' lang='lat' dir='ltr'><strong>Vidistis</strong></span> <span class='ocrx_word' id='word_1_213' title='bbox 413 3198 498 3262; x_wconf 91' lang='lat' dir='ltr'><strong>enim</strong></span> <span class='ocrx_word' id='word_1_214' title='bbox 509 3220 547 3262; x_wconf 85' lang='lat' dir='ltr'><strong>en</strong></span> <span class='ocrx_word' id='word_1_215' title='bbox 558 3198 710 3286; x_wconf 82' lang='lat' dir='ltr'><strong>primum,</strong></span> <span class='ocrx_word' id='word_1_216' title='bbox 722 3199 830 3287; x_wconf 83' lang='lat' dir='ltr'><strong>sioque</strong></span> <span class='ocrx_word' id='word_1_217' title='bbox 842 3197 956 3262; x_wconf 88' lang='lat' dir='ltr'><strong>deinde</strong></span> <span class='ocrx_word' id='word_1_218' title='bbox 969 3219 1070 3263; x_wconf 86' lang='lat' dir='ltr'><strong>cune-</strong></span> 
     </span>
     <span class='ocr_line' id='line_1_28' title="bbox 44 3305 1068 3395; baseline 0 -25"><span class='ocrx_word' id='word_1_219' title='bbox 44 3305 81 3372; x_wconf 86' lang='lat' dir='ltr'><strong>tis</strong></span> <span class='ocrx_word' id='word_1_220' title='bbox 101 3307 243 3372; x_wconf 79' lang='lat' dir='ltr'><strong>aetntibus</strong></span> <span class='ocrx_word' id='word_1_221' title='bbox 263 3307 472 3395; x_wconf 63' lang='lat' dir='ltr'><strong>praedicastiu</strong></span> <span class='ocrx_word' id='word_1_222' title='bbox 492 3309 615 3373; x_wconf 86' lang='lat' dir='ltr'><strong>eunctis</strong></span> <span class='ocrx_word' id='word_1_223' title='bbox 629 3309 774 3376; x_wconf 70' lang='lat' dir='ltr'><strong>statibus</strong></span> <span class='ocrx_word' id='word_1_224' title='bbox 789 3307 987 3373; x_wconf 76' lang='lat' dir='ltr'><strong>ministr-ustis</strong></span> <span class='ocrx_word' id='word_1_225' title='bbox 1010 3306 1068 3371; x_wconf 83' lang='lat' dir='ltr'><strong>Dei</strong></span> 
     </span>
    </p>
   </div>
   <div class='ocr_carea' id='block_1_3' title="bbox 43 3415 1071 3842">
    <p class='ocr_par' dir='ltr' id='par_1_6' title="bbox 43 3415 1071 3842">
     <span class='ocr_line' id='line_1_29' title="bbox 43 3415 1071 3506; baseline -0.002 -22"><span class='ocrx_word' id='word_1_226' title='bbox 43 3415 175 3488; x_wconf 77' lang='lat' dir='ltr'><strong>onesta.</strong></span> <span class='ocrx_word' id='word_1_227' title='bbox 186 3416 299 3486; x_wconf 85' lang='lat' dir='ltr'><strong>Voooti</strong></span> <span class='ocrx_word' id='word_1_228' title='bbox 312 3418 385 3486; x_wconf 86' lang='lat' dir='ltr'><strong>estis</strong></span> <span class='ocrx_word' id='word_1_229' title='bbox 398 3417 576 3506; x_wconf 63' lang='lat' dir='ltr'><strong>Prophetae,</strong></span> <span class='ocrx_word' id='word_1_230' title='bbox 587 3431 621 3486; x_wconf 88' lang='lat' dir='ltr'><strong>ut</strong></span> <span class='ocrx_word' id='word_1_231' title='bbox 632 3418 765 3486; x_wconf 83' lang='lat' dir='ltr'><strong>salutem</strong></span> <span class='ocrx_word' id='word_1_232' title='bbox 777 3419 926 3486; x_wconf 87' lang='lat' dir='ltr'><strong>omnibus</strong></span> <span class='ocrx_word' id='word_1_233' title='bbox 937 3417 1071 3506; x_wconf 84' lang='lat' dir='ltr'><strong>possetis</strong></span> 
     </span>
     <span class='ocr_line' id='line_1_30' title="bbox 44 3527 1071 3620; baseline -0.002 -26"><span class='ocrx_word' id='word_1_234' title='bbox 44 3539 195 3617; x_wconf 77' lang='lat' dir='ltr'><strong>prestere.</strong></span> <span class='ocrx_word' id='word_1_235' title='bbox 209 3527 301 3595; x_wconf 84' lang='lat' dir='ltr'><strong>Tunc</strong></span> <span class='ocrx_word' id='word_1_236' title='bbox 313 3530 399 3596; x_wconf 89' lang='lat' dir='ltr'><strong>enim</strong></span> <span class='ocrx_word' id='word_1_237' title='bbox 415 3552 488 3595; x_wconf 83' lang='lat' dir='ltr'><strong>rere</strong></span> <span class='ocrx_word' id='word_1_238' title='bbox 503 3531 659 3618; x_wconf 82' lang='lat' dir='ltr'><strong>prophete</strong></span> <span class='ocrx_word' id='word_1_239' title='bbox 672 3543 734 3606; x_wconf 88' lang='lat' dir='ltr'><strong>est,</strong></span> <span class='ocrx_word' id='word_1_240' title='bbox 752 3553 840 3605; x_wconf 86' lang='lat' dir='ltr'><strong>eum,</strong></span> <span class='ocrx_word' id='word_1_241' title='bbox 853 3527 1071 3620; x_wconf 70' lang='lat' dir='ltr'><strong>praenuntiatis</strong></span> 
     </span>
     <span class='ocr_line' id='line_1_31' title="bbox 46 3640 1070 3730; baseline 0 -23"><span class='ocrx_word' id='word_1_242' title='bbox 46 3665 111 3730; x_wconf 81' lang='lat' dir='ltr'><strong>que</strong></span> <span class='ocrx_word' id='word_1_243' title='bbox 126 3641 227 3706; x_wconf 81' lang='lat' dir='ltr'><strong>futuro</strong></span> <span class='ocrx_word' id='word_1_244' title='bbox 249 3653 335 3717; x_wconf 89' lang='lat' dir='ltr'><strong>sunt,</strong></span> <span class='ocrx_word' id='word_1_245' title='bbox 353 3664 390 3706; x_wconf 81' lang='lat' dir='ltr'><strong>ea</strong></span> <span class='ocrx_word' id='word_1_246' title='bbox 412 3653 519 3730; x_wconf 83' lang='lat' dir='ltr'><strong>postes</strong></span> <span class='ocrx_word' id='word_1_247' title='bbox 543 3642 684 3708; x_wconf 82' lang='lat' dir='ltr'><strong>evenisse</strong></span> <span class='ocrx_word' id='word_1_248' title='bbox 705 3641 888 3708; x_wconf 88' lang='lat' dir='ltr'><strong>ostenderit.</strong></span> <span class='ocrx_word' id='word_1_249' title='bbox 908 3641 987 3706; x_wconf 91' lang='lat' dir='ltr'><strong>Boni</strong></span> <span class='ocrx_word' id='word_1_250' title='bbox 1002 3640 1070 3708; x_wconf 83' lang='lat' dir='ltr'><strong>Mn-</strong></span> 
     </span>
     <span class='ocr_line' id='line_1_32' title="bbox 47 3751 1069 3842; baseline -0.002 -22"><span class='ocrx_word' id='word_1_251' title='bbox 47 3752 128 3842; x_wconf 81' lang='lat' dir='ltr'><strong>gistri</strong></span> <span class='ocrx_word' id='word_1_252' title='bbox 146 3751 289 3841; x_wconf 86' lang='lat' dir='ltr'><strong>discipuli</strong></span> <span class='ocrx_word' id='word_1_253' title='bbox 311 3751 420 3820; x_wconf 82' lang='lat' dir='ltr'><strong>fuistis.</strong></span> <span class='ocrx_word' id='word_1_254' title='bbox 447 3753 522 3819; x_wconf 79' lang='lat' dir='ltr'><strong>flaec</strong></span> <span class='ocrx_word' id='word_1_255' title='bbox 544 3753 632 3820; x_wconf 85' lang='lat' dir='ltr'><strong>vobis</strong></span> <span class='ocrx_word' id='word_1_256' title='bbox 651 3753 766 3820; x_wconf 85' lang='lat' dir='ltr'><strong>merito</strong></span> <span class='ocrx_word' id='word_1_257' title='bbox 781 3752 869 3840; x_wconf 81' lang='lat' dir='ltr'><strong>quasi</strong></span> <span class='ocrx_word' id='word_1_258' title='bbox 893 3752 1069 3822; x_wconf 81' lang='lat' dir='ltr'><strong>viventibus</strong></span> 
     </span>
    </p>
   </div>
   <div class='ocr_carea' id='block_1_4' title="bbox 79 3883 218 3948">
    <p class='ocr_par' dir='ltr' id='par_1_7' title="bbox 79 3883 218 3948">
     <span class='ocr_line' id='line_1_33' title="bbox 79 3883 218 3948; baseline -0.029 -16"><span class='ocrx_word' id='word_1_259' title='bbox 79 3885 86 3918; x_wconf 93' lang='lat'>¹</span> <span class='ocrx_word' id='word_1_260' title='bbox 99 3883 153 3932; x_wconf 83' lang='lat' dir='ltr'><strong>leri.</strong></span> <span class='ocrx_word' id='word_1_261' title='bbox 167 3901 181 3931; x_wconf 85' lang='lat' dir='ltr'><strong>r.</strong></span> <span class='ocrx_word' id='word_1_262' title='bbox 198 3901 218 3948; x_wconf 89' lang='lat'><strong>7.</strong></span> 
     </span>
    </p>
   </div>
   <div class='ocr_carea' id='block_1_5' title="bbox 0 0 1288 4614">
    <p class='ocr_par' dir='ltr' id='par_1_8' title="bbox 0 0 1288 4614">
     <span class='ocr_line' id='line_1_34' title="bbox 0 0 1288 4614; baseline 0 0"><span class='ocrx_word' id='word_1_263' title='bbox 0 0 1288 4614; x_wconf 95' lang='lat' dir='ltr'><strong> </strong></span> 
     </span>
    </p>
   </div>
  </div>
 </body>
</html>
