2522 4608
381 245 580 321 rnnacocuo,
603 266 664 310 ιιι.
691 263 725 308 ιι.
1008 239 1073 328 529

23 383 110 441 rena,
140 363 393 431 fundamentum
420 355 643 441 contumeliae,
659 365 712 430 cui
739 363 897 436 innititur,
921 373 955 426 et
977 383 1072 450 super

21 496 116 562 qoem
129 473 308 561 requiescit
319 473 524 539 contumelia.
547 473 637 540 Unde
650 473 792 539 admiror
802 469 1004 560 Apostolum,
1016 470 1072 559 qui

21 583 72 648 hic
87 605 227 671 quoque
242 582 368 658 suadet,
387 611 401 643 ι
415 607 519 672 nequo
534 581 691 658 scurrilia,
708 605 811 672 noque
828 605 899 670 quae
914 603 979 647 non
991 603 1072 648 con-

21 691 177 769 avenit¹,
202 719 218 754 a
240 693 337 758 verba
363 691 538 760 effundere.
564 692 598 759 Si
621 693 707 758 enim
729 703 860 782 propter
883 690 1071 758 charitatem

20 803 217 870 convenitur
229 803 270 870 ad
283 805 442 880 convivia,
455 803 590 870 convivii
606 815 715 868 autem
726 802 798 868 linis
815 814 876 878 oct,
893 802 926 868 in
943 825 998 866 eos
1016 801 1071 889 qui

20 915 224 982 conveniunt
243 913 482 989 benevolentia3
497 914 687 982 charitatem
706 924 814 980 autem
831 923 1072 1000 consequuntur

21 1023 639 1114 cltunctpotuszquomodononeatut
650 1023 1070 1113 ratiopostulatconvcrsnn-

21 1132 153 1210 dum,et
165 1156 233 1200 nec
240 1145 375 1223 propter
383 1132 571 1200 charitatem
583 1133 812 1200 dubitandum?
819 1131 854 1198 Si
861 1132 947 1198 enim
956 1155 1070 1198 convo·

22 1241 123 1308 nimus
140 1253 181 1307 ut
198 1255 351 1308 mutuam
368 1240 623 1310 benevolentiam
635 1265 836 1332 augeremus,
852 1266 950 1331 quare
963 1242 1069 1312 inimi·

24 1351 109 1418 citias
119 1349 533 1441 irridendoprovocamusl
544 1351 650 1418 Satius
662 1363 768 1418 autem
780 1363 829 1418 est
839 1363 959 1428 tacere,
972 1373 1069 1440 quam

24 1461 262 1538 contradicere,
270 1453 441 1552 peccatum
449 1475 582 1552 peccato
590 1462 747 1530 addendo.
762 1463 896 1528 «Beatus
905 1485 1013 1528 revere
1023 1462 1070 1529 vir

23 1598 36 1631 ι
49 1569 100 1636 ille
110 1583 176 1648 est,
189 1571 249 1661 qui
261 1595 327 1638 non
340 1583 389 1638 cst
399 1570 505 1662 lapsus
518 1573 550 1638 in
563 1595 618 1638 ore
635 1595 705 1650 auo,
717 1569 767 1639 vel
780 1595 845 1638 nou
856 1582 1069 1661 compunctus

21 1681 135 1748 »estin
144 1681 296 1749 molestia
305 1681 640 1772 peceati²zavidelicet
652 1685 768 1750 ductus
779 1682 964 1772 poenitentia
976 1706 1070 1772 prop·

20 1804 198 1882 tereaquae
212 1790 508 1882 locutuapeccavit;
520 1791 569 1859 vel
578 1793 662 1869 ideo,
671 1791 757 1879 quod
767 1789 894 1859 locutus
907 1790 1069 1857 neminem

20 1899 169 1968 molestia
180 1901 336 1969 affecerit.
348 1903 386 1970 ln
395 1926 519 1968 summa
530 1925 605 1992 crgo
617 1895 833 1968 adolescentes*
844 1912 877 1966 et
887 1899 1068 1967 adolescen-

26 2009 107 2078 tuta
118 2014 160 2078 ab
177 2013 337 2102 eiusmodi
349 2014 502 2081 conviviis
520 2014 651 2080 omniuo
661 2013 852 2090 abstineant,
865 2037 905 2080 no
920 2012 1068 2080 labantur

24 2122 62 2188 in
74 2123 194 2212 quibua
204 2125 333 2190 minime
345 2123 448 2190 decet.
460 2123 620 2191 lnuoitatae
632 2123 719 2190 onim
730 2123 918 2199 auditiones,
931 2135 964 2189 et
974 2123 1067 2190 inde-

24 2253 106 2299 cora
120 2214 315 2321 spectacula,
336 2232 420 2300 dum·
431 2233 464 2300 in
477 2234 523 2299 eia
541 2232 649 2300 adhuc
665 2231 745 2298 fides
760 2229 908 2308 ssuctuat,
925 2245 1067 2298 montem

22 2363 140 2408 eornm
160 2341 358 2410 eventilant:
372 2342 473 2410 aetatia
495 2356 602 2410 autem
619 2343 806 2410 instabilitas
826 2340 920 2408 simul
942 2342 1066 2410 adhoc

19 2453 161 2529 confert,
186 2464 224 2518 ut
244 2453 279 2519 in
293 2451 485 2541 cupiditates
504 2450 648 2518 ferantur
666 2451 856 2541 praecipiter.
883 2449 1068 2530 Quinetiam

17 2586 259 2654 nonnunquam
281 2561 350 2630 aliia
372 2585 475 2630 causae
506 2575 581 2628 sunt
610 2561 836 2637 offensionum,
856 2561 933 2628 dum
953 2559 1068 2628 llorem

16 2675 120 2742 eutis
150 2697 236 2751 auce,
258 2674 292 2740 in
319 2697 383 2762 quo
407 2673 581 2740 maximum
605 2683 654 2738 eat
673 2670 868 2762 periculum,
892 2682 1061 2738 ostentant.

16 2781 119 2850 Recte
141 2783 233 2850 enim
252 2783 378 2849 ridetur
396 2783 570 2872 precipere
585 2779 746 2872 Sapientia
766 2805 774 2847 ε
795 2809 808 2842 ι
826 2781 909 2850 Cum
931 2779 1066 2849 muliere

18 2919 34 2953 ι
49 2916 122 2981 quae
133 2893 207 2958 viro
226 2893 372 2982 subjecta
386 2903 447 2970 eat,
465 2915 505 2958 no
517 2891 648 2958 omnino
662 2892 784 2969 sedena,
800 2903 832 2958 et
847 2915 887 2958 ne
902 2917 998 2981 cuper
1011 2915 1065 2959 cu·

19 3031 34 3064 ι
50 3002 157 3068 bitum
181 3025 259 3070 cum
276 3025 315 3069 ea
334 3003 564 3070 recubuerint:
585 3032 598 3066 ι
625 3002 690 3070 hoc
703 3015 764 3078 est,
788 3026 829 3069 ne
850 3025 924 3070 cum
944 3026 981 3068 ea
1000 3002 1016 3067 f
1047 3041 1064 3051 -

18 3114 172 3202 quentiae
183 3133 307 3189 coenea,
320 3137 423 3202 noque
434 3134 510 3180 cum
521 3135 558 3178 ea
570 3114 729 3180 comedas.
740 3115 782 3182 Et
793 3113 865 3178 ideo
876 3112 1059 3200 subjungit:

25 3222 170 3312 «Neque
184 3247 264 3291 cum
282 3247 319 3290 ca
340 3224 374 3290 in
391 3224 465 3290 vino
482 3224 708 3314 congrediaris,
727 3223 912 3312 nequando
933 3221 1065 3290 inclinet

16 3361 31 3396 ι
48 3347 214 3402 cortuum
225 3335 381 3424 inipsam,
393 3347 426 3401 et
437 3335 651 3425 sanguinetuo
663 3334 789 3401 labatur
799 3335 839 3400 nd
852 3335 1028 3400 interitum.
1043 3364 1056 3398 ι

15 3441 161 3510 Lubrica
173 3445 262 3512 enim
272 3469 324 3512 rea
335 3457 384 3512 est
392 3444 520 3512 libertas
532 3446 565 3513 in
577 3446 662 3522 vino,
673 3457 706 3511 et
717 3457 789 3535 apta
801 3445 842 3510 ad
854 3441 1064 3512 dessoreaccn-
1135 3461 1145 3482 ·

17 3552 113 3620 dum.
132 3554 164 3617 V
165 3558 218 3621 iro
239 3567 349 3622 autem
374 3557 554 3644 subjectam
575 3556 764 3631 nominavit,
789 3555 876 3643 quod
897 3550 999 3642 majus
1022 3555 1063 3622 sit

14 3663 251 3754 pericnlumei
278 3666 334 3755 qui
357 3667 510 3733 connubii
533 3653 694 3734 viucululn
715 3675 850 3730 conatur
876 3662 1057 3732 dissolvero.

15 3773 121 3854 Quod
135 3775 161 3841 si
175 3773 281 3865 aliqua
294 3777 465 3862 necessitas
483 3777 625 3844 evenerit
637 3799 713 3865 quae.
719 3797 772 3840 eas
789 3775 880 3886 jubet
891 3774 1058 3848 cecedoro,

50 3925 60 3958 ¹
76 3925 172 3991 Ephu.
182 3943 208 3986 r,
217 3925 243 3986 l.
255 3953 285 3966 ·-
295 3923 308 3960 ²
319 3925 399 3976 Faecli.
413 3943 465 3988 ιιι,
477 3944 498 3975 ι.
512 3923 563 3965 -l
575 3925 643 3976 ibid.
653 3941 688 3988 rx,
703 3941 740 3974 ιι.
