2614 4628
195 273 237 338 ..8
555 289 586 331 u.
616 289 741 334 ursnru
765 289 881 332 saurais

193 436 242 482 nse
257 407 425 500 opinionis,
440 415 474 474 et
488 407 594 498 inepto
609 407 718 475 solatia
732 431 750 474 a
766 407 867 497 poetis
883 404 1046 473 fallacibus
1060 408 1094 473 in
1110 406 1226 474 dulce-

195 522 268 588 dine
283 517 431 586 terminis
444 513 525 593 lusa,
540 538 559 581 a
573 517 663 583 vobis
678 515 830 582 nimirum
844 512 981 580 credulis
993 515 1025 580 in
1036 514 1141 580 Deum
1157 538 1228 580 res·

195 641 283 696 trum
296 627 432 716 turpiter
446 623 614 690 reformata
626 639 711 691 sunt.

239 739 314 807 ΧΗ.
334 738 399 806 Nec
414 733 526 802 saltem
541 738 581 802 da
597 736 806 825 praesentibus
823 736 935 825 capitis
955 737 1227 826 experimentum,

195 872 362 941 quamtus
385 848 482 914 irritae
501 845 736 936 pollicitationis
753 869 840 913 cassa
858 859 928 912 vota
946 847 1106 936 decipiant
1123 871 1132 913 :
1149 846 1232 936 quid

195 972 418 1053 postmortem
432 957 626 1048 impendeat,
642 957 768 1024 miseri!
786 956 865 1022 dum
881 957 988 1023 adhue
1007 957 1122 1034 vivitis,
1138 958 1229 1025 aeati·
1299 1001 1303 1038 :

195 1084 290 1139 mate.
309 1071 394 1137 Ecce
407 1091 479 1158 pars
498 1079 637 1134 restrum
652 1080 685 1132 et
699 1068 815 1158 major,
832 1066 957 1143 melior,
974 1079 1011 1132 ut
1025 1067 1143 1146 dicitis,
1155 1091 1230 1158 ege-

194 1179 247 1258 tis,
264 1181 386 1271 algetis,
403 1201 511 1268 opere,
527 1178 624 1255 lame,
639 1176 789 1245 laboratis
805 1200 813 1242 ε
832 1189 867 1242 et
880 1177 966 1244 Deus
978 1179 1112 1268 patitur,
1133 1179 1232 1244 dissi·

195 1291 311 1364 mulat;
339 1313 403 1356 non
424 1286 507 1366 vult,
529 1301 585 1354 aut
614 1311 679 1354 non
701 1299 807 1377 potest
825 1287 973 1378 opitulari
995 1290 1068 1354 suia.
1096 1287 1143 1353 lta
1170 1299 1231 1353 aut
1305 1353 1306 1356 ,

194 1401 362 1477 invalidus,
378 1412 434 1465 aut
447 1398 574 1486 iniquus
587 1409 645 1465 est.
661 1397 724 1473 Tu,
740 1399 794 1487 qui
809 1396 1078 1465 immortalitatem
1090 1398 1230 1486 posthu-

195 1483 281 1580 mam
295 1509 446 1586 somnias,
456 1531 532 1576 cum
546 1507 688 1598 periculo
703 1508 854 1597 quateris,
868 1531 944 1574 cum
956 1506 1097 1576 febribus
1110 1509 1227 1584 ureris,

195 1645 271 1690 cum
286 1619 396 1688 dolore
417 1617 577 1695 laceraris,
594 1619 738 1684 nondum
757 1617 974 1704 conditionem
994 1630 1081 1682 tuam
1102 1619 1229 1683 sentis?

195 1732 339 1800 nondum
363 1730 507 1819 agnoscis
532 1727 758 1817 fragilitatem?
780 1727 895 1794 inritus
916 1727 1013 1792 miser
1034 1725 1229 1794 infirmitatis

195 1842 349 1933 argueris,
371 1863 432 1906 noc
455 1836 584 1904 lateris?
599 1836 664 1903 Sed
684 1838 798 1902 omitto
816 1837 1009 1903 communia.
1030 1835 1117 1904 Ecce
1137 1838 1228 1904 robis

196 1955 302 2026 mmo,
318 1947 484 2038 supplicis,
498 1957 669 2024 tormenta,
685 1947 798 2034 etjam
810 1970 874 2014 non
886 1946 1066 2024 adorandae,
1083 1948 1141 2013 sed
1152 1949 1228 2014 sub-

196 2062 309 2131 eundae
325 2080 435 2126 cruces
444 2081 455 2131 ς
473 2057 561 2146 ignea
576 2055 686 2133 etiam,
701 2078 783 2143 quos
797 2069 829 2122 et
851 2057 1019 2146 praedicitis
1034 2069 1067 2121 et
1083 2056 1225 2122 timetis:

198 2173 253 2240 ubi
266 2172 352 2238 Deua
366 2166 432 2242 ille,
448 2166 502 2255 qui
518 2165 688 2232 subvenire
702 2167 961 2233 reviviscentibus
978 2153 1098 2256 potest,-
1117 2167 1229 2234 viven-

148 2365 150 2370 ι
198 2285 283 2351 tibus
295 2303 361 2348 nou
372 2276 623 2370 potesthonna
632 2275 768 2344 Romani
778 2277 847 2344 sine
858 2289 962 2343 vestro
974 2276 1043 2342 Deo
1055 2277 1229 2366 imperant,

198 2403 343 2486 regnent,
366 2389 518 2455 fruuntur
540 2389 618 2454 orbe
640 2398 719 2466 toto,
741 2388 901 2476 vestrique
922 2388 1152 2453 dominantur?
1171 2411 1230 2455 voa

197 2525 272 2572 vero
287 2500 430 2590 suspensi
446 2498 574 2564 interim
589 2509 684 2585 atque
699 2495 838 2575 solliciti,
859 2499 1000 2565 honestis
1015 2497 1231 2588 voluptatibus

197 2611 361 2683 abstinetis
376 2630 386 2672 ε
404 2631 469 2675 non
484 2607 664 2696 spectacula
684 2608 795 2686 visitis,
818 2633 884 2676 non
902 2610 1025 2698 pompis
1046 2610 1226 2682 interestis;

148 2807 152 2816 ⁸
197 2721 340 2792 convivia
354 2716 482 2810 publiea
497 2716 615 2804 absque
630 2719 735 2792 vobia3
754 2742 844 2786 sacra
859 2720 1046 2795 certamina,
1061 2740 1225 2808 praecerp·

171 2919 175 2926 1
198 2847 247 2901 tos
262 2833 366 2906 cibos,
385 2839 419 2894 et
439 2825 593 2893 delibutos
611 2827 763 2894 altaribus
780 2829 1082 2918 potusabhorrotis.
1104 2827 1161 2894 Sic
1176 2851 1228 2894 re-

176 3017 177 3022 ,
199 2939 373 3012 formidatis
390 2939 478 3013 deos,
499 2960 577 3024 quos
592 2940 723 3028 negatis.
743 2939 813 3006 Non
828 2937 961 3007 {loribus
977 2951 1073 3028 caput
1088 2939 1228 3012 nectitis,

199 3079 264 3122 non
278 3073 394 3140 eorpus
410 3046 560 3114 odoribus
578 3047 750 3114 honestetis
769 3072 778 3113 ε
801 3050 967 3116 reservetis
990 3061 1152 3138 unguenta
1175 3047 1228 3114 su·

200 3165 353 3231 neribus:
372 3177 505 3227 coronas
527 3158 624 3224 etiam
646 3158 799 3248 sepulcris
822 3160 995 3250 denegatis,
1019 3158 1142 3248 pallidi,
1164 3172 1230 3224 tre·

156 3271 161 3282 ‘
199 3273 281 3364 pidi,
296 3267 510 3338 misericordia
534 3267 634 3357 digni,
653 3269 709 3335 sed
727 3281 910 3336 nostrorum
927 3270 1084 3336 deorum=
1108 3269 1153 3334 ita
1169 3289 1232 3334 nec

124 3369 125 3376 ἵ
200 3380 360 3469 &surgitis
381 3377 500 3452 miseri,
520 3399 581 3444 nec
603 3378 730 3445 interim
752 3380 864 3446 vivitis.
883 3379 1020 3446 Proinde
1035 3379 1061 3444 si
1076 3379 1156 3466 quid
1178 3399 1233 3444 sa·

201 3489 326 3582 pientiae
340 3488 428 3556 robis
447 3499 503 3554 aut
519 3488 716 3554 verecundie
730 3500 791 3565 est,
808 3489 940 3554 desinite
963 3487 1035 3554 eoeli
1056 3487 1179 3578 plagas,
1199 3500 1234 3553 at

200 3599 312 3669 mundi
324 3595 386 3662 lata
397 3608 431 3662 et
440 3607 561 3664 secreta
573 3597 690 3663 rimari.
705 3597 788 3665 Satis
798 3612 846 3665 eat
857 3622 915 3688 pro
926 3599 1059 3688 pedibus
1072 3598 1233 3687 aspicere,

201 3708 337 3778 maxime
356 3705 507 3783 indoctis,
530 3705 691 3798 impolitis,
715 3709 861 3784 rudibus,
882 3709 1057 3799 agrestibus
1080 3729 1088 3770 τ
1111 3709 1233 3796 quibus

201 3843 266 3888 non
280 3830 328 3886 est
343 3815 453 3883 datum
467 3815 642 3909 intelligere
658 3818 774 3896 civilia,
798 3819 900 3888 multo
918 3821 1017 3910 magis
1036 3819 1233 3908 denegatum

126 4021 135 4045 c
200 3943 248 3997 ast
262 3930 415 3997 disserere
428 3925 542 3992 divina.
