2478 4594
217 209 281 276 dra
529 230 702 276 cmunrrrs
728 229 928 279 amaretur

193 425 200 434 ,
214 353 377 446 voluntate
403 353 500 442 patris
527 352 754 442 omnipotentis
768 401 778 428 ,
800 365 903 420 auctor
916 366 945 420 et
959 377 1034 422 musa
1045 357 1148 426 ttae

215 462 338 552 pr'mrur
358 459 490 528 effector
508 472 641 538 motus,
663 472 806 549 potestas
829 484 896 549 quae
922 485 1001 528 sensu
1024 487 1072 529 noa
1091 480 1149 553 patra

216 569 457 659 comprehendi.
477 569 547 636 Non
558 569 643 636 enim
659 568 692 634 id
702 570 791 656 quod
801 581 887 644 erat,
901 569 974 636 risus
986 582 1025 636 est
1035 571 1063 638 iis
1073 574 1149 661 quina

216 687 363 764 poterant
376 695 491 762 capere
504 683 634 762 propter
648 671 900 742 imbecillitatem
914 675 1011 740 carnis.
1025 676 1151 744 Qatnu

217 803 348 850 carnem
369 781 543 868 accepisset
565 779 733 858 sensilem,
751 781 841 846 venit
863 793 1024 848 osteusanu
1044 782 1152 850 honirila

216 889 408 956 sufficientes
423 909 492 954 esse
507 911 620 954 eorum
635 889 735 965 vires,
751 899 792 953 ut
806 889 926 978 possint
937 889 1047 956 obedire
1055 890 1152 956 aaa

216 999 299 1064 Cum
313 997 353 1062 sit
363 1019 441 1085 ergo
457 995 557 1062 virtus
574 1007 707 1086 paterna
719 1045 729 1073 ‚
752 995 850 1062 facile
864 1007 981 1085 superat
993 1019 1025 1064 ea
1036 1021 1087 1084 qua
1098 997 1154 1062 rdn

214 1102 276 1179 rit,
294 1124 337 1166 ne
358 1101 529 1167 minimum
557 1101 689 1188 quidem
715 1099 921 1188 relinquens,
942 1101 1022 1188 cujus
1039 1122 1114 1166 eum
1125 1125 1154 1164 ru

212 1216 302 1295 gerat
313 1205 382 1292 ejus
399 1203 640 1272 administratio.
667 1204 779 1293 Neque
802 1203 930 1270 enimsi
949 1202 979 1268 id
992 1202 1155 1270 lierettotund

211 1335 253 1384 eo
277 1312 387 1400 utique
409 1324 496 1378 recte
518 1323 601 1378 esset
620 1311 787 1378 ellectum.
815 1312 958 1378 Maxima
976 1313 1154 1388 autmutari

213 1431 301 1496 tror,
312 1421 476 1510 potestatis
489 1433 538 1486 est
549 1420 692 1488 omnium
707 1421 873 1510 partium,
889 1419 983 1486 etiam
997 1420 1154 1506 mquerdrii

213 1549 321 1606 mam,
335 1541 483 1596 accurata
497 1529 707 1606 examinatio,
723 1530 905 1620 pervadens
917 1528 957 1594 ad
971 1530 1079 1618 primm
1089 1527 1154 1592 arira
1182 1536 1184 1624 1

213 1657 324 1704 tonum
341 1635 646 1714 administratorem,
664 1636 718 1726 qui
741 1634 966 1704 ‹ax-voluntate
982 1637 1061 1725 patris
1069 1638 1150 1723 putam
1183 1630 1185 1664 ³

215 1743 363 1812 omnium
383 1742 540 1836 salutem,
561 1742 627 1811 aliis
650 1744 804 1810 ordinatis
835 1744 892 1832 qui
914 1745 972 1808 sub
1000 1741 1054 1809 aliis
1071 1740 1150 1830 petis

216 1852 407 1930 observent,
430 1864 463 1917 et
484 1873 594 1918 curam
609 1862 740 1940 gerant,
760 1851 871 1918 donec
890 1851 1068 1942 perveniatur
1081 1849 1153 1934 adue

215 1982 296 2026 num
311 1958 507 2050 pontificem.
536 1957 588 2026 ab
607 1981 672 2024 uno
695 1958 782 2026 enim
810 1959 952 2048 desuper
972 1952 1155 2046 principiaqud

215 2067 446 2136 convenienter
463 2066 560 2156 patris
576 2064 729 2134 voluntati
744 2079 921 2156 operatur,
939 2064 1084 2154 dependent
1094 2061 1157 2150 prin.

214 2174 375 2252 secunda,
390 2183 422 2239 et
438 2174 541 2242 tertia.
557 2173 680 2242 Deinde
694 2173 727 2240 in
739 2197 871 2242 summo
887 2173 951 2240 line
964 2174 1026 2262 ejus
1042 2169 1157 2259 quodapr

214 2294 285 2362 ret,
310 2283 394 2350 beati
418 2282 512 2374 positi
536 2293 611 2351 sunt
628 2281 768 2372 dagali,
789 2295 892 2374 atque
912 2282 991 2350 adeo
1009 2301 1082 2369 usque
1095 2275 1119 2341 ad
1131 2295 1159 2338 ro

215 2389 302 2480 ipsos
315 2440 325 2468 ,
337 2389 389 2458 alii
415 2393 476 2458 sub
492 2387 559 2456 aliis
570 2402 645 2458 sunt
655 2387 800 2458 collocati
813 2441 823 2468 ,
837 2391 896 2480 qui
911 2414 951 2456 ex
966 2401 1159 2486 unoetpctttttt

215 2509 249 2564 et
272 2509 437 2565 servantur
450 2509 484 2562 et
499 2508 636 2564 serrant.
661 2497 948 2578 Quemadmodum
964 2520 1032 2586 ergo
1047 2493 1081 2560 rd
1091 2488 1158 2558 adnm

213 2627 289 2695 pam
304 2605 398 2682 ferri,
426 2603 538 2694 lapidis
565 2605 720 2694 magnetis
747 2605 863 2694 spiritu
890 2618 1034 2674 moretur
1049 2594 1156 2692 perdta

216 2709 350 2778 annulos
364 2712 484 2778 ferreos
499 2724 646 2780 extensa:
664 2713 707 2778 ita
722 2712 818 2780 etiam
834 2714 981 2804 quisunt
994 2699 1158 2795 antarpoti

216 2818 324 2886 divino
335 2819 448 2908 spiritu
466 2820 590 2886 attracti
602 2869 611 2896 ,
627 2843 702 2886 enm
713 2820 815 2910 prima
823 2821 991 2888 mansione
1003 2820 1163 2907 conjungmttt·

217 2927 366 3016 deinceps
383 2938 490 2994 autem
508 2925 560 2993 alii
579 2951 679 3017 usque
692 2927 735 2994 ad
748 2940 966 3017 postremam:
985 2928 1033 3018 qui
1046 2925 1164 2993 saraam

216 3033 343 3102 mulier
352 3033 593 3110 imbecillitate,
607 3057 684 3101 cum
699 3033 757 3124 per
771 3035 926 3125 injustam
944 3022 1168 3102 insatiabilitatemit

215 3139 338 3210 malum
350 3140 496 3210 habitum
510 3141 699 3220 inciderint,
713 3165 787 3210 cum
806 3167 869 3212 nee
888 3169 923 3212 se
938 3153 1068 3218 teneant,
1079 3129 1168 3222 „aad

216 3247 279 3316 alio
293 3260 482 3326 teneantur,
500 3249 729 3317 circumfluunt
748 3251 936 3320 circumacti
950 3241 1170 3342 perturbationibus

217 3354 372 3446 humique
391 3357 555 3425 decidunt.
578 3357 644 3424 Lex
662 3359 748 3426 enim
764 3359 836 3428 hac
858 3359 1012 3451 principio
1031 3359 1086 3423 data
1101 3354 1172 3423 uad

218 3465 273 3550 qui
289 3462 365 3530 velit
379 3463 473 3555 eligat
492 3465 652 3532 virtutem.
672 3467 830 3549 Quocirca
845 3480 1001 3559 praecepta
1020 3472 1173 3555 quoqutrlul

218 3581 250 3636 et
273 3570 307 3638 in
326 3571 411 3662 Lege
424 3584 457 3640 et
473 3587 545 3640 ante
560 3573 677 3663 legem
691 3589 781 3642 erant
791 3599 856 3643 non
868 3578 958 3666 justis
969 3577 1033 3642 data
1045 3558 1173 3659 (janah

218 3697 279 3744 aaa
294 3691 338 3746 cst
353 3682 417 3748 lae
433 3685 498 3750 tnta
509 3681 518 3716 ¹
530 3685 558 3772 ),
579 3693 775 3760 statuerunt,
796 3695 831 3750 at
855 3686 909 3774 qui
932 3683 1060 3774 elegisset
1077 3671 1171 3766 quidem

255 3834 437 3904 ¹1T1m.r‚9.
