<?xml version="1.0" encoding="UTF-8"?>
<!DOCTYPE html PUBLIC "-//W3C//DTD XHTML 1.0 Transitional//EN"
    "http://www.w3.org/TR/xhtml1/DTD/xhtml1-transitional.dtd">
<html xmlns="http://www.w3.org/1999/xhtml" xml:lang="en" lang="en">
 <head>
  <title>
</title>
<meta http-equiv="Content-Type" content="text/html;charset=utf-8" />
  <meta name='ocr-system' content='tesseract 3.04.00' />
  <meta name='ocr-capabilities' content='ocr_page ocr_carea ocr_par ocr_line ocrx_word'/>
</head>
<body>
  <div class='ocr_page' id='page_1' title='image "./collectioselect00guilgoog_0604.png"; bbox 0 0 2412 4596; ppageno 0'>
   <div class='ocr_carea' id='block_1_1' title="bbox 228 226 944 296">
    <p class='ocr_par' dir='ltr' id='par_1_1' title="bbox 228 226 944 296">
     <span class='ocr_line' id='line_1_1' title="bbox 228 226 944 296; baseline 0.006 -4"><span class='ocrx_word' id='word_1_1' title='bbox 228 226 289 292; x_wconf 72' lang='lat'><strong>106</strong></span> <span class='ocrx_word' id='word_1_2' title='bbox 535 246 707 292; x_wconf 79' lang='lat' dir='ltr'><strong>ccnmnrrs</strong></span> <span class='ocrx_word' id='word_1_3' title='bbox 733 249 944 296; x_wconf 76' lang='lat' dir='ltr'><strong>rnnxrnmurr</strong></span> 
     </span>
    </p>
   </div>
   <div class='ocr_carea' id='block_1_2' title="bbox 222 355 1193 570">
    <p class='ocr_par' dir='ltr' id='par_1_2' title="bbox 222 355 1193 570">
     <span class='ocr_line' id='line_1_2' title="bbox 223 355 1193 478; baseline 0 -40"><span class='ocrx_word' id='word_1_4' title='bbox 223 373 267 438; x_wconf 89' lang='lat' dir='ltr'><strong>ita</strong></span> <span class='ocrx_word' id='word_1_5' title='bbox 286 369 426 461; x_wconf 80' lang='lat' dir='ltr'><strong>agendo,</strong></span> <span class='ocrx_word' id='word_1_6' title='bbox 443 355 480 436; x_wconf 69' lang='lat' dir='ltr'><strong>ud</strong></span> <span class='ocrx_word' id='word_1_7' title='bbox 497 393 553 448; x_wconf 83' lang='lat' dir='ltr'><strong>en,</strong></span> <span class='ocrx_word' id='word_1_8' title='bbox 572 393 642 460; x_wconf 81' lang='lat' dir='ltr'><strong>quae</strong></span> <span class='ocrx_word' id='word_1_9' title='bbox 657 372 690 436; x_wconf 91' lang='lat' dir='ltr'><strong>in</strong></span> <span class='ocrx_word' id='word_1_10' title='bbox 707 369 849 438; x_wconf 80' lang='lat' dir='ltr'><strong>fruendis</strong></span> <span class='ocrx_word' id='word_1_11' title='bbox 867 371 989 442; x_wconf 81' lang='lat' dir='ltr'><strong>deliciis</strong></span> <span class='ocrx_word' id='word_1_12' title='bbox 1009 374 1147 478; x_wconf 67' lang='lat' dir='ltr'><strong>reddunt,</strong></span> <span class='ocrx_word' id='word_1_13' title='bbox 1163 379 1172 427; x_wconf 60' lang='lat'><strong>=&#39;-</strong></span> <span class='ocrx_word' id='word_1_14' title='bbox 1192 417 1193 422; x_wconf 22' lang='grc' dir='ltr'><strong>κ</strong></span> 
     </span>
     <span class='ocr_line' id='line_1_3' title="bbox 222 478 1099 570; baseline 0.002 -24"><span class='ocrx_word' id='word_1_15' title='bbox 222 478 289 547; x_wconf 85' lang='lat' dir='ltr'><strong>aliis</strong></span> <span class='ocrx_word' id='word_1_16' title='bbox 303 503 452 570; x_wconf 75' lang='lat' dir='ltr'><strong>magnum</strong></span> <span class='ocrx_word' id='word_1_17' title='bbox 467 479 654 569; x_wconf 70' lang='lat' dir='ltr'><strong>praemium,</strong></span> <span class='ocrx_word' id='word_1_18' title='bbox 672 480 766 546; x_wconf 87' lang='lat' dir='ltr'><strong>nobis</strong></span> <span class='ocrx_word' id='word_1_19' title='bbox 783 492 891 547; x_wconf 85' lang='lat' dir='ltr'><strong>autem</strong></span> <span class='ocrx_word' id='word_1_20' title='bbox 905 504 972 546; x_wconf 91' lang='lat' dir='ltr'><strong>non</strong></span> <span class='ocrx_word' id='word_1_21' title='bbox 985 481 1099 548; x_wconf 83' lang='lat' dir='ltr'><strong>itidem</strong></span> 
     </span>
    </p>
   </div>
   <div class='ocr_carea' id='block_1_3' title="bbox 125 646 1194 964">
    <p class='ocr_par' dir='ltr' id='par_1_3' title="bbox 125 646 1194 964">
     <span class='ocr_line' id='line_1_4' title="bbox 269 646 1194 746; baseline 0.005 -28"><span class='ocrx_word' id='word_1_22' title='bbox 269 651 360 718; x_wconf 90' lang='lat' dir='ltr'><strong>Hinc</strong></span> <span class='ocrx_word' id='word_1_23' title='bbox 381 646 549 746; x_wconf 80' lang='lat' dir='ltr'><strong>voluptas</strong></span> <span class='ocrx_word' id='word_1_24' title='bbox 568 670 643 718; x_wconf 91' lang='lat' dir='ltr'><strong>nou</strong></span> <span class='ocrx_word' id='word_1_25' title='bbox 670 659 724 718; x_wconf 86' lang='lat' dir='ltr'><strong>est</strong></span> <span class='ocrx_word' id='word_1_26' title='bbox 748 647 961 744; x_wconf 64' lang='lat' dir='ltr'><strong>vircestria,</strong></span> <span class='ocrx_word' id='word_1_27' title='bbox 977 646 1076 744; x_wconf 92' lang='lat' dir='ltr'><strong>quod</strong></span> <span class='ocrx_word' id='word_1_28' title='bbox 1097 648 1194 724; x_wconf 72' lang='lat' dir='ltr'><strong>ubido·</strong></span> 
     </span>
     <span class='ocr_line' id='line_1_5' title="bbox 125 759 1178 862; baseline 0.003 -29"><span class='ocrx_word' id='word_1_29' title='bbox 125 763 129 770; x_wconf 83' lang='grc'><strong>’</strong></span> <span class='ocrx_word' id='word_1_30' title='bbox 220 759 337 834; x_wconf 90' lang='lat' dir='ltr'><strong>ductis</strong></span> <span class='ocrx_word' id='word_1_31' title='bbox 349 759 518 834; x_wconf 89' lang='lat' dir='ltr'><strong>omnibus</strong></span> <span class='ocrx_word' id='word_1_32' title='bbox 529 759 829 860; x_wconf 88' lang='lat' dir='ltr'><strong>philosophorum</strong></span> <span class='ocrx_word' id='word_1_33' title='bbox 840 761 1178 862; x_wconf 85' lang='lat' dir='ltr'><strong>opinionibusd</strong></span> 
     </span>
     <span class='ocr_line' id='line_1_6' title="bbox 222 873 662 964; baseline -0.005 -18"><span class='ocrx_word' id='word_1_34' title='bbox 222 878 347 964; x_wconf 83' lang='lat' dir='ltr'><strong>travit,</strong></span> <span class='ocrx_word' id='word_1_35' title='bbox 364 878 416 946; x_wconf 89' lang='lat' dir='ltr'><strong>ita</strong></span> <span class='ocrx_word' id='word_1_36' title='bbox 433 873 637 948; x_wconf 89' lang='lat' dir='ltr'><strong>concludit¹</strong></span> <span class='ocrx_word' id='word_1_37' title='bbox 648 873 662 944; x_wconf 74' lang='grc' dir='ltr'><strong>ἐ</strong></span> 
     </span>
    </p>
   </div>
   <div class='ocr_carea' id='block_1_4' title="bbox 140 1019 1185 1856">
    <p class='ocr_par' dir='ltr' id='par_1_4' title="bbox 140 1019 1185 1856">
     <span class='ocr_line' id='line_1_7' title="bbox 261 1019 1185 1111; baseline -0.005 -21"><span class='ocrx_word' id='word_1_38' title='bbox 261 1023 368 1090; x_wconf 73' lang='lat' dir='ltr'><strong>Recta</strong></span> <span class='ocrx_word' id='word_1_39' title='bbox 383 1033 489 1088; x_wconf 82' lang='lat' dir='ltr'><strong>nutam</strong></span> <span class='ocrx_word' id='word_1_40' title='bbox 499 1019 612 1087; x_wconf 74' lang='lat' dir='ltr'><strong>rationi</strong></span> <span class='ocrx_word' id='word_1_41' title='bbox 623 1043 679 1085; x_wconf 87' lang='lat' dir='ltr'><strong>seu</strong></span> <span class='ocrx_word' id='word_1_42' title='bbox 690 1019 793 1111; x_wconf 72' lang='lat' dir='ltr'><strong>Logo,</strong></span> <span class='ocrx_word' id='word_1_43' title='bbox 808 1020 1112 1111; x_wconf 83' lang='lat' dir='ltr'><strong>quoadiieripotest‚</strong></span> <span class='ocrx_word' id='word_1_44' title='bbox 1132 1066 1134 1071; x_wconf 83' lang='lat'><em>.</em></span> <span class='ocrx_word' id='word_1_45' title='bbox 1151 1056 1153 1059; x_wconf 32' lang='lat' dir='ltr'>v</span> <span class='ocrx_word' id='word_1_46' title='bbox 1177 1019 1185 1039; x_wconf 83' lang='lat'>⁸</span> 
     </span>
     <span class='ocr_line' id='line_1_8' title="bbox 218 1127 1151 1218; baseline 0.001 -23"><span class='ocrx_word' id='word_1_47' title='bbox 218 1127 310 1207; x_wconf 86' lang='lat' dir='ltr'><strong>latio,</strong></span> <span class='ocrx_word' id='word_1_48' title='bbox 327 1141 375 1198; x_wconf 86' lang='lat' dir='ltr'><strong>est</strong></span> <span class='ocrx_word' id='word_1_49' title='bbox 389 1129 479 1206; x_wconf 82' lang='lat' dir='ltr'><strong>finis,</strong></span> <span class='ocrx_word' id='word_1_50' title='bbox 492 1141 525 1195; x_wconf 82' lang='lat' dir='ltr'><strong>et</strong></span> <span class='ocrx_word' id='word_1_51' title='bbox 538 1129 571 1196; x_wconf 91' lang='lat' dir='ltr'><strong>in</strong></span> <span class='ocrx_word' id='word_1_52' title='bbox 580 1127 707 1196; x_wconf 81' lang='lat' dir='ltr'><strong>finalem</strong></span> <span class='ocrx_word' id='word_1_53' title='bbox 718 1151 774 1196; x_wconf 84' lang='lat' dir='ltr'><strong>seu</strong></span> <span class='ocrx_word' id='word_1_54' title='bbox 783 1128 958 1218; x_wconf 63' lang='lat' dir='ltr'><strong>perfectam</strong></span> <span class='ocrx_word' id='word_1_55' title='bbox 975 1129 1151 1218; x_wconf 77' lang='lat' dir='ltr'><strong>adoptiuum</strong></span> 
     </span>
     <span class='ocr_line' id='line_1_9' title="bbox 140 1235 1137 1344; baseline -0.007 -36"><span class='ocrx_word' id='word_1_56' title='bbox 140 1301 142 1308; x_wconf 23' lang='lat' dir='ltr'><strong>r</strong></span> <span class='ocrx_word' id='word_1_57' title='bbox 217 1237 334 1305; x_wconf 81' lang='lat' dir='ltr'><strong>Filium</strong></span> <span class='ocrx_word' id='word_1_58' title='bbox 350 1260 407 1304; x_wconf 87' lang='lat' dir='ltr'><strong>nos</strong></span> <span class='ocrx_word' id='word_1_59' title='bbox 422 1236 577 1344; x_wconf 47' lang='lat' dir='ltr'><strong>resipuit,</strong></span> <span class='ocrx_word' id='word_1_60' title='bbox 588 1235 777 1324; x_wconf 81' lang='lat' dir='ltr'><strong>Patremque</strong></span> <span class='ocrx_word' id='word_1_61' title='bbox 792 1259 917 1326; x_wconf 85' lang='lat' dir='ltr'><strong>semper</strong></span> <span class='ocrx_word' id='word_1_62' title='bbox 931 1236 1137 1326; x_wconf 70' lang='lat' dir='ltr'><strong>glorificatper</strong></span> 
     </span>
     <span class='ocr_line' id='line_1_10' title="bbox 215 1344 1167 1436; baseline -0.003 -23"><span class='ocrx_word' id='word_1_63' title='bbox 215 1369 295 1413; x_wconf 88' lang='lat' dir='ltr'><strong>num</strong></span> <span class='ocrx_word' id='word_1_64' title='bbox 306 1345 511 1436; x_wconf 84' lang='lat' dir='ltr'><strong>pontificem,</strong></span> <span class='ocrx_word' id='word_1_65' title='bbox 528 1344 582 1433; x_wconf 89' lang='lat' dir='ltr'><strong>qui</strong></span> <span class='ocrx_word' id='word_1_66' title='bbox 598 1367 655 1410; x_wconf 89' lang='lat' dir='ltr'><strong>nos</strong></span> <span class='ocrx_word' id='word_1_67' title='bbox 671 1344 782 1410; x_wconf 78' lang='lat' dir='ltr'><strong>iratres</strong></span> <span class='ocrx_word' id='word_1_68' title='bbox 795 1356 830 1410; x_wconf 85' lang='lat' dir='ltr'><strong>ot</strong></span> <span class='ocrx_word' id='word_1_69' title='bbox 846 1345 1029 1411; x_wconf 72' lang='lat' dir='ltr'><strong>coheredes</strong></span> <span class='ocrx_word' id='word_1_70' title='bbox 1046 1346 1167 1434; x_wconf 74' lang='lat' dir='ltr'><strong>dignun</strong></span> 
     </span>
     <span class='ocr_line' id='line_1_11' title="bbox 216 1451 1161 1543; baseline -0.002 -23"><span class='ocrx_word' id='word_1_71' title='bbox 216 1452 383 1543; x_wconf 81' lang='lat' dir='ltr'><strong>appellare.</strong></span> <span class='ocrx_word' id='word_1_72' title='bbox 409 1455 449 1520; x_wconf 90' lang='lat' dir='ltr'><strong>Et</strong></span> <span class='ocrx_word' id='word_1_73' title='bbox 466 1451 635 1541; x_wconf 80' lang='lat' dir='ltr'><strong>Apostolus</strong></span> <span class='ocrx_word' id='word_1_74' title='bbox 648 1451 777 1542; x_wconf 85' lang='lat' dir='ltr'><strong>quidem</strong></span> <span class='ocrx_word' id='word_1_75' title='bbox 791 1453 934 1518; x_wconf 81' lang='lat' dir='ltr'><strong>breviter</strong></span> <span class='ocrx_word' id='word_1_76' title='bbox 953 1453 1052 1519; x_wconf 83' lang='lat' dir='ltr'><strong>finem</strong></span> <span class='ocrx_word' id='word_1_77' title='bbox 1074 1486 1108 1511; x_wconf 53' lang='lat' dir='ltr'><strong>aa</strong></span> <span class='ocrx_word' id='word_1_78' title='bbox 1119 1455 1141 1509; x_wconf 61' lang='grc' dir='ltr'><strong>ν’</strong></span> <span class='ocrx_word' id='word_1_79' title='bbox 1160 1504 1161 1507; x_wconf 63' lang='lat'><strong>,</strong></span> 
     </span>
     <span class='ocr_line' id='line_1_12' title="bbox 216 1560 1181 1652; baseline -0.003 -24"><span class='ocrx_word' id='word_1_80' title='bbox 216 1563 249 1628; x_wconf 93' lang='lat' dir='ltr'><strong>iu</strong></span> <span class='ocrx_word' id='word_1_81' title='bbox 264 1560 395 1652; x_wconf 86' lang='lat' dir='ltr'><strong>epistola</strong></span> <span class='ocrx_word' id='word_1_82' title='bbox 412 1562 452 1629; x_wconf 88' lang='lat' dir='ltr'><strong>ad</strong></span> <span class='ocrx_word' id='word_1_83' title='bbox 466 1563 645 1638; x_wconf 83' lang='lat' dir='ltr'><strong>Romanos,</strong></span> <span class='ocrx_word' id='word_1_84' title='bbox 663 1561 758 1626; x_wconf 90' lang='lat' dir='ltr'><strong>dicit:</strong></span> <span class='ocrx_word' id='word_1_85' title='bbox 776 1588 790 1623; x_wconf 75' lang='grc' dir='ltr'>ι</span> <span class='ocrx_word' id='word_1_86' title='bbox 806 1561 898 1628; x_wconf 88' lang='lat' dir='ltr'><strong>Nunc</strong></span> <span class='ocrx_word' id='word_1_87' title='bbox 915 1585 991 1628; x_wconf 81' lang='lat' dir='ltr'><strong>vero</strong></span> <span class='ocrx_word' id='word_1_88' title='bbox 1007 1561 1181 1650; x_wconf 79' lang='lat' dir='ltr'><strong>liberatirpts·</strong></span> 
     </span>
     <span class='ocr_line' id='line_1_13' title="bbox 215 1667 1174 1747; baseline 0 -15"><span class='ocrx_word' id='word_1_89' title='bbox 215 1671 335 1747; x_wconf 68' lang='lat' dir='ltr'><strong>acatis,</strong></span> <span class='ocrx_word' id='word_1_90' title='bbox 351 1670 420 1737; x_wconf 87' lang='lat' dir='ltr'><strong>Deo</strong></span> <span class='ocrx_word' id='word_1_91' title='bbox 434 1681 540 1735; x_wconf 87' lang='lat' dir='ltr'><strong>autem</strong></span> <span class='ocrx_word' id='word_1_92' title='bbox 556 1670 741 1745; x_wconf 74' lang='lat' dir='ltr'><strong>servientes,</strong></span> <span class='ocrx_word' id='word_1_93' title='bbox 762 1669 884 1734; x_wconf 85' lang='lat' dir='ltr'><strong>hahetis</strong></span> <span class='ocrx_word' id='word_1_94' title='bbox 899 1669 1044 1736; x_wconf 75' lang='lat' dir='ltr'><strong>fructum</strong></span> <span class='ocrx_word' id='word_1_95' title='bbox 1059 1667 1174 1736; x_wconf 76' lang='lat' dir='ltr'><strong>vesuu&#39;r</strong></span> 
     </span>
     <span class='ocr_line' id='line_1_14' title="bbox 212 1778 1130 1856; baseline -0.004 -14"><span class='ocrx_word' id='word_1_96' title='bbox 212 1778 512 1848; x_wconf 70' lang='lat' dir='ltr'><strong>ssanctificationcm</strong></span> <span class='ocrx_word' id='word_1_97' title='bbox 528 1803 536 1845; x_wconf 74' lang='grc' dir='ltr'><strong>ε</strong></span> <span class='ocrx_word' id='word_1_98' title='bbox 550 1778 648 1845; x_wconf 88' lang='lat' dir='ltr'><strong>finem</strong></span> <span class='ocrx_word' id='word_1_99' title='bbox 663 1790 788 1856; x_wconf 84' lang='lat' dir='ltr'><strong>autem,</strong></span> <span class='ocrx_word' id='word_1_100' title='bbox 806 1779 901 1845; x_wconf 77' lang='lat' dir='ltr'><strong>vitam</strong></span> <span class='ocrx_word' id='word_1_101' title='bbox 918 1792 1071 1846; x_wconf 81' lang='lat' dir='ltr'><strong>aetemam</strong></span> <span class='ocrx_word' id='word_1_102' title='bbox 1092 1778 1130 1842; x_wconf 71' lang='lat'><strong>¹.»</strong></span> 
     </span>
    </p>
   </div>
   <div class='ocr_carea' id='block_1_5' title="bbox 211 1939 1181 2146">
    <p class='ocr_par' dir='ltr' id='par_1_5' title="bbox 211 1939 1181 2146">
     <span class='ocr_line' id='line_1_15' title="bbox 266 1939 1181 2032; baseline -0.009 -14"><span class='ocrx_word' id='word_1_103' title='bbox 266 1945 559 2018; x_wconf 82' lang='lat' dir='ltr'><strong>13⁰.Matrimonii</strong></span> <span class='ocrx_word' id='word_1_104' title='bbox 569 1945 752 2030; x_wconf 84' lang='lat' dir='ltr'><strong>sanctitas,</strong></span> <span class='ocrx_word' id='word_1_105' title='bbox 765 1940 828 2012; x_wconf 88' lang='lat' dir='ltr'><strong>uhi</strong></span> <span class='ocrx_word' id='word_1_106' title='bbox 839 1945 991 2014; x_wconf 75' lang='lat' dir='ltr'><strong>manime</strong></span> <span class='ocrx_word' id='word_1_107' title='bbox 1003 1939 1123 2013; x_wconf 90' lang='lat' dir='ltr'><strong>notand</strong></span> <span class='ocrx_word' id='word_1_108' title='bbox 1139 1939 1181 2032; x_wconf 76' lang='lat' dir='ltr'><strong>sps</strong></span> 
     </span>
     <span class='ocr_line' id='line_1_16' title="bbox 211 2051 886 2146; baseline -0.01 -15"><span class='ocrx_word' id='word_1_109' title='bbox 211 2057 392 2146; x_wconf 88' lang='lat' dir='ltr'><strong>definitio,</strong></span> <span class='ocrx_word' id='word_1_110' title='bbox 406 2055 563 2144; x_wconf 91' lang='lat' dir='ltr'><strong>bouum,</strong></span> <span class='ocrx_word' id='word_1_111' title='bbox 581 2051 886 2126; x_wconf 56' lang='lat' dir='ltr'><strong>indissolubiliter</strong></span> 
     </span>
    </p>
   </div>
   <div class='ocr_carea' id='block_1_6' title="bbox 258 2181 883 2259">
    <p class='ocr_par' dir='ltr' id='par_1_6' title="bbox 258 2181 883 2259">
     <span class='ocr_line' id='line_1_17' title="bbox 258 2181 883 2259; baseline -0.011 0"><span class='ocrx_word' id='word_1_112' title='bbox 258 2191 316 2259; x_wconf 89' lang='lat' dir='ltr'><strong>Sic</strong></span> <span class='ocrx_word' id='word_1_113' title='bbox 332 2184 377 2256; x_wconf 89' lang='lat' dir='ltr'><strong>de</strong></span> <span class='ocrx_word' id='word_1_114' title='bbox 394 2187 614 2256; x_wconf 86' lang='lat' dir='ltr'><strong>matrimonii</strong></span> <span class='ocrx_word' id='word_1_115' title='bbox 629 2181 883 2255; x_wconf 86' lang='lat' dir='ltr'><strong>definitioue¹:</strong></span> 
     </span>
    </p>
   </div>
   <div class='ocr_carea' id='block_1_7' title="bbox 208 2341 1180 2846">
    <p class='ocr_par' dir='ltr' id='par_1_7' title="bbox 208 2341 1189 2846">
     <span class='ocr_line' id='line_1_18' title="bbox 255 2341 1180 2433; baseline -0.002 -23"><span class='ocrx_word' id='word_1_116' title='bbox 255 2345 415 2428; x_wconf 86' lang='lat' dir='ltr'><strong>Quoniam</strong></span> <span class='ocrx_word' id='word_1_117' title='bbox 435 2357 541 2412; x_wconf 88' lang='lat' dir='ltr'><strong>autem</strong></span> <span class='ocrx_word' id='word_1_118' title='bbox 555 2343 697 2433; x_wconf 79' lang='lat' dir='ltr'><strong>voluptas</strong></span> <span class='ocrx_word' id='word_1_119' title='bbox 728 2354 761 2408; x_wconf 88' lang='lat' dir='ltr'><strong>et</strong></span> <span class='ocrx_word' id='word_1_120' title='bbox 784 2341 939 2432; x_wconf 83' lang='lat' dir='ltr'><strong>cupiditas</strong></span> <span class='ocrx_word' id='word_1_121' title='bbox 963 2341 1180 2412; x_wconf 79' lang='lat' dir='ltr'><strong>videnturndrt</strong></span> 
     </span>
     <span class='ocr_line' id='line_1_19' title="bbox 208 2451 1171 2540; baseline -0.005 -19"><span class='ocrx_word' id='word_1_122' title='bbox 208 2455 509 2532; x_wconf 80' lang='lat' dir='ltr'><strong>in&#39;matrimonium,</strong></span> <span class='ocrx_word' id='word_1_123' title='bbox 526 2453 565 2520; x_wconf 92' lang='lat' dir='ltr'><strong>de</strong></span> <span class='ocrx_word' id='word_1_124' title='bbox 580 2451 644 2520; x_wconf 91' lang='lat' dir='ltr'><strong>hoc</strong></span> <span class='ocrx_word' id='word_1_125' title='bbox 655 2467 782 2540; x_wconf 84' lang='lat' dir='ltr'><strong>quoque</strong></span> <span class='ocrx_word' id='word_1_126' title='bbox 801 2454 1001 2519; x_wconf 87' lang='lat' dir='ltr'><strong>tractandum</strong></span> <span class='ocrx_word' id='word_1_127' title='bbox 1014 2467 1073 2520; x_wconf 88' lang='lat' dir='ltr'><strong>est.</strong></span> <span class='ocrx_word' id='word_1_128' title='bbox 1086 2455 1131 2520; x_wconf 77' lang='lat' dir='ltr'><strong>Est</strong></span> <span class='ocrx_word' id='word_1_129' title='bbox 1165 2496 1171 2529; x_wconf 64' lang='lat'><strong>,-</strong></span> 
     </span>
     <span class='ocr_line' id='line_1_20' title="bbox 209 2558 1171 2653; baseline -0.004 -22"><span class='ocrx_word' id='word_1_130' title='bbox 209 2562 466 2640; x_wconf 88' lang='lat' dir='ltr'><strong>matrimonium,</strong></span> <span class='ocrx_word' id='word_1_131' title='bbox 488 2563 589 2653; x_wconf 89' lang='lat' dir='ltr'><strong>prima</strong></span> <span class='ocrx_word' id='word_1_132' title='bbox 605 2560 742 2650; x_wconf 82' lang='lat' dir='ltr'><strong>legitima</strong></span> <span class='ocrx_word' id='word_1_133' title='bbox 759 2560 864 2626; x_wconf 79' lang='lat' dir='ltr'><strong>viriet</strong></span> <span class='ocrx_word' id='word_1_134' title='bbox 881 2560 1022 2628; x_wconf 83' lang='lat' dir='ltr'><strong>mulieris</strong></span> <span class='ocrx_word' id='word_1_135' title='bbox 1040 2562 1105 2650; x_wconf 82' lang='lat' dir='ltr'><strong>conj</strong></span> <span class='ocrx_word' id='word_1_136' title='bbox 1130 2576 1176 2617; x_wconf 54' lang='lat' dir='ltr'><strong>w*</strong></span> 
     </span>
     <span class='ocr_line' id='line_1_21' title="bbox 210 2668 1162 2760; baseline -0.002 -24"><span class='ocrx_word' id='word_1_137' title='bbox 210 2671 250 2736; x_wconf 87' lang='lat' dir='ltr'><strong>ad</strong></span> <span class='ocrx_word' id='word_1_138' title='bbox 260 2668 473 2760; x_wconf 81' lang='lat' dir='ltr'><strong>legitimorum</strong></span> <span class='ocrx_word' id='word_1_139' title='bbox 484 2670 656 2737; x_wconf 87' lang='lat' dir='ltr'><strong>liberorum</strong></span> <span class='ocrx_word' id='word_1_140' title='bbox 671 2669 935 2758; x_wconf 84' lang='lat' dir='ltr'><strong>procreationem.</strong></span> <span class='ocrx_word' id='word_1_141' title='bbox 950 2669 1126 2736; x_wconf 79' lang='lat' dir='ltr'><strong>Menanderi</strong></span> <span class='ocrx_word' id='word_1_142' title='bbox 1139 2718 1142 2723; x_wconf 58' lang='grc'>«</span> <span class='ocrx_word' id='word_1_143' title='bbox 1154 2704 1162 2711; x_wconf 34' lang='lat' dir='ltr'><strong>v*</strong></span> 
     </span>
     <span class='ocr_line' id='line_1_22' title="bbox 210 2777 442 2846; baseline 0.004 -2"><span class='ocrx_word' id='word_1_144' title='bbox 210 2777 358 2846; x_wconf 84' lang='lat' dir='ltr'><strong>Comicus</strong></span> <span class='ocrx_word' id='word_1_145' title='bbox 374 2780 442 2845; x_wconf 86' lang='lat' dir='ltr'><strong>ait:</strong></span> 
     </span>
    </p>
   </div>
   <div class='ocr_carea' id='block_1_8' title="bbox 308 2903 851 3075">
    <p class='ocr_par' dir='ltr' id='par_1_8' title="bbox 308 2903 851 3075">
     <span class='ocr_line' id='line_1_23' title="bbox 310 2903 851 2984; baseline -0.006 -17"><span class='ocrx_word' id='word_1_146' title='bbox 310 2907 355 2968; x_wconf 80' lang='lat' dir='ltr'><strong>dd</strong></span> <span class='ocrx_word' id='word_1_147' title='bbox 367 2905 558 2966; x_wconf 80' lang='lat' dir='ltr'><strong>seminandos</strong></span> <span class='ocrx_word' id='word_1_148' title='bbox 567 2905 718 2984; x_wconf 79' lang='lat' dir='ltr'><strong>legitimos</strong></span> <span class='ocrx_word' id='word_1_149' title='bbox 739 2903 851 2966; x_wconf 80' lang='lat' dir='ltr'><strong>liberos</strong></span> 
     </span>
     <span class='ocr_line' id='line_1_24' title="bbox 308 3005 702 3075; baseline -0.008 -9"><span class='ocrx_word' id='word_1_150' title='bbox 308 3007 375 3066; x_wconf 90' lang='lat' dir='ltr'><strong>Tibi</strong></span> <span class='ocrx_word' id='word_1_151' title='bbox 389 3025 487 3075; x_wconf 80' lang='lat' dir='ltr'><strong>meam</strong></span> <span class='ocrx_word' id='word_1_152' title='bbox 500 3005 585 3066; x_wconf 87' lang='lat' dir='ltr'><strong>trado</strong></span> <span class='ocrx_word' id='word_1_153' title='bbox 600 3005 702 3066; x_wconf 85' lang='lat' dir='ltr'><strong>filiam.</strong></span> 
     </span>
    </p>
   </div>
   <div class='ocr_carea' id='block_1_9' title="bbox 205 3110 1178 3662">
    <p class='ocr_par' dir='ltr' id='par_1_9' title="bbox 205 3110 1178 3662">
     <span class='ocr_line' id='line_1_25' title="bbox 210 3110 1173 3229; baseline -0.008 -25"><span class='ocrx_word' id='word_1_154' title='bbox 210 3141 388 3222; x_wconf 76' lang='lat' dir='ltr'><strong>Quarimus</strong></span> <span class='ocrx_word' id='word_1_155' title='bbox 403 3110 530 3217; x_wconf 78' lang='lat' dir='ltr'><strong>nutem,</strong></span> <span class='ocrx_word' id='word_1_156' title='bbox 547 3164 587 3208; x_wconf 85' lang='lat' dir='ltr'><strong>nn</strong></span> <span class='ocrx_word' id='word_1_157' title='bbox 602 3141 642 3206; x_wconf 90' lang='lat' dir='ltr'><strong>sit</strong></span> <span class='ocrx_word' id='word_1_158' title='bbox 658 3163 737 3206; x_wconf 74' lang='lat' dir='ltr'><strong>uror</strong></span> <span class='ocrx_word' id='word_1_159' title='bbox 752 3137 917 3206; x_wconf 86' lang='lat' dir='ltr'><strong>ducenda:</strong></span> <span class='ocrx_word' id='word_1_160' title='bbox 939 3138 1022 3229; x_wconf 92' lang='lat' dir='ltr'><strong>quod</strong></span> <span class='ocrx_word' id='word_1_161' title='bbox 1041 3133 1173 3226; x_wconf 55' lang='lat' dir='ltr'><strong>quiden&amp;</strong></span> 
     </span>
     <span class='ocr_line' id='line_1_26' title="bbox 208 3237 1170 3338; baseline -0.007 -25"><span class='ocrx_word' id='word_1_162' title='bbox 208 3249 317 3326; x_wconf 87' lang='lat' dir='ltr'><strong>exiis,</strong></span> <span class='ocrx_word' id='word_1_163' title='bbox 335 3273 404 3338; x_wconf 85' lang='lat' dir='ltr'><strong>quae</strong></span> <span class='ocrx_word' id='word_1_164' title='bbox 430 3250 604 3316; x_wconf 89' lang='lat' dir='ltr'><strong>secundum</strong></span> <span class='ocrx_word' id='word_1_165' title='bbox 625 3248 665 3314; x_wconf 89' lang='lat' dir='ltr'><strong>ad</strong></span> <span class='ocrx_word' id='word_1_166' title='bbox 683 3246 801 3338; x_wconf 90' lang='lat' dir='ltr'><strong>aliquid</strong></span> <span class='ocrx_word' id='word_1_167' title='bbox 822 3246 1052 3335; x_wconf 90' lang='lat' dir='ltr'><strong>quodammodo</strong></span> <span class='ocrx_word' id='word_1_168' title='bbox 1064 3237 1170 3309; x_wconf 70' lang='lat' dir='ltr'><strong>sento</strong></span> 
     </span>
     <span class='ocr_line' id='line_1_27' title="bbox 208 3342 1172 3432; baseline -0.007 -10"><span class='ocrx_word' id='word_1_169' title='bbox 208 3356 365 3423; x_wconf 89' lang='lat' dir='ltr'><strong>dicuntur.</strong></span> <span class='ocrx_word' id='word_1_170' title='bbox 391 3359 446 3423; x_wconf 86' lang='lat' dir='ltr'><strong>Est</strong></span> <span class='ocrx_word' id='word_1_171' title='bbox 467 3357 551 3424; x_wconf 91' lang='lat' dir='ltr'><strong>enim</strong></span> <span class='ocrx_word' id='word_1_172' title='bbox 573 3355 665 3422; x_wconf 89' lang='lat' dir='ltr'><strong>alicui</strong></span> <span class='ocrx_word' id='word_1_173' title='bbox 694 3354 837 3422; x_wconf 86' lang='lat' dir='ltr'><strong>ducenda</strong></span> <span class='ocrx_word' id='word_1_174' title='bbox 858 3380 956 3432; x_wconf 88' lang='lat' dir='ltr'><strong>uxor,</strong></span> <span class='ocrx_word' id='word_1_175' title='bbox 978 3355 1038 3421; x_wconf 83' lang='lat' dir='ltr'><strong>hoe</strong></span> <span class='ocrx_word' id='word_1_176' title='bbox 1060 3342 1172 3427; x_wconf 63' lang='lat' dir='ltr'><strong>estdqffl</strong></span> 
     </span>
     <span class='ocr_line' id='line_1_28' title="bbox 206 3450 1176 3554; baseline -0.007 -24"><span class='ocrx_word' id='word_1_177' title='bbox 206 3465 302 3542; x_wconf 86' lang='lat' dir='ltr'><strong>modo</strong></span> <span class='ocrx_word' id='word_1_178' title='bbox 317 3490 351 3531; x_wconf 87' lang='lat' dir='ltr'><strong>so</strong></span> <span class='ocrx_word' id='word_1_179' title='bbox 368 3462 517 3543; x_wconf 87' lang='lat' dir='ltr'><strong>habenti,</strong></span> <span class='ocrx_word' id='word_1_180' title='bbox 541 3477 574 3530; x_wconf 90' lang='lat' dir='ltr'><strong>et</strong></span> <span class='ocrx_word' id='word_1_181' title='bbox 596 3461 698 3554; x_wconf 82' lang='lat' dir='ltr'><strong>aliqua</strong></span> <span class='ocrx_word' id='word_1_182' title='bbox 721 3487 800 3530; x_wconf 84' lang='lat' dir='ltr'><strong>uxor</strong></span> <span class='ocrx_word' id='word_1_183' title='bbox 820 3457 984 3540; x_wconf 74' lang='lat' dir='ltr'><strong>ducenda,</strong></span> <span class='ocrx_word' id='word_1_184' title='bbox 998 3473 1027 3528; x_wconf 86' lang='lat' dir='ltr'><strong>et</strong></span> <span class='ocrx_word' id='word_1_185' title='bbox 1039 3450 1176 3548; x_wconf 60' lang='lat' dir='ltr'><strong>quaedum</strong></span> 
     </span>
     <span class='ocr_line' id='line_1_29' title="bbox 205 3559 1178 3662; baseline -0.007 -23"><span class='ocrx_word' id='word_1_186' title='bbox 205 3574 302 3640; x_wconf 88' lang='lat' dir='ltr'><strong>modo</strong></span> <span class='ocrx_word' id='word_1_187' title='bbox 318 3597 351 3640; x_wconf 88' lang='lat' dir='ltr'><strong>se</strong></span> <span class='ocrx_word' id='word_1_188' title='bbox 369 3575 494 3642; x_wconf 84' lang='lat' dir='ltr'><strong>habeat.</strong></span> <span class='ocrx_word' id='word_1_189' title='bbox 519 3573 628 3662; x_wconf 85' lang='lat' dir='ltr'><strong>Neque</strong></span> <span class='ocrx_word' id='word_1_190' title='bbox 648 3573 732 3642; x_wconf 84' lang='lat' dir='ltr'><strong>euim</strong></span> <span class='ocrx_word' id='word_1_191' title='bbox 757 3586 806 3640; x_wconf 84' lang='lat' dir='ltr'><strong>est</strong></span> <span class='ocrx_word' id='word_1_192' title='bbox 830 3598 909 3641; x_wconf 79' lang='lat' dir='ltr'><strong>uxor</strong></span> <span class='ocrx_word' id='word_1_193' title='bbox 928 3570 1062 3640; x_wconf 82' lang='lat' dir='ltr'><strong>ducenda</strong></span> <span class='ocrx_word' id='word_1_194' title='bbox 1077 3559 1178 3632; x_wconf 74' lang='lat' dir='ltr'><strong>reddet.</strong></span> 
     </span>
    </p>
   </div>
   <div class='ocr_carea' id='block_1_10' title="bbox 240 3717 432 3964">
    <p class='ocr_par' dir='ltr' id='par_1_10' title="bbox 240 3717 432 3964">
     <span class='ocr_line' id='line_1_30' title="bbox 244 3717 392 3785; baseline 0.007 -15"><span class='ocrx_word' id='word_1_195' title='bbox 244 3717 319 3785; x_wconf 78' lang='lat' dir='ltr'><strong>¹Pag.</strong></span> <span class='ocrx_word' id='word_1_196' title='bbox 336 3719 392 3772; x_wconf 84' lang='lat'>⁵00.</span> 
     </span>
     <span class='ocr_line' id='line_1_31' title="bbox 240 3807 432 3874; baseline 0 -16"><span class='ocrx_word' id='word_1_197' title='bbox 240 3807 249 3833; x_wconf 89' lang='lat'>¹</span> <span class='ocrx_word' id='word_1_198' title='bbox 259 3812 330 3859; x_wconf 79' lang='lat' dir='ltr'><strong>Rom.</strong></span> <span class='ocrx_word' id='word_1_199' title='bbox 341 3827 379 3874; x_wconf 74' lang='lat' dir='ltr'><strong>rr,</strong></span> <span class='ocrx_word' id='word_1_200' title='bbox 392 3831 432 3864; x_wconf 77' lang='lat' dir='ltr'><strong>n.</strong></span> 
     </span>
     <span class='ocr_line' id='line_1_32' title="bbox 240 3897 398 3964; baseline -0.013 -14"><span class='ocrx_word' id='word_1_201' title='bbox 240 3897 319 3964; x_wconf 74' lang='lat' dir='ltr'><strong>¹P·g.</strong></span> <span class='ocrx_word' id='word_1_202' title='bbox 341 3901 398 3954; x_wconf 75' lang='lat'><strong>502.</strong></span> 
     </span>
    </p>
   </div>
   <div class='ocr_carea' id='block_1_11' title="bbox 0 0 1210 4596">
    <p class='ocr_par' dir='ltr' id='par_1_11' title="bbox 0 0 1210 4596">
     <span class='ocr_line' id='line_1_33' title="bbox 0 0 1210 4596; baseline 0 5"><span class='ocrx_word' id='word_1_203' title='bbox 0 0 1210 4596; x_wconf 95' lang='lat' dir='ltr'><strong> </strong></span> 
     </span>
    </p>
   </div>
   <div class='ocr_carea' id='block_1_12' title="bbox 1202 2292 1209 2929">
    <p class='ocr_par' dir='ltr' id='par_1_12' title="bbox 1202 2292 1209 2929">
     <span class='ocr_line' id='line_1_34' title="bbox 1202 2292 1209 2929; baseline 0 0"><span class='ocrx_word' id='word_1_204' title='bbox 1202 2292 1209 2929; x_wconf 95' lang='lat' dir='ltr'><strong> </strong></span> 
     </span>
    </p>
   </div>
  </div>
 </body>
</html>
