2546 4614
406 341 536 386 uouurs
562 340 594 382 us
619 341 830 385 rusorusnra.
1063 321 1125 399 461

140 466 195 535 Vl.
222 463 330 539 Vides,
353 461 481 539 dilecte,
505 472 583 549 quot
597 473 630 524 et
644 473 838 549 quantorum
852 465 1010 530 bonorum
1023 465 1129 552 jactu-

98 601 166 646 rsm
182 575 296 644 lecturi
312 573 493 647 fuissemus,
511 571 535 636 si
551 570 683 636 «loannis
699 572 866 640 monitioni
881 575 1036 641 Dominus
1058 597 1130 642 oes-

98 683 200 764 sisset',
224 698 257 752 et
279 684 474 774 baptismum
496 705 561 749 non
583 681 782 770 suscepisset.
810 680 915 748 Clausi
933 682 1020 750 enim
1039 697 1131 749 erunt

31 793 32 796 '
97 798 232 865 antchac
248 793 333 871 ooeli,
351 795 511 860 inaccessa
531 813 643 879 supera
661 791 759 879 regio.
778 789 816 854 ln
832 789 980 856 inferiora
996 793 1131 858 descon-

98 904 215 979 dimus,
232 902 273 968 ad
289 900 452 990 superiora
470 910 577 964 autem
599 921 663 964 non
684 898 800 963 iterum
819 898 1028 985 ascendimus.
1046 899 1131 966 Num

97 1013 182 1080 solus
204 1035 282 1078 vero
303 1011 459 1077 Dominus
481 1011 659 1098 baptizatus
674 1007 745 1074 esti
759 1019 793 1072 et
807 1020 947 1073 veterem
967 1009 1131 1077 hominem

98 1124 275 1199 renovavit,
286 1133 319 1186 et
337 1134 460 1210 sceptra
479 1118 657 1210 adoptionis
674 1119 732 1208 ipsi
753 1119 869 1184 iterum
888 1119 1031 1186 credidit.
1057 1121 1131 1186 Stu-

98 1236 157 1301 tim
168 1234 255 1299 enim
267 1234 374 1322 operti
386 1233 451 1320 ipsi
461 1246 539 1297 sunt
549 1231 623 1296 cccli
631 1230 653 1294 ¹.
669 1227 898 1296 Reconciliatio
907 1228 991 1294 sucta
1004 1241 1052 1295 est
1062 1231 1133 1298 visi-

1 1415 2 1428 ,
100 1343 213 1410 bilium
229 1366 304 1410 cum
321 1341 542 1418 invisibilibus,
555 1339 698 1408 coelestee
715 1339 841 1406 ordines
855 1340 970 1428 gaudio
986 1332 1133 1407 sunt'im·

99 1453 190 1543 ploti,
199 1465 316 1520 sanasse
328 1453 362 1519 in
374 1451 464 1518 torris
475 1451 689 1541 egritudines,
698 1472 748 1514 res
759 1449 953 1516 absconditae
962 1473 1032 1538 quae
1043 1466 1134 1518 erunt

99 1564 264 1654 patefacte
275 1577 361 1640 suut,
375 1587 445 1653 quae
455 1562 596 1629 hostium
606 1572 697 1626 orant
707 1560 741 1625 iu
756 1582 890 1625 numero
906 1560 1026 1626 reddita
1045 1561 1133 1628 fiucre

3 1753 4 1756 Ἴ
99 1673 211 1739 amica.
223 1672 346 1738 Audisti
358 1672 445 1738 enim
454 1668 685 1756 Evangelistnm
694 1668 872 1732 dicentem:
883 1668 1049 1756 Putefooti
1057 1687 1135 1737 susat

0 1759 1 1762 Ἴ
100 1782 167 1866 ipsi
185 1780 270 1854 oseti,
295 1782 338 1844 ob
357 1779 417 1842 triu
438 1778 509 1842 haec
528 1756 724 1841 admirobbis
741 1797 749 1838 ι
768 1797 884 1863 sponso
905 1775 991 1842 enim
1007 1777 1134 1846 Christo

1 1897 2 1908 ¹
101 1887 261 1976 baptizato
272 1888 439 1975 oportebat
449 1883 585 1951 coelestis
600 1881 730 1949 tbrlami
747 1881 926 1973 splendidas
939 1898 1046 1974 portos
1058 1909 1134 1978 apo-

1 2051 2 2058 ,
100 1999 167 2066 riri.
185 1997 337 2066 Similiter
351 2010 383 2064 et
399 1996 519 2086 Spiritu
535 2007 645 2062 sancto
663 1995 696 2061 in
711 1992 868 2062 columbae
885 1997 990 2085 specio
1005 1998 1136 2066 descen·
1211 1977 1213 1984 Α

1 2129 2 2134 ’
99 2106 214 2182 dente,
229 2117 263 2172 et
281 2105 381 2174 Patris
397 2129 476 2174 voce
496 2106 602 2171 omnia
626 2116 834 2193 percurrente
856 2103 945 2182 loos,
968 2110 1136 2198 oportebat

1 2297 2 2300 Ἴ
83 2229 87 2238 “
93 2233 212 2306 portos
223 2217 331 2282 attolli
345 2217 481 2282 aalma
490 2214 512 2280 ².
531 2215 573 2281 Et
586 2237 662 2282 ecce
676 2213 778 2302 aperti
793 2227 867 2283 sunt
881 2217 910 2281 ei
926 2216 1012 2293 coeli,
1028 2230 1061 2284 et
1074 2243 1135 2285 vox

1 2317 2 2328 ¹
96 2326 182 2392 tacu
197 2337 245 2390 est
260 2323 389 2402 dicens:
404 2325 546 2392 ‹Hicest
557 2321 656 2390 Filius
670 2345 761 2390 meus
777 2323 911 2392 dilectus
922 2327 955 2392 in
970 2350 1033 2414 quo
1049 2350 1135 2396 com-

99 2434 272 2522 ›placulis

147 2542 215 2611 Vll.
234 2541 366 2612 rimatus
377 2566 521 2610 amorem
531 2555 674 2634 generet,
686 2555 720 2609 et
731 2543 785 2609 lux
797 2546 1012 2614 immaterialis
1027 2547 1133 2616 lucem
1223 2545 1226 2550 ’

1 2720 2 2729 ,
97 2652 360 2720 inaccessibilem.
382 2653 416 2718 H
420 2655 449 2720 io
462 2671 509 2720 est
524 2653 635 2720 Filius
648 2677 739 2720 mem
752 2655 901 2731 dikotor,
916 2657 970 2744 qui
985 2657 1066 2723 infra
1081 2680 1135 2746 np-

94 2761 218 2854 pnruit,
236 2784 297 2828 neo
310 2773 417 2829 tamon
432 2787 450 2826 a
465 2761 565 2828 Petris
581 2763 652 2828 sinu
667 2762 726 2828 fuit
741 2775 901 2852 separatus
914 2786 923 2828 t
938 2767 1084 2854 apparuit
1101 2779 1134 2831 ct

1 2911 2 2916 κ
96 2892 166 2941 non
183 2870 336 2958 apparuit.
355 2867 550 2936 Aliudonim
560 2871 648 2959 quod
663 2873 855 2962 apparebat:
870 2871 1026 2960 siquidem
1037 2886 1134 2962 prout
1221 2898 1230 2923 ι

95 2978 261 3068 apparuit,
279 2979 442 3066 baptizans
456 2981 615 3068 baptizato
631 2982 831 3070 praestantior
848 2981 924 3056 inita
947 2983 1053 3071 itaque
1072 2984 1133 3050 Pa-

93 3104 149 3156 ter
163 3087 204 3154 de
219 3084 302 3154 coelo
313 3086 469 3176 Spiritum
480 3100 625 3156 sanctum
636 3090 669 3156 in
681 3090 877 3180 baptizatum
888 3091 1025 3160 demisit.
1043 3091 1134 3159 Siout

77 3185 188 3268 ,efrim
199 3196 233 3262 in
243 3219 317 3262 arca
330 3195 398 3264 Noii
408 3220 466 3287 per
477 3194 674 3264 columbum⁸
688 3199 881 3289 significatus
892 3211 941 3266 est
957 3201 1015 3266 Dei
1030 3203 1063 3266 in
1079 3201 1134 3267 bo·

90 3311 201 3379 mines
224 3327 327 3408 nnpor,
351 3305 397 3372 sic
417 3320 451 3372 et
474 3309 561 3374 nunc
581 3305 734 3397 Spiritus,
758 3307 916 3376 columbe
938 3311 1134 3378 descendens

88 3418 218 3512 specie,
229 3414 317 3484 velut
331 3415 473 3484 fructum
489 3428 620 3506 portans
639 3415 715 3484 oloae
730 3442 826 3509 super
839 3443 915 3488 eum
928 3421 979 3486 cui
994 3421 1134 3488 testimo·

87 3535 186 3602 nium
201 3527 433 3618 porlu'bobutur
448 3527 597 3594 substitit.
617 3528 753 3608 Quare?
767 3542 804 3596 ut
818 3542 948 3620 paterna
962 3530 1058 3597 etism
1072 3555 1133 3598 vox

86 3655 183 3716 certa
206 3648 243 3704 et
263 3637 356 3706 firma
377 3661 446 3704 esse
469 3650 641 3718 constaret,
663 3651 697 3705 et
717 3639 914 3729 Propheticae
935 3640 1132 3729 praedictioni

85 3752 205 3826 multis
216 3759 293 3814 ante
303 3748 499 3838 temporibus
511 3749 602 3818 factas
614 3749 883 3817 bobereturfides.
897 3750 1052 3830 Quanam
1063 3752 1133 3820 illni‘

24 3901 31 3910 ·
96 3863 198 3934 «Vox
212 3857 344 3926 Domini
358 3881 454 3950 super
469 3859 571 3948 aquis,
587 3859 673 3928 Deus
688 3858 788 3950 gloria
803 3861 921 3942 tonuit,
937 3863 1023 3931 Deus
1037 3846 1131 3953 super

125 3988 244 4041 ¹ttasrh.
257 4005 294 4047 ru,
313 3989 351 4036 1⁵.
367 4015 397 4024 —
408 3985 419 4020 ¹
429 3987 571 4050 Psoi-nur,
582 4006 645 4054 7.-
657 3987 667 4020 ⁸
678 3989 742 4040 (len.
754 4005 810 4051 rur,
823 4006 859 4038 ιι.
