2738 4628
450 295 584 340 coum
606 295 756 340 unsssss.
1031 277 1033 282 ’
1085 303 1124 368 tq

59 409 129 476 dem
146 423 179 474 et
197 423 328 478 matum
350 413 649 480 conversationem
668 433 856 480 conservare
878 412 1033 502 Spiritum
1054 413 1127 492 Dei,

64 529 171 584 utnon
186 518 255 584 sine
274 519 550 608 participatione
571 519 672 584 saneti
693 517 830 608 Spiritus
848 518 923 584 sacti
942 523 1127 588 emittamus

63 649 193 716 regnum
213 626 380 694 ooelorum
401 651 412 696 ε
435 641 472 694 et
494 627 654 705 clamavit,
671 652 735 694 non
757 651 851 717 posse
877 651 1007 696 earnem
1025 630 1128 698 solam

66 749 98 801 et
111 738 291 826 mnguiuem
306 761 467 828 regnum
484 739 544 804 Dei
560 738 730 828 possidere.

129 844 253 912 Sieuim
272 857 424 937 oportet
442 869 562 913 verum
581 847 699 922 dicere,
717 870 783 934 non
807 848 958 936 possidet,
980 850 1040 916 sed,
1054 871 1127 939 pos·

79 954 187 1022 sidetur
198 979 285 1032 earm
302 958 404 1024 siout
416 969 453 1024 et
469 957 627 1024 Dominus
638 956 682 1030 ait
699 979 708 1021 ι
721 983 734 1020 r
749 957 839 1022 Beati
855 957 960 1034 mites,
973 960 1123 1047 quoniam

79 1062 158 1152 »ipsi
169 1064 361 1132 hereditate
378 1064 599 1154 possidebunt
623 1063 779 1139 terram¹;
802 1067 920 1152 »quasi
939 1067 1125 1136 haereditute

79 1171 256 1258 possideatur
271 1185 372 1239 terra
390 1174 428 1240 in
444 1171 570 1260 Regno,
586 1171 719 1238 undeet
735 1173 911 1239 substantia
927 1177 1030 1243 carnis
1046 1201 1123 1244 nos-

80 1293 129 1348 trae
147 1293 188 1348 est
204 1295 261 1349 :et
278 1282 364 1350 ideo
381 1281 549 1348 mundum
570 1280 726 1371 templum
744 1305 814 1364 esse
828 1282 908 1359 vult,
925 1297 962 1349 ut
982 1285 1124 1354 delecte-

76 1403 121 1456 tur
129 1391 264 1480 Spiritus
275 1393 344 1460 Dei
360 1394 399 1460 in
411 1416 467 1468 eo,
479 1392 751 1480 quemadmodum
761 1415 895 1481 sponsus
906 1395 948 1462 ed
959 1419 1120 1484 sponsum.

74 1503 157 1571 Siout
169 1505 268 1594 igitur
284 1527 412 1594 sponsa
429 1525 591 1569 assumere
606 1525 759 1592 sponsum
780 1527 846 1570 non
868 1516 986 1593 potest,
1005 1509 1123 1574 assumi

74 1625 174 1680 sutem
187 1639 206 1680 s
221 1638 348 1704 sponso
361 1625 490 1704 potest,
503 1636 579 1680 cum
594 1615 715 1680 venerit
727 1625 760 1678 et
776 1616 936 1704 acceperit
946 1639 1018 1683 eam
1030 1641 1123 1706 spon-

75 1746 146 1788 sus:
165 1723 211 1794 sie
225 1737 263 1789 et
277 1745 359 1790 euro
375 1723 450 1790 hmo
466 1723 644 1788 seeundum
667 1723 816 1811 seipsum,
832 1722 865 1787 id
881 1737 942 1802 est,
958 1725 1037 1802 sola,
1055 1749 1124 1817 reg-

76 1857 150 1900 num
157 1835 215 1900 Dei
227 1833 426 1900 haerediute
436 1830 598 1920 possidere
607 1853 672 1897 non
684 1842 806 1920 potest;
819 1832 1003 1900 hereditate
1014 1845 1123 1902 eutem
1326 1886 1333 1896 .

78 1943 228 2032 possideri
241 1944 278 2008 in
292 1942 407 2031 Regno
419 1962 438 2006 e
450 1940 571 2028 Spiritu
585 1951 699 2028 potest.
715 1941 907 2008 Haereditute
921 1943 1007 2008 enim
1022 1946 1122 2034 possi·
1265 1937 1270 1942 ’

86 2055 154 2130 det,
170 2055 223 2143 qui
243 2055 332 2128 risit,
347 2076 385 2118 es
410 2074 482 2140 quae
501 2063 575 2116 sunt
594 2051 712 2116 mortui
731 2074 739 2115 ε
757 2063 790 2116 et
809 2051 896 2118 uliud
919 2055 1049 2140 quidem
1073 2067 1121 2121 est

91 2163 273 2230 hereditate
285 2161 454 2251 possidere,
466 2158 554 2225 aliud
566 2172 673 2227 autem
683 2159 869 2227 haereditate
883 2163 1047 2251 possideri.
1062 2163 1120 2231 ilie

85 2274 169 2342 enim
189 2272 382 2345 dominetur,
397 2282 431 2335 et
445 2279 576 2358 praeest,
591 2279 623 2332 et
638 2267 777 2357 disponit
792 2292 828 2334 aa
849 2293 920 2358 quae
934 2271 1121 2338 haereditate

82 2383 234 2472 possidet,
246 2380 521 2471 quemadmodum
536 2378 605 2467 ipse
616 2376 691 2445 velit
704 2399 712 2442 t
727 2375 780 2442 itta
790 2399 867 2444 vero
878 2381 1020 2468 subjeota
1033 2394 1119 2458 sunt,

80 2507 113 2560 et
125 2493 294 2568 obediunt,
307 2502 341 2558 et
351 2489 609 2556 dominentureh
625 2510 676 2564 eo,
691 2499 723 2553 et
735 2486 794 2553 sub
806 2485 948 2552 dominio
963 2500 1037 2554 sunt
1051 2491 1121 2579 ejus

79 2606 132 2693 qui
152 2602 306 2693 possidet.
330 2598 418 2678 Quid
441 2598 538 2687 igitur
559 2608 607 2661 est
626 2594 712 2686 quud
731 2595 828 2661 vivit?
848 2595 968 2663 scilieet
983 2595 1120 2686 Spiritus

79 2716 146 2782 Dei.
167 2715 251 2793 Quae
274 2723 350 2778 sunt
371 2721 479 2775 autem
495 2731 565 2796 quae
580 2720 655 2774 sunt
670 2705 810 2772 mortui?
833 2704 953 2776 soiiioet
972 2709 1118 2776 membra

80 2825 230 2897 bominis,
247 2845 320 2909 quae
335 2832 368 2885 et
382 2829 634 2907 corrumpuntur
647 2817 680 2883 in
696 2828 790 2882 terra.
807 2817 882 2883 Haee
897 2829 1005 2884 autem
1019 2819 1118 2907 possi·
1253 2874 1259 2887 ,

80 2937 235 3004 denture
260 2931 397 3023 Spiritu,
414 2929 564 2996 translata
583 2929 616 2994 in
640 2951 774 3018 regnum
795 2926 961 2994 ooelorum.
984 2927 1118 3016 Propter

81 3047 142 3114 hoc
153 3057 262 3111 sutem
277 3055 312 3108 et
324 3041 469 3108 Christus
485 3051 630 3106 mortuus
644 3050 705 3113 est,
718 3037 762 3102 uti
779 3048 1005 3104 testamentum
1017 3039 1119 3104 Evan-

82 3155 152 3246 getii
165 3169 331 3245 apertum,
341 3163 376 3220 et
391 3150 538 3218 universo
554 3147 675 3216 mundo
689 3145 822 3223 lectum,
834 3148 976 3237 primum
988 3147 1117 3234 quidem

5 3253 17 3339 't
82 3265 194 3334 liberos
215 3265 338 3332 feceret
358 3281 466 3327 servos
489 3280 577 3330 suos3
592 3270 663 3346 post
677 3256 792 3322 deinde
807 3255 950 3322 heredes
968 3278 1023 3322 eos
1038 3278 1117 3322 con-

86 3379 220 3443 stitueret
231 3396 348 3442 eorum
359 3366 431 3458 que
442 3377 547 3434 essent
561 3367 644 3455 ejus,
656 3365 840 3431 haereditate
856 3364 1038 3454 possidente
1048 3367 1117 3455 Spi·
1215 3351 1221 3362 ⁶

91 3481 435 3576 ritu,quemadmodum
442 3477 739 3546 demonstravimus·
752 3477 944 3544 Haereditate
952 3479 1036 3544 enim
1046 3502 1117 3569 pos-

89 3597 158 3664 sidet
177 3595 229 3662 iile
250 3595 308 3684 qui
334 3592 425 3666 visit,
441 3588 625 3656 haereditete
644 3600 753 3692 autem
773 3587 948 3674 aequiritur
970 3610 1054 3654 earo.
1076 3589 1116 3654 Ut

90 3729 143 3772 non
156 3708 338 3774 amittentes
354 3723 432 3767 eum
448 3699 503 3786 qui
519 3721 576 3763 nos
592 3697 732 3786 possidet
751 3695 916 3785 Spiritum,
933 3699 1117 3765 amittamus

90 3815 181 3892 sitam,
196 3815 377 3881 adhortans
392 3831 452 3875 nos
469 3803 637 3896 Apostolus
649 3804 691 3870 ad
705 3803 847 3893 Spiritus
856 3807 1118 3876 eommunieutio·

114 3946 215 3997 ¹tt2ut.
229 3947 291 4007 v,5.
784 4017 788 4024 ι

906 4045 935 4085 2,
1033 4060 1036 4065 .
