2382 4592
323 243 512 292 sraoaarou
535 243 595 290 ua.
623 243 672 290 ιιι.
956 221 1017 288 155

14 375 39 430 rt
49 359 165 432 alterius
179 361 257 428 Dei:
278 363 335 430 aed
350 365 434 430 idem
450 366 497 433 vir
512 378 545 432 et
559 363 732 438 Dominus,
753 361 831 436 dum
847 373 953 452 vetera
968 387 1020 430 re-

14 484 103 546 tonat,
118 495 180 538 non
195 469 331 560 amplius
346 474 493 543 concedit
506 472 720 562 polygamiam
737 471 830 564 (nam
852 471 938 547 banc
953 473 1021 562 qui·
1037 493 1045 508 ·

12 577 65 644 lem
80 579 239 666 expetebat
255 579 360 657 Deus,
377 581 505 668 quando
521 574 688 670 oportebat
702 579 848 646 homines
867 581 973 669 augeri
989 592 1022 645 et

10 683 215 774 multiplicari),
226 685 522 777 sedmonogamiam
530 687 702 755 introducit
709 699 838 778 propter
845 683 1019 754 liberorum

9 791 233 880 procreationem
250 805 284 860 et
300 793 414 861 domus
432 817 562 872 coram,
580 796 730 886 adquam
749 795 820 862 data
839 783 888 878 eat
906 794 1021 862 mulier

9 897 141 985 tdjutrix:
162 911 196 965 et
215 901 241 966 si
269 901 322 969 cui
345 900 515 991 Apostolus
541 915 672 992 propter
694 903 970 992 intemperantiam
988 913 1023 968 et

8 1003 158 1082 ustionem,
175 1008 303 1075 veniam
323 1008 454 1076 secundi
474 1010 623 1078 concedit
642 1009 859 1086 matrimonii:
877 1033 952 1076 nam
967 1006 1023 1078 hic

7 1135 110 1199 quoque
125 1133 189 1179 non
201 1129 317 1204 peccat
329 1117 459 1207 quidem
474 1141 513 1184 ex
527 1118 732 1186 Testamenta
752 1117 830 1204 (uon
845 1129 893 1184 est
904 1116 1021 1186 enima
1088 1154 1094 1164 ·

7 1215 288 1309 logeprohibitus);
314 1245 381 1288 non
405 1220 518 1311 implet
539 1213 647 1288 autem
668 1242 828 1292 summam
849 1219 935 1289 illam
949 1221 1020 1288 vitae

7 1324 230 1410 perfectionem,
247 1351 320 1416 quor
332 1329 437 1418 agitur
447 1351 487 1396 ex
500 1327 681 1420 Evangelio.

44 1468 84 1554 [ι’.
105 1474 192 1542 Hinc
219 1472 422 1546 damnandi
447 1479 676 1548 matrimonio
702 1475 932 1554 adversantes
952 1477 1021 1554 hae·

7 1588 88 1655 retici
99 1585 141 1658 de
156 1589 296 1685 quibus
316 1597 443 1673 clerico
459 1609 581 1690 aperte
594 1594 684 1666 dicit
697 1598 867 1690 Spin'tus¹
883 1621 892 1664 :
966 1647 971 1652 -

41 1713 146 1795 «Quod
153 1716 185 1782 in
192 1719 627 1811 posterioribustemporibus
637 1720 786 1790 deficient
794 1721 1020 1808 quidamalide

9 1819 199 1887 »attendentes
210 1824 375 1912 spiritibus
390 1823 523 1901 erroris,
541 1836 575 1890 et
593 1824 746 1890 doctrinis
760 1825 1018 1900 Daemonio'rum‚

10 1921 209 2014 rinbypocrisi
230 1930 494 2020 falsiloquorum,
515 1933 721 2000 cauteriatam
738 1930 925 1998 habentium
947 1955 1021 1998 con-

10 2028 167 2100 ascientiam
182 2049 214 2101 et
228 2038 472 2127 prohibentium
484 2041 627 2115 nubere,
643 2039 802 2106 abstinere
813 2065 831 2108 a
844 2037 924 2106 cibis
940 2063 1019 2128 quos

10 2133 94 2202 »bern
107 2143 219 2210 creavit
234 2147 277 2212 ad
296 2146 571 2236 participationem
588 2168 663 2212 cum
683 2147 856 2234 gratiarum
873 2148 1018 2225 actione,

11 2241 167 2326 ridelibus,
180 2265 212 2317 et
226 2255 283 2342 qui
301 2267 497 2344 agnoverunt
509 2255 694 2330 veritatem,
710 2253 797 2342 quod
815 2255 918 2320 omnis
934 2277 1020 2322 crea·

12 2359 84 2416 stura
97 2353 149 2422 Dei
161 2358 243 2426 bona
257 2373 327 2436 est,
343 2374 376 2426 et
392 2360 471 2427 nihil
488 2372 535 2428 est
554 2360 764 2450 rejiciendum
781 2360 867 2449 quod
883 2362 1019 2428 sumitur

11 2477 87 2524 soum
105 2466 273 2551 gratiarum
297 2469 433 2535 actione.
454 2467 678 2546 sanctificatur
696 2470 784 2534 enim
805 2491 864 2557 per
885 2471 1019 2550 uerbum

11 2561 72 2628 »uei
89 2581 118 2634 et
136 2576 332 2643 orationem²
343 2577 378 2641 i»
445 2579 487 2642 Et
505 2588 541 2641 ut
555 2577 589 2645 in
610 2599 734 2644 somma
756 2577 884 2653 dicam,
908 2598 1021 2644 omnes

11 2665 124 2756 Apostoli
139 2681 301 2769 epistolae,
318 2708 390 2773 quae
405 2684 657 2751 moderationem
673 2684 791 2766 docent
805 2695 839 2749 et
855 2683 1020 2751 continen-

12 2775 87 2858 dam»
107 2808 176 2855 cum
198 2804 229 2857 et
253 2792 294 2857 de
314 2790 536 2867 matrimonio,
559 2803 592 2856 et
615 2793 654 2857 de
674 2789 848 2858 liberorum
869 2812 1019 2880 procrea-

13 2882 94 2964 tione,
112 2906 142 2958 et
166 2898 204 2964 de
228 2900 345 2968 domus
374 2899 644 2965 administratione
666 2896 909 2966 innumerabilia
936 2921 1019 2987 praru

14 3005 83 3080 tepla
93 3005 291 3088 contineant,
307 3029 464 3096 nusquam
479 3006 650 3074 honestum
671 3005 937 3094 moderatumque
954 3027 1020 3070 ma·

13 3099 167 3178 trimonium
191 3114 426 3204 prohibuerunt
446 3126 502 3180 aut
519 3117 734 3204 abrogarunt:
756 3113 813 3178 sod
834 3112 925 3200 Legis
944 3131 1021 3178 cum

13 3202 155 3299 Evangelio
169 3236 330 3290 servantes
346 3221 617 3298 convenientiam,
635 3233 808 3309 utrumque
823 3218 1017 3287 admittunt:

12 3323 36 3398 at
53 3337 131 3398 eum,
146 3329 198 3413 qui
212 3331 281 3398 Deo
300 3328 424 3418 agendo
443 3329 579 3418 gratias,
599 3329 764 3414 moderate
790 3327 893 3392 utitur
909 3327 1022 3414 matri·-

14 3423 116 3503 nonio,
132 3444 162 3496 et
176 3458 270 3514 eum,
292 3437 366 3526 qui,
383 3449 420 3502 ut
435 3435 502 3504 vult
520 3437 693 3511 Dominus,
714 3435 790 3501 vivit
809 3435 841 3500 in
857 3434 1019 3513 castitate,

14 3535 254 3610 quemadmodum
270 3557 388 3613 uocatas
401 3559 443 3611 eat
461 3545 658 3632 unusquisque
669 3541 822 3610 inoffense
838 3553 871 3608 et
882 3541 1020 3632 perlecto

13 3628 114 3722 eligens,

42 3744 46 3764 ¹
60 3747 106 3814 l'tg.
116 3751 168 3808 550.

43 3828 346 3914 'rtim.1v‚1‚2,3,r,.
