2686 4628
264 307 305 372 7⁰
398 281 399 285 ’
518 289 521 296 ’
614 307 647 351 ιι,
672 309 796 351 ursusu
821 307 954 352 surress-

180 425 186 436 '
261 427 349 494 tione
371 436 597 514 protegerent:
619 447 721 511 neque
748 424 811 490 boc
829 421 972 510 obsequii
991 421 1062 496 fuit,
1083 430 1136 486 aut
1158 417 1333 492 ordinis,

261 547 318 600 aut
339 533 480 608 honoris,
504 532 621 621 quippe
637 553 712 597 cum
734 530 870 596 amicitia
885 551 977 619 pares
998 549 1122 616 semper
1137 539 1194 592 aut
1212 526 1333 592 acci-

263 645 340 732 piut,
362 655 417 708 aut
438 642 549 716 laciatr
567 641 623 706 sed
646 653 682 705 ut
696 640 816 706 arbiter
830 651 862 706 et
879 639 1003 726 utrique
1026 638 1190 727 proximus
1204 659 1333 702 aures

129 778 134 788 ·
218 835 222 850 1
263 754 385 828 darem,
398 765 430 818 et
446 753 656 841 disceptantes
672 752 750 817 duos
765 751 888 816 medius
903 771 1109 840 segregarem.

307 860 345 928 V.
362 861 446 930 'lum
457 863 502 926 sio
514 860 656 930 Caecilius
668 883 799 926 exorsus
807 858 872 926 est¹
881 882 894 927 ε,
903 859 1092 946 Quanquam
1103 857 1174 933 tibi,
1187 857 1322 926 ttaroe

264 971 426 1047 [natendo
444 993 508 1058 quo
523 995 598 1038 eum
613 973 748 1038 maxime
767 970 936 1059 quaerimus
951 991 1017 1036 non
1033 969 1080 1057 sit:
1092 969 1321 1057 ambiguum,

265 1092 375 1172 utpote
391 1103 466 1146 eum
487 1079 652 1170 diligenter
669 1083 702 1146 in
718 1092 852 1168 utroque
873 1078 997 1145 vivendi
1016 1099 1130 1166 genere
1153 1089 1317 1142 versutus

217 1249 220 1258 ,
265 1191 438 1279 repudiaris
450 1190 598 1266 alterum,
612 1189 747 1256 alterum
760 1189 975 1280 comprobaris
981 1214 990 1263 ;
1009 1188 1311 1277 impraesentiarum

263 1313 371 1367 tamen
390 1303 433 1366 ita
455 1302 512 1368 tibi
537 1301 754 1368 informandus
774 1313 822 1366 est
840 1301 977 1374 animus,
998 1309 1034 1365 ut
1051 1296 1164 1364 libram
1183 1309 1309 1364 tenens

264 1411 432 1499 aequissimi
443 1412 570 1500 judicis,
588 1434 649 1476 neo
664 1413 697 1475 in
712 1409 842 1474 alteram
853 1421 977 1498 partem
987 1429 1160 1495 propensus
1173 1405 1309 1472 incum-

263 1513 390 1598 bss‚'ue
406 1544 471 1586 non
486 1531 551 1585 tum
565 1543 604 1585 ex
619 1519 734 1585 nostris
752 1517 1015 1606 disputationibus
1034 1526 1105 1582 nata
1124 1513 1307 1588 sententia,

264 1655 360 1720 quum
379 1653 418 1695 ex
439 1631 501 1695 tuis
523 1616 673 1696 sensibus
686 1627 808 1718 prolste
831 1627 982 1694 videatur.
1010 1625 1145 1694 Proinde
1166 1626 1191 1692 si
1217 1622 1304 1691 mibi

265 1743 354 1831 quasi
369 1765 469 1808 novus
485 1739 594 1830 aliqui,
611 1753 643 1805 et
658 1741 746 1829 quasi
762 1741 886 1829 ignarus
901 1737 998 1827 partis
1010 1738 1174 1825 utriusque
1189 1735 1304 1802 cousi-

265 1849 334 1924 das,
351 1848 474 1914 nullu'm
488 1849 650 1938 negotium
673 1861 720 1913 est
739 1847 928 1937 patefacere,
948 1847 1054 1912 omnia
1071 1847 1103 1911 in
1122 1846 1220 1911 rebus
1239 1843 1304 1912 bu·

265 1960 367 2024 manis
390 1959 499 2034 dubia,
522 1961 657 2035 incerta,
682 1981 850 2048 suspensa;
874 1959 1036 2048 magisque
1058 1958 1161 2026 omnia
1191 1957 1303 2022 verisi-

265 2067 364 2143 milia,
384 2091 479 2155 quem
500 2089 582 2131 vera.
604 2067 677 2146 Quo
692 2068 795 2132 minus
815 2068 932 2133 mirum
949 2079 996 2134 est
1011 2063 1179 2132 nonnullos
1199 2066 1300 2132 taedio

119 2179 123 2186 '
160 2204 162 2216 ·
265 2175 487 2263 investigandas
502 2176 627 2263 penitus
641 2175 778 2242 veritatis
789 2175 919 2243 cuilibet
934 2175 1074 2265 opinioni
1091 2187 1209 2242 temere
1226 2199 1299 2243 suc-

265 2287 429 2363 cumbere,
443 2309 538 2375 quam
553 2286 586 2352 in
600 2283 792 2374 explorando
807 2286 961 2375 pertinaci
977 2285 1135 2375 diligentia
1147 2305 1296 2374 perseve-

265 2419 347 2462 rare.
376 2397 487 2484 ltaque
512 2396 748 2485 indignandum.
762 2395 921 2473 omnibus,
946 2393 1206 2463 indolescendum
1231 2407 1295 2468 est,

264 2507 382 2572 audere
396 2506 563 2594 quosdam,
581 2516 614 2569 et
636 2505 698 2570 hoo
712 2504 888 2569 studiorum
904 2505 1010 2581 rudes,
1025 2504 1200 2570 litterarum
1215 2527 1295 2594 pro-

267 2615 373 2688 fanos,
389 2627 532 2700 expertes
554 2613 669 2677 ertium
692 2614 788 2677 etiam
803 2613 1016 2689 sordidarum,
1032 2627 1155 2680 eertum
1176 2611 1292 2702 aliquid

215 2731 218 2740 ’
266 2724 307 2789 de
335 2745 457 2789 summa
488 2745 594 2788 rerum
625 2745 663 2788 ac
689 2725 853 2812 majestate
879 2726 1062 2803 decernere,
1094 2726 1133 2790 de
1159 2749 1218 2813 qus
1245 2738 1293 2792 tot

267 2834 414 2898 omnibus
438 2831 559 2898 saeoulis
581 2844 737 2898 sectarum
754 2833 962 2922 plurimarum
982 2859 1081 2923 usque
1101 2835 1204 2902 adbuc
1224 2837 1289 2924 ipsa

267 2941 468 3032 Philosophia
490 2940 652 3007 deliberat.
679 2941 746 3007 Neo
768 2944 943 3016 immerito;
967 2967 1040 3010 cum
1067 2957 1190 3012 tantum
1210 2947 1288 3012 absit

268 3054 308 3120 ab
324 3051 538 3144 exploratione
553 3051 657 3117 divina
675 3052 813 3120 bumana
827 3054 1041 3132 rnediocritas,
1058 3069 1093 3120 ut
1108 3079 1210 3145 neque
1220 3079 1286 3146 quse

269 3187 363 3254 supra
388 3186 446 3230 nos
469 3160 550 3228 coelo
570 3185 721 3252 suspense
742 3163 863 3231 sublate
887 3175 976 3241 sunt,
1000 3189 1104 3254 neque
1121 3191 1191 3255 quse
1211 3167 1285 3233 iuba

269 3289 388 3340 terram
409 3271 565 3363 profunda
586 3274 729 3340 demersa
752 3286 838 3350 sunt,
857 3287 911 3339 eut
930 3277 1012 3340 scire
1035 3278 1074 3342 sit
1094 3277 1213 3354 datum,
1233 3291 1286 3342 aut

219 3465 223 3475 μ
269 3385 401 3451 serutari
416 3385 616 3472 permissum,
628 3397 684 3448 aut
695 3382 1030 3473 stuprarereligiosum
1043 3410 1051 3452 s
1066 3398 1098 3452 et
1109 3387 1192 3453 beati
1203 3387 1282 3463 satis,

269 3491 406 3579 satisque
416 3493 588 3580 prudentes
603 3493 673 3580 jure
688 3491 862 3569 videamur,
878 3494 915 3570 si,
929 3495 1103 3562 seeundum
1115 3495 1191 3562 illud
1202 3509 1283 3563 setus

269 3603 425 3693 Sapientis
433 3602 608 3679 oraculum,
617 3603 823 3692 nosmetipsos
834 3604 1015 3673 familiarius
1028 3609 1212 3676 noverimus.
1224 3608 1282 3674 Sed

270 3726 425 3802 quatenus
436 3711 632 3803 indulgentes
647 3715 757 3780 insano
773 3725 868 3802 atquo
884 3715 990 3804 inepto
1001 3716 1113 3795 labori,
1130 3716 1209 3783 ultra
1225 3717 1280 3784 bu-

270 3823 410 3893 militetis
425 3835 538 3891 nostre
553 3825 704 3893 terminos
717 3847 898 3914 evagamur,
915 3838 947 3893 ot
965 3828 997 3896 in
1014 3843 1128 3899 terram
1144 3830 1277 3918 projecti,

304 3950 390 4002 lVide
402 3951 433 4000 Ι).
445 3949 563 4013 Guillon,
583 3969 598 4001 a
610 3969 636 4017 p.
649 3969 693 4018 ²7²
706 3969 784 4019 usque
794 3953 825 4005 ad
837 3970 862 4019 p.
875 3967 929 4019 ²9⁰·
