2738 4628
261 282 301 324 20
580 280 693 327 satum
717 278 831 328 11111Νῶ1
855 279 915 324 1111.
942 281 961 322 V

259 419 345 476 nam,
359 399 536 467 secundum
556 399 710 466 rationem
722 423 793 488 qum
810 397 959 488 praedicts
976 405 1050 464 sunt
1063 395 1141 463 dixit
1157 392 1311 474 :rQuo-

259 539 272 571 ι
285 509 372 575 niam
383 532 458 578 caro
469 511 637 600 etsunguis
649 533 782 600 reguum
795 510 853 577 Dei
867 508 1028 598 possidere
1036 529 1104 574 ‘non
1116 516 1269 596 possunt.
1282 530 1301 564 ι

259 617 354 685 Velut
376 615 401 685 si
423 618 509 685 dicat
530 642 538 686 τ
558 617 663 686 Nolite
682 641 789 685 errare
796 642 806 691 ;
825 618 976 706 quoniam
997 617 1057 683 nisi
1072 615 1216 683 Verbum
1235 611 1313 678 Dei

160 791 163 798 ,
258 727 493 805 inhabitaverit,
506 741 538 794 et
549 727 685 818 Spiritus
696 728 797 795 Patris
812 729 907 794 suerit
922 728 955 794 in
966 727 1068 802 vebis,
1081 749 1159 792 vane
1172 737 1313 796 autem,

258 848 292 901 et
305 848 401 923 prout
416 837 533 913 evenit,
546 838 724 904 conversati
739 837 872 913 fueritis,
884 837 975 925 quasi
990 836 1052 904 hoe
1066 847 1204 910 tantum,
1218 853 1315 900 caro

260 956 293 1014 et
308 947 434 1036 sanguis
449 946 630 1024 existentes,
643 969 778 1038 regnum
789 947 846 1014 Dei
863 946 1023 1037 pessilem
1035 968 1099 1012 nen
1112 945 1277 1034 poteritis.

307 1115 348 1198 Ι8ὀ
363 1127 414 1196 Ex
433 1126 566 1198 Christi
580 1121 782 1198 miraculis*
801 1152 809 1195 :

306 1273 494 1342 Fabrlcater
514 1275 601 1340 'enim
626 1273 846 1341 universorum
868 1273 928 1340 Dei
949 1271 1105 1350 Verbum,
1123 1272 1177 1362 qui
1201 1283 1238 1338 et
1265 1274 1317 1337 eh

266 1383 355 1450 initio
367 1381 532 1474 plasmavit
547 1382 724 1458 hominem.
736 1405 753 1446 a
767 1379 884 1448 malitia
900 1381 1062 1448 inveniens
1072 1379 1315 1448 labefactatum

268 1514 361 1559 suum
373 1490 493 1580 plasma
505 1493 592 1558 omni
604 1493 701 1558 modo
712 1491 834 1559 curavit
846 1513 855 1556 a
866 1490 929 1558 hoc
940 1491 1068 1579 quidem
1080 1492 1315 1558 etsecundum

268 1601 519 1692 unumquodque
532 1603 727 1677 membrum,
740 1602 822 1668 sicut
832 1613 865 1667 et
882 1601 914 1666 in
925 1623 983 1667 sua
995 1598 1148 1690 plasmate
1159 1614 1225 1675 est;
1241 1601 1318 1668 hoc

268 1724 377 1781 autem
389 1725 423 1780 et
437 1714 470 1779 in
483 1710 583 1779 semel
598 1723 702 1778 totum
717 1734 830 1776 sanum
845 1722 878 1778 et
898 1711 1056 1800 integrum
1078 1709 1319 1801 redintegravit

270 1821 447 1899 hominem,
471 1822 649 1913 perlectum
671 1845 747 1888 eum
763 1821 822 1888 sibi
840 1843 1019 1911 praeparans
1037 1820 1079 1888 ad
1096 1822 1321 1890 resurrectio-

271 1954 357 1999 nem.
378 1931 419 1998 Et
439 1955 535 2020 quam
550 1931 637 1997 enim
657 1953 785 1998 causam
800 1930 939 1998 habebat
954 1929 1057 1996 carnis
1079 1931 1224 1998 membra
1246 1953 1320 1999 cu-

272 2063 343 2128 rare
357 2052 391 2106 et
410 2040 577 2106 restituere
595 2039 629 2105 in
647 2039 817 2128 pristinum
833 2037 1067 2116 characterem,
1083 2040 1109 2104 si
1125 2063 1189 2106 non
1208 2039 1322 2108 hehe-

273 2153 352 2218 bant
364 2149 476 2218 salvari
488 2171 559 2239 que
573 2149 613 2216 ab
631 2146 685 2214 illo
695 2160 810 2216 curata
823 2148 970 2215 lucranti
981 2147 1014 2214 Si
1025 2145 1112 2214 enim
1124 2150 1322 2239 temporalis

274 2261 395 2327 eratali
411 2283 450 2325 eo
466 2257 595 2335 militas,
615 2257 693 2325 nihil
709 2259 828 2349 grande
842 2259 988 2348 prestitit
1002 2258 1051 2326 his
1066 2259 1121 2348 qui
1136 2262 1175 2327 ab
1191 2283 1234 2326 eo
1256 2284 1323 2328 cu-

274 2370 333 2440 rati
352 2380 436 2435 sunt.
454 2367 520 2436 Aut
534 2367 696 2456 quemodo
712 2368 823 2436 dicunt
842 2392 906 2435 non
924 2391 992 2435 csse
1011 2391 1161 2457 capacem
1176 2391 1323 2438 carnem

276 2481 359 2556 vita,
375 2502 446 2568 quae
461 2490 510 2545 est
523 2481 563 2545 nl>
575 2501 626 2554 eo,
644 2498 715 2565 quae
730 2479 874 2568 percepit
890 2479 1088 2545 curationem
1107 2482 1146 2547 ab
1163 2481 1226 2546 co?
1237 2481 1323 2548 Vita

275 2590 363 2656 enim
383 2611 441 2678 per
457 2588 668 2664 curationem,
690 2587 904 2677 incorruptela
929 2601 1036 2655 autem
1053 2613 1110 2679 per
1130 2590 1228 2656 vitam
1245 2591 1326 2660 elli-

278 2699 371 2765 citur.
387 2696 452 2775 Qui
469 2697 569 2787 igitur
578 2697 776 2764 curationem
789 2696 924 2775 confert,
937 2699 990 2765 hic
1008 2711 1040 2765 et
1067 2700 1183 2766 vitam:
1203 2713 1238 2768 et
1257 2705 1325 2792 qui

279 2809 388 2884 vitam,
401 2806 455 2875 hic
470 2820 502 2874 et
519 2806 732 2897 incorruptela
744 2809 924 2877 circumdat
938 2808 1057 2899 plasma
1069 2833 1173 2879 suum.

323 2917 440 2984 Dicant
453 2916 561 2983 enim²
578 2918 670 2984 nobis
688 2918 721 2984 hi
738 2919 791 3006 qui
810 2919 967 2986 contraria
985 2919 1108 2996 dicunt,
1126 2921 1239 2999 idest,
1261 2926 1325 3011 qui

281 3025 507 3096 contradicunt
520 3048 585 3093 sure
597 3026 711 3093 saluti:
727 3010 842 3095 summi
852 3030 1023 3096 sacerdotis
1034 3041 1158 3096 mortua
1167 3029 1234 3096 filia
1245 3031 1275 3109 ⁸,
1290 3046 1328 3100 et

282 3137 385 3204 viduae
396 3135 480 3202 lilius
491 3136 545 3224 qui
556 3136 641 3204 circa
653 3150 778 3228 partam
790 3151 935 3205 mortuus
947 3138 1165 3216 efferebatnr‘‚
1177 3152 1209 3207 ct
1221 3139 1329 3209 Laza-

284 3269 338 3312 rus
354 3245 458 3334 quiin
471 3257 681 3311 monumento
698 3257 842 3333 quartam
858 3239 998 3313 habebat
1016 3247 1132 3324 diem‘,
1149 3249 1182 3313 in
1200 3249 1328 3336 quibus

189 3353 193 3362 '
285 3353 512 3420 resurrexerint
522 3354 735 3444 corporibus?
746 3355 783 3420 ln
801 3354 911 3420 iisdem
925 3354 1144 3445 ipsisscilicet·,
1156 3357 1329 3446 inquibus

286 3476 318 3530 et
329 3462 446 3530 mertui
458 3463 594 3532 luerent.
608 3464 643 3531 Si
654 3465 740 3532 enim
751 3487 816 3532 nun
832 3465 865 3531 iu
876 3466 988 3532 iisdem
1000 3466 1087 3557 ipsis,
1098 3467 1247 3557 videlicet
1258 3494 1331 3539 nec

288 3571 384 3640 iidem
400 3571 459 3661 ipsi
470 3568 526 3659 qui
544 3574 662 3641 mortui
676 3586 770 3641 erant
787 3587 1037 3644 resurrexerunt·
1054 3577 1119 3645 sed
1134 3579 1219 3646 enim
1236 3606 1249 3641 ι
1270 3605 1333 3670 up=

267 3766 273 3774 -
319 3733 404 3799 *Cap
416 3750 495 3794 xu,n.
506 3737 530 3794 6,
541 3753 567 3802 p.
578 3737 634 3802 307.

320 3819 404 3885 ²Gap.
421 3823 646 3887 xn=‚n.1,p.308.

321 3903 420 3956 'llam
435 3923 460 3965 v,
475 3923 513 3956 aa.
525 3907 574 3944 -l
586 3910 644 3958 Luc.
661 3909 900 3966 rrr‚12.-⁵Juan.
916 3928 949 3972 n,
960 3913 997 3978 ⁵9
