<?xml version="1.0" encoding="UTF-8"?>
<!DOCTYPE html PUBLIC "-//W3C//DTD XHTML 1.0 Transitional//EN"
    "http://www.w3.org/TR/xhtml1/DTD/xhtml1-transitional.dtd">
<html xmlns="http://www.w3.org/1999/xhtml" xml:lang="en" lang="en">
 <head>
  <title>
</title>
<meta http-equiv="Content-Type" content="text/html;charset=utf-8" />
  <meta name='ocr-system' content='tesseract 3.04.00' />
  <meta name='ocr-capabilities' content='ocr_page ocr_carea ocr_par ocr_line ocrx_word'/>
</head>
<body>
  <div class='ocr_page' id='page_1' title='image "./collectioselect00guilgoog_0613.png"; bbox 0 0 2412 4596; ppageno 0'>
   <div class='ocr_carea' id='block_1_1' title="bbox 341 265 1035 328">
    <p class='ocr_par' dir='ltr' id='par_1_1' title="bbox 341 265 1035 328">
     <span class='ocr_line' id='line_1_1' title="bbox 341 265 1035 328; baseline 0.014 -11"><span class='ocrx_word' id='word_1_1' title='bbox 341 265 531 319; x_wconf 73' lang='lat' dir='ltr'><strong>srnotaruu</strong></span> <span class='ocrx_word' id='word_1_2' title='bbox 553 275 612 319; x_wconf 85' lang='grc' dir='ltr'><strong>ιιι.</strong></span> <span class='ocrx_word' id='word_1_3' title='bbox 641 279 688 321; x_wconf 91' lang='grc' dir='ltr'><strong>ιιι.</strong></span> <span class='ocrx_word' id='word_1_4' title='bbox 975 265 1035 328; x_wconf 74' lang='lat'><strong>115</strong></span> 
     </span>
    </p>
   </div>
   <div class='ocr_carea' id='block_1_2' title="bbox 4 393 1037 592">
    <p class='ocr_par' dir='ltr' id='par_1_2' title="bbox 4 393 1037 592">
     <span class='ocr_line' id='line_1_2' title="bbox 4 393 1037 493; baseline 0.009 -33"><span class='ocrx_word' id='word_1_5' title='bbox 4 409 28 460; x_wconf 49' lang='lat' dir='ltr'><strong>‘t</strong></span> <span class='ocrx_word' id='word_1_6' title='bbox 40 408 203 463; x_wconf 89' lang='lat' dir='ltr'><strong>concoctu</strong></span> <span class='ocrx_word' id='word_1_7' title='bbox 224 393 370 472; x_wconf 84' lang='lat' dir='ltr'><strong>difficile,</strong></span> <span class='ocrx_word' id='word_1_8' title='bbox 389 406 422 462; x_wconf 83' lang='lat' dir='ltr'><strong>et</strong></span> <span class='ocrx_word' id='word_1_9' title='bbox 441 397 564 464; x_wconf 88' lang='lat' dir='ltr'><strong>somnia</strong></span> <span class='ocrx_word' id='word_1_10' title='bbox 580 397 696 466; x_wconf 82' lang='lat' dir='ltr'><strong>efficiat</strong></span> <span class='ocrx_word' id='word_1_11' title='bbox 714 399 915 475; x_wconf 72' lang='lat' dir='ltr'><strong>turbulentaa</strong></span> <span class='ocrx_word' id='word_1_12' title='bbox 934 425 1037 493; x_wconf 84' lang='lat' dir='ltr'><strong>nequo</strong></span> 
     </span>
     <span class='ocr_line' id='line_1_3' title="bbox 5 503 946 592; baseline 0.007 -24"><span class='ocrx_word' id='word_1_13' title='bbox 5 536 9 559; x_wconf 67' lang='grc' dir='ltr'><strong>ι</strong></span> <span class='ocrx_word' id='word_1_14' title='bbox 40 504 82 569; x_wconf 92' lang='lat' dir='ltr'><strong>od</strong></span> <span class='ocrx_word' id='word_1_15' title='bbox 92 503 235 570; x_wconf 87' lang='lat' dir='ltr'><strong>hominis</strong></span> <span class='ocrx_word' id='word_1_16' title='bbox 249 504 342 592; x_wconf 86' lang='lat' dir='ltr'><strong>capiti</strong></span> <span class='ocrx_word' id='word_1_17' title='bbox 359 503 399 569; x_wconf 89' lang='lat' dir='ltr'><strong>sit</strong></span> <span class='ocrx_word' id='word_1_18' title='bbox 414 503 542 580; x_wconf 88' lang='lat' dir='ltr'><strong>similis,</strong></span> <span class='ocrx_word' id='word_1_19' title='bbox 559 517 595 570; x_wconf 87' lang='lat' dir='ltr'><strong>ut</strong></span> <span class='ocrx_word' id='word_1_20' title='bbox 611 505 676 571; x_wconf 89' lang='lat' dir='ltr'><strong>vuit</strong></span> <span class='ocrx_word' id='word_1_21' title='bbox 690 504 742 572; x_wconf 89' lang='lat' dir='ltr'><strong>ille</strong></span> <span class='ocrx_word' id='word_1_22' title='bbox 754 507 946 575; x_wconf 86' lang='lat' dir='ltr'><strong>versiculus:</strong></span> 
     </span>
    </p>
   </div>
   <div class='ocr_carea' id='block_1_3' title="bbox 35 651 946 737">
    <p class='ocr_par' dir='ltr' id='par_1_3' title="bbox 35 651 946 737">
     <span class='ocr_line' id='line_1_4' title="bbox 35 651 946 737; baseline 0.008 -27"><span class='ocrx_word' id='word_1_23' title='bbox 35 652 123 712; x_wconf 83' lang='lat' dir='ltr'><strong>Idem</strong></span> <span class='ocrx_word' id='word_1_24' title='bbox 142 664 189 710; x_wconf 86' lang='lat' dir='ltr'><strong>est</strong></span> <span class='ocrx_word' id='word_1_25' title='bbox 201 669 332 730; x_wconf 90' lang='lat' dir='ltr'><strong>namque</strong></span> <span class='ocrx_word' id='word_1_26' title='bbox 344 651 441 711; x_wconf 78' lang='lat' dir='ltr'><strong>sabam</strong></span> <span class='ocrx_word' id='word_1_27' title='bbox 458 665 548 730; x_wconf 85' lang='lat' dir='ltr'><strong>utque</strong></span> <span class='ocrx_word' id='word_1_28' title='bbox 560 665 650 736; x_wconf 85' lang='lat' dir='ltr'><strong>caput</strong></span> <span class='ocrx_word' id='word_1_29' title='bbox 661 656 820 722; x_wconf 84' lang='lat' dir='ltr'><strong>corrodere</strong></span> <span class='ocrx_word' id='word_1_30' title='bbox 832 659 925 737; x_wconf 86' lang='lat' dir='ltr'><strong>patris</strong></span> <span class='ocrx_word' id='word_1_31' title='bbox 938 679 946 717; x_wconf 90' lang='lat'>:</span> 
     </span>
    </p>
   </div>
   <div class='ocr_carea' id='block_1_4' title="bbox 0 788 1058 1644">
    <p class='ocr_par' dir='ltr' id='par_1_4' title="bbox 0 788 1058 1644">
     <span class='ocr_line' id='line_1_5' title="bbox 1 788 1040 879; baseline 0.014 -30"><span class='ocrx_word' id='word_1_32' title='bbox 1 840 6 848; x_wconf 76' lang='lat'><strong>.</strong></span> <span class='ocrx_word' id='word_1_33' title='bbox 18 789 48 854; x_wconf 87' lang='lat' dir='ltr'><strong>d</strong></span> <span class='ocrx_word' id='word_1_34' title='bbox 64 789 176 879; x_wconf 91' lang='lat' dir='ltr'><strong>potius</strong></span> <span class='ocrx_word' id='word_1_35' title='bbox 188 789 276 877; x_wconf 90' lang='lat' dir='ltr'><strong>quod</strong></span> <span class='ocrx_word' id='word_1_36' title='bbox 288 788 388 866; x_wconf 82' lang='lat' dir='ltr'><strong>sabae,</strong></span> <span class='ocrx_word' id='word_1_37' title='bbox 404 790 430 856; x_wconf 90' lang='lat' dir='ltr'><strong>si</strong></span> <span class='ocrx_word' id='word_1_38' title='bbox 442 790 671 868; x_wconf 85' lang='lat' dir='ltr'><strong>comedantur,&#39;</strong></span> <span class='ocrx_word' id='word_1_39' title='bbox 682 791 803 860; x_wconf 87' lang='lat' dir='ltr'><strong>steriles</strong></span> <span class='ocrx_word' id='word_1_40' title='bbox 814 794 954 862; x_wconf 80' lang='lat' dir='ltr'><strong>efficiant</strong></span> <span class='ocrx_word' id='word_1_41' title='bbox 964 820 1040 864; x_wconf 91' lang='lat' dir='ltr'><strong>mu-</strong></span> 
     </span>
     <span class='ocr_line' id='line_1_6' title="bbox 7 896 1038 989; baseline 0.01 -25"><span class='ocrx_word' id='word_1_42' title='bbox 7 899 96 965; x_wconf 76' lang='lat' dir='ltr'><strong>&#39;eres</strong></span> <span class='ocrx_word' id='word_1_43' title='bbox 112 896 354 989; x_wconf 76' lang='lat' dir='ltr'><strong>Theophrastus</strong></span> <span class='ocrx_word' id='word_1_44' title='bbox 370 900 500 989; x_wconf 89' lang='lat' dir='ltr'><strong>quidem</strong></span> <span class='ocrx_word' id='word_1_45' title='bbox 512 912 599 966; x_wconf 88' lang='lat' dir='ltr'><strong>certe</strong></span> <span class='ocrx_word' id='word_1_46' title='bbox 614 901 648 966; x_wconf 92' lang='lat' dir='ltr'><strong>in</strong></span> <span class='ocrx_word' id='word_1_47' title='bbox 660 902 771 989; x_wconf 88' lang='lat' dir='ltr'><strong>quinto</strong></span> <span class='ocrx_word' id='word_1_48' title='bbox 786 901 867 969; x_wconf 84' lang='lat' dir='ltr'><strong>libro</strong></span> <span class='ocrx_word' id='word_1_49' title='bbox 884 905 1038 974; x_wconf 90' lang='lat' dir='ltr'><strong>decausis</strong></span> 
     </span>
     <span class='ocr_line' id='line_1_7' title="bbox 4 1005 1039 1097; baseline 0.01 -25"><span class='ocrx_word' id='word_1_50' title='bbox 4 1005 199 1083; x_wconf 77' lang='lat' dir='ltr'><strong>lentarum,</strong></span> <span class='ocrx_word' id='word_1_51' title='bbox 217 1006 362 1074; x_wconf 80' lang='lat' dir='ltr'><strong>fabarum</strong></span> <span class='ocrx_word' id='word_1_52' title='bbox 377 1007 523 1096; x_wconf 80' lang='lat' dir='ltr'>siliquas,</span> <span class='ocrx_word' id='word_1_53' title='bbox 541 1009 567 1074; x_wconf 92' lang='lat' dir='ltr'><strong>si</strong></span> <span class='ocrx_word' id='word_1_54' title='bbox 583 1020 743 1097; x_wconf 90' lang='lat' dir='ltr'><strong>ponantur</strong></span> <span class='ocrx_word' id='word_1_55' title='bbox 752 1010 796 1076; x_wconf 90' lang='lat' dir='ltr'><strong>ad</strong></span> <span class='ocrx_word' id='word_1_56' title='bbox 809 1011 932 1079; x_wconf 82' lang='lat' dir='ltr'><strong>radices</strong></span> <span class='ocrx_word' id='word_1_57' title='bbox 947 1019 1039 1082; x_wconf 90' lang='lat' dir='ltr'><strong>arbo-</strong></span> 
     </span>
     <span class='ocr_line' id='line_1_8' title="bbox 43 1115 1058 1208; baseline 0.017 -34"><span class='ocrx_word' id='word_1_58' title='bbox 43 1146 59 1175; x_wconf 73' lang='grc' dir='ltr'><strong>ι.</strong></span> <span class='ocrx_word' id='word_1_59' title='bbox 77 1167 86 1194; x_wconf 88' lang='grc'><em>,</em></span> <span class='ocrx_word' id='word_1_60' title='bbox 105 1140 179 1204; x_wconf 86' lang='lat' dir='ltr'><strong>quae</strong></span> <span class='ocrx_word' id='word_1_61' title='bbox 195 1139 300 1206; x_wconf 90' lang='lat' dir='ltr'><strong>nuper</strong></span> <span class='ocrx_word' id='word_1_62' title='bbox 318 1128 392 1184; x_wconf 87' lang='lat' dir='ltr'><strong>sunt</strong></span> <span class='ocrx_word' id='word_1_63' title='bbox 412 1115 581 1207; x_wconf 82' lang='lat' dir='ltr'><strong>plantatae,</strong></span> <span class='ocrx_word' id='word_1_64' title='bbox 605 1117 701 1184; x_wconf 78' lang='lat' dir='ltr'><strong>refert</strong></span> <span class='ocrx_word' id='word_1_65' title='bbox 720 1116 844 1208; x_wconf 78' lang='lat' dir='ltr'><strong>plantas</strong></span> <span class='ocrx_word' id='word_1_66' title='bbox 866 1123 1035 1192; x_wconf 82' lang='lat' dir='ltr'><strong>exsiccare.</strong></span> <span class='ocrx_word' id='word_1_67' title='bbox 1055 1151 1058 1164; x_wconf 48' lang='grc' dir='ltr'><strong>ι</strong></span> 
     </span>
     <span class='ocr_line' id='line_1_9' title="bbox 8 1224 1038 1314; baseline 0.012 -28"><span class='ocrx_word' id='word_1_68' title='bbox 8 1226 185 1292; x_wconf 85' lang='lat' dir='ltr'><strong>tuinetiam</strong></span> <span class='ocrx_word' id='word_1_69' title='bbox 199 1224 322 1314; x_wconf 77' lang='lat' dir='ltr'><strong>galiinae</strong></span> <span class='ocrx_word' id='word_1_70' title='bbox 337 1225 539 1303; x_wconf 71' lang='lat' dir='ltr'><strong>domesticas,</strong></span> <span class='ocrx_word' id='word_1_71' title='bbox 558 1248 628 1314; x_wconf 85' lang='lat' dir='ltr'><strong>quae</strong></span> <span class='ocrx_word' id='word_1_72' title='bbox 639 1248 692 1293; x_wconf 86' lang='lat' dir='ltr'><strong>eas</strong></span> <span class='ocrx_word' id='word_1_73' title='bbox 706 1226 832 1294; x_wconf 84' lang='lat' dir='ltr'><strong>assidue</strong></span> <span class='ocrx_word' id='word_1_74' title='bbox 843 1231 1038 1311; x_wconf 86' lang='lat' dir='ltr'><strong>comedunt,</strong></span> 
     </span>
     <span class='ocr_line' id='line_1_10' title="bbox 6 1331 330 1401; baseline -0.003 -1"><span class='ocrx_word' id='word_1_75' title='bbox 6 1370 8 1373; x_wconf 95' lang='lat'>·</span> <span class='ocrx_word' id='word_1_76' title='bbox 24 1350 28 1391; x_wconf 76' lang='lat' dir='ltr'>i</span> <span class='ocrx_word' id='word_1_77' title='bbox 47 1336 183 1401; x_wconf 85' lang='lat' dir='ltr'><strong>ciuntur</strong></span> <span class='ocrx_word' id='word_1_78' title='bbox 199 1331 330 1400; x_wconf 82' lang='lat' dir='ltr'><strong>steriles.</strong></span> 
     </span>
     <span class='ocr_line' id='line_1_11' title="bbox 39 1441 1039 1537; baseline 0.008 -29"><span class='ocrx_word' id='word_1_79' title='bbox 39 1442 275 1520; x_wconf 82' lang='lat' dir='ltr'><strong>Exiisautem,</strong></span> <span class='ocrx_word' id='word_1_80' title='bbox 293 1465 346 1530; x_wconf 87' lang='lat' dir='ltr'><strong>qm</strong></span> <span class='ocrx_word' id='word_1_81' title='bbox 337 1441 522 1510; x_wconf 82' lang='lat' dir='ltr'><strong>abhaeresr</strong></span> <span class='ocrx_word' id='word_1_82' title='bbox 534 1443 714 1524; x_wconf 85' lang='lat' dir='ltr'><strong>ducuntur</strong></span> <span class='ocrx_word' id='word_1_83' title='bbox 727 1445 895 1514; x_wconf 85' lang='lat' dir='ltr'><strong>Marcionis</strong></span> <span class='ocrx_word' id='word_1_84' title='bbox 908 1449 1039 1537; x_wconf 87' lang='lat' dir='ltr'><strong>quidem</strong></span> 
     </span>
     <span class='ocr_line' id='line_1_12' title="bbox 0 1550 1040 1644; baseline 0.007 -28"><span class='ocrx_word' id='word_1_85' title='bbox 0 1560 14 1609; x_wconf 77' lang='lat' dir='ltr'><strong>t</strong></span> <span class='ocrx_word' id='word_1_86' title='bbox 21 1550 119 1616; x_wconf 86' lang='lat' dir='ltr'><strong>ontici</strong></span> <span class='ocrx_word' id='word_1_87' title='bbox 137 1550 271 1618; x_wconf 78' lang='lat' dir='ltr'>fecimus</span> <span class='ocrx_word' id='word_1_88' title='bbox 288 1551 505 1628; x_wconf 87' lang='lat' dir='ltr'><strong>mentionem,</strong></span> <span class='ocrx_word' id='word_1_89' title='bbox 522 1553 576 1641; x_wconf 88' lang='lat' dir='ltr'><strong>qui</strong></span> <span class='ocrx_word' id='word_1_90' title='bbox 598 1565 730 1643; x_wconf 87' lang='lat' dir='ltr'><strong>propter</strong></span> <span class='ocrx_word' id='word_1_91' title='bbox 748 1567 934 1634; x_wconf 85' lang='lat' dir='ltr'><strong>certamen,</strong></span> <span class='ocrx_word' id='word_1_92' title='bbox 951 1557 1040 1644; x_wconf 92' lang='lat' dir='ltr'><strong>quod</strong></span> 
     </span>
    </p>
   </div>
   <div class='ocr_carea' id='block_1_5' title="bbox 1 1874 1039 2488">
    <p class='ocr_par' dir='ltr' id='par_1_5' title="bbox 1 1874 1039 2488">
     <span class='ocr_line' id='line_1_13' title="bbox 1 1874 1039 1963; baseline 0.005 -23"><span class='ocrx_word' id='word_1_93' title='bbox 1 1875 135 1943; x_wconf 81' lang='lat' dir='ltr'><strong>dicenda</strong></span> <span class='ocrx_word' id='word_1_94' title='bbox 149 1874 362 1952; x_wconf 86' lang='lat' dir='ltr'><strong>continentia,</strong></span> <span class='ocrx_word' id='word_1_95' title='bbox 380 1875 447 1963; x_wconf 91' lang='lat' dir='ltr'><strong>ipse</strong></span> <span class='ocrx_word' id='word_1_96' title='bbox 464 1875 619 1952; x_wconf 83' lang='lat' dir='ltr'><strong>Creator,</strong></span> <span class='ocrx_word' id='word_1_97' title='bbox 635 1877 688 1942; x_wconf 92' lang='lat' dir='ltr'><strong>cui</strong></span> <span class='ocrx_word' id='word_1_98' title='bbox 707 1899 741 1942; x_wconf 90' lang='lat' dir='ltr'><strong>se</strong></span> <span class='ocrx_word' id='word_1_99' title='bbox 758 1876 915 1944; x_wconf 86' lang='lat' dir='ltr'><strong>adversari</strong></span> <span class='ocrx_word' id='word_1_100' title='bbox 931 1880 1039 1945; x_wconf 77' lang='lat' dir='ltr'><strong>eristi-</strong></span> 
     </span>
     <span class='ocr_line' id='line_1_14' title="bbox 1 1984 1036 2074; baseline 0.006 -24"><span class='ocrx_word' id='word_1_101' title='bbox 1 2009 89 2052; x_wconf 84' lang='lat' dir='ltr'><strong>mans</strong></span> <span class='ocrx_word' id='word_1_102' title='bbox 105 1985 194 2074; x_wconf 73' lang='lat' dir='ltr'><strong>gigas</strong></span> <span class='ocrx_word' id='word_1_103' title='bbox 211 1984 270 2050; x_wconf 83' lang='lat' dir='ltr'><strong>iste</strong></span> <span class='ocrx_word' id='word_1_104' title='bbox 286 2007 360 2050; x_wconf 90' lang='lat' dir='ltr'><strong>cum</strong></span> <span class='ocrx_word' id='word_1_105' title='bbox 380 1985 450 2052; x_wconf 88' lang='lat' dir='ltr'><strong>Deo</strong></span> <span class='ocrx_word' id='word_1_106' title='bbox 465 2007 630 2074; x_wconf 76' lang='lat' dir='ltr'><strong>pugnans,</strong></span> <span class='ocrx_word' id='word_1_107' title='bbox 644 1997 693 2051; x_wconf 86' lang='lat' dir='ltr'><strong>est</strong></span> <span class='ocrx_word' id='word_1_108' title='bbox 714 1985 830 2052; x_wconf 84' lang='lat' dir='ltr'><strong>inritus</strong></span> <span class='ocrx_word' id='word_1_109' title='bbox 852 1989 1036 2068; x_wconf 85' lang='lat' dir='ltr'><strong>continens,</strong></span> 
     </span>
     <span class='ocr_line' id='line_1_15' title="bbox 7 2090 1039 2180; baseline 0.007 -22"><span class='ocrx_word' id='word_1_110' title='bbox 7 2117 76 2158; x_wconf 90' lang='lat' dir='ltr'><strong>um</strong></span> <span class='ocrx_word' id='word_1_111' title='bbox 92 2094 126 2158; x_wconf 91' lang='lat' dir='ltr'><strong>in</strong></span> <span class='ocrx_word' id='word_1_112' title='bbox 140 2092 336 2159; x_wconf 81' lang='lat' dir='ltr'><strong>creationem</strong></span> <span class='ocrx_word' id='word_1_113' title='bbox 346 2103 379 2158; x_wconf 87' lang='lat' dir='ltr'><strong>et</strong></span> <span class='ocrx_word' id='word_1_114' title='bbox 389 2093 448 2159; x_wconf 92' lang='lat' dir='ltr'><strong>Dei</strong></span> <span class='ocrx_word' id='word_1_115' title='bbox 457 2115 536 2180; x_wconf 88' lang='lat' dir='ltr'><strong>opus</strong></span> <span class='ocrx_word' id='word_1_116' title='bbox 547 2090 746 2158; x_wconf 84' lang='lat' dir='ltr'><strong>invehitur...</strong></span> <span class='ocrx_word' id='word_1_117' title='bbox 764 2093 853 2161; x_wconf 88' lang='lat' dir='ltr'><strong>Unde</strong></span> <span class='ocrx_word' id='word_1_118' title='bbox 865 2097 940 2164; x_wconf 87' lang='lat' dir='ltr'><strong>satis</strong></span> <span class='ocrx_word' id='word_1_119' title='bbox 951 2095 1039 2164; x_wconf 90' lang='lat' dir='ltr'><strong>dilu-</strong></span> 
     </span>
     <span class='ocr_line' id='line_1_16' title="bbox 17 2199 1039 2295; baseline -0.002 -29"><span class='ocrx_word' id='word_1_120' title='bbox 17 2201 66 2266; x_wconf 79' lang='lat' dir='ltr'><strong>‘de</strong></span> <span class='ocrx_word' id='word_1_121' title='bbox 80 2213 245 2266; x_wconf 85' lang='lat' dir='ltr'><strong>ostensum</strong></span> <span class='ocrx_word' id='word_1_122' title='bbox 260 2200 405 2266; x_wconf 80' lang='lat' dir='ltr'><strong>existimo</strong></span> <span class='ocrx_word' id='word_1_123' title='bbox 423 2211 629 2271; x_wconf 77' lang='lat' dir='ltr'><strong>externorum</strong></span> <span class='ocrx_word' id='word_1_124' title='bbox 650 2199 888 2291; x_wconf 84' lang='lat' dir='ltr'><strong>alienorumque</strong></span> <span class='ocrx_word' id='word_1_125' title='bbox 903 2205 1039 2295; x_wconf 75' lang='lat' dir='ltr'><strong>dogma.</strong></span> 
     </span>
     <span class='ocr_line' id='line_1_17' title="bbox 13 2307 1037 2406; baseline 0.01 -32"><span class='ocrx_word' id='word_1_126' title='bbox 13 2333 66 2376; x_wconf 91' lang='lat' dir='ltr'><strong>um</strong></span> <span class='ocrx_word' id='word_1_127' title='bbox 89 2310 276 2377; x_wconf 78' lang='lat' dir='ltr'><strong>occasiones</strong></span> <span class='ocrx_word' id='word_1_128' title='bbox 293 2307 486 2375; x_wconf 83' lang='lat' dir='ltr'><strong>Marcionem</strong></span> <span class='ocrx_word' id='word_1_129' title='bbox 509 2309 631 2398; x_wconf 83' lang='lat' dir='ltr'><strong>ingrate</strong></span> <span class='ocrx_word' id='word_1_130' title='bbox 641 2322 674 2375; x_wconf 92' lang='lat' dir='ltr'><strong>et</strong></span> <span class='ocrx_word' id='word_1_131' title='bbox 692 2309 820 2377; x_wconf 88' lang='lat' dir='ltr'><strong>indocte</strong></span> <span class='ocrx_word' id='word_1_132' title='bbox 841 2315 999 2406; x_wconf 88' lang='lat' dir='ltr'><strong>accepisse</strong></span> <span class='ocrx_word' id='word_1_133' title='bbox 1017 2341 1037 2384; x_wconf 86' lang='lat' dir='ltr'><strong>a</strong></span> 
     </span>
     <span class='ocr_line' id='line_1_18' title="bbox 10 2417 142 2488; baseline -0.023 -1"><span class='ocrx_word' id='word_1_134' title='bbox 10 2417 142 2488; x_wconf 81' lang='lat' dir='ltr'><strong>latone.</strong></span> 
     </span>
    </p>
   </div>
   <div class='ocr_carea' id='block_1_6' title="bbox 0 2589 1042 2918">
    <p class='ocr_par' dir='ltr' id='par_1_6' title="bbox 0 2589 1042 2918">
     <span class='ocr_line' id='line_1_19' title="bbox 43 2589 1042 2686; baseline 0.002 -26"><span class='ocrx_word' id='word_1_135' title='bbox 43 2593 139 2660; x_wconf 89' lang='lat' dir='ltr'><strong>Cum</strong></span> <span class='ocrx_word' id='word_1_136' title='bbox 156 2603 278 2659; x_wconf 85' lang='lat' dir='ltr'><strong>autern</strong></span> <span class='ocrx_word' id='word_1_137' title='bbox 294 2591 456 2660; x_wconf 84' lang='lat' dir='ltr'><strong>Haeretici</strong></span> <span class='ocrx_word' id='word_1_138' title='bbox 475 2589 667 2686; x_wconf 74' lang='lat' dir='ltr'><strong>Scripturas</strong></span> <span class='ocrx_word' id='word_1_139' title='bbox 681 2589 853 2686; x_wconf 82' lang='lat' dir='ltr'><strong>exemplis</strong></span> <span class='ocrx_word' id='word_1_140' title='bbox 871 2603 907 2661; x_wconf 89' lang='lat' dir='ltr'><strong>et</strong></span> <span class='ocrx_word' id='word_1_141' title='bbox 922 2589 1042 2662; x_wconf 85' lang='lat' dir='ltr'><strong>verbis</strong></span> 
     </span>
     <span class='ocr_line' id='line_1_20' title="bbox 0 2702 1041 2804; baseline 0.004 -29"><span class='ocrx_word' id='word_1_142' title='bbox 0 2737 7 2765; x_wconf 66' lang='grc' dir='ltr'><strong>ι</strong></span> <span class='ocrx_word' id='word_1_143' title='bbox 26 2719 256 2792; x_wconf 72' lang='lat' dir='ltr'><strong>niterentur,</strong></span> <span class='ocrx_word' id='word_1_144' title='bbox 271 2703 347 2775; x_wconf 89' lang='lat' dir='ltr'><strong>haec</strong></span> <span class='ocrx_word' id='word_1_145' title='bbox 361 2707 465 2801; x_wconf 89' lang='lat' dir='ltr'><strong>quasi</strong></span> <span class='ocrx_word' id='word_1_146' title='bbox 486 2702 724 2775; x_wconf 88' lang='lat' dir='ltr'><strong>discurrendo</strong></span> <span class='ocrx_word' id='word_1_147' title='bbox 741 2709 942 2804; x_wconf 86' lang='lat' dir='ltr'><strong>interponit</strong></span> <span class='ocrx_word' id='word_1_148' title='bbox 956 2712 1041 2779; x_wconf 83' lang='lat' dir='ltr'><strong>Car·</strong></span> 
     </span>
     <span class='ocr_line' id='line_1_21' title="bbox 7 2825 641 2918; baseline -0.005 -26"><span class='ocrx_word' id='word_1_149' title='bbox 7 2836 185 2894; x_wconf 82' lang='lat' dir='ltr'><strong>·ocratem</strong></span> <span class='ocrx_word' id='word_1_150' title='bbox 205 2825 338 2893; x_wconf 88' lang='lat' dir='ltr'><strong>iterum</strong></span> <span class='ocrx_word' id='word_1_151' title='bbox 354 2825 641 2918; x_wconf 76' lang='lat' dir='ltr'><strong>perstringens¹z</strong></span> 
     </span>
    </p>
   </div>
   <div class='ocr_carea' id='block_1_7' title="bbox 0 2972 1040 3825">
    <p class='ocr_par' dir='ltr' id='par_1_7' title="bbox 0 2972 1040 3825">
     <span class='ocr_line' id='line_1_22' title="bbox 41 2972 1039 3066; baseline 0.002 -24"><span class='ocrx_word' id='word_1_152' title='bbox 41 2977 128 3042; x_wconf 84' lang='lat' dir='ltr'><strong>Cum</strong></span> <span class='ocrx_word' id='word_1_153' title='bbox 147 2987 255 3041; x_wconf 86' lang='lat' dir='ltr'><strong>autem</strong></span> <span class='ocrx_word' id='word_1_154' title='bbox 274 2975 314 3041; x_wconf 90' lang='lat' dir='ltr'><strong>de</strong></span> <span class='ocrx_word' id='word_1_155' title='bbox 334 2974 420 3041; x_wconf 90' lang='lat' dir='ltr'><strong>dicto</strong></span> <span class='ocrx_word' id='word_1_156' title='bbox 434 2972 555 3042; x_wconf 86' lang='lat' dir='ltr'><strong>Nicolai</strong></span> <span class='ocrx_word' id='word_1_157' title='bbox 569 2972 793 3063; x_wconf 85' lang='lat' dir='ltr'><strong>loqueremur,</strong></span> <span class='ocrx_word' id='word_1_158' title='bbox 813 2976 893 3044; x_wconf 88' lang='lat' dir='ltr'><strong>iilud</strong></span> <span class='ocrx_word' id='word_1_159' title='bbox 910 2991 1039 3066; x_wconf 73' lang='lat' dir='ltr'><strong>preter-</strong></span> 
     </span>
     <span class='ocr_line' id='line_1_23' title="bbox 7 3083 1040 3175; baseline 0.003 -24"><span class='ocrx_word' id='word_1_160' title='bbox 7 3085 144 3151; x_wconf 60' lang='lat' dir='ltr'><strong>12’simus</strong></span> <span class='ocrx_word' id='word_1_161' title='bbox 160 3109 168 3150; x_wconf 74' lang='grc' dir='ltr'><strong>ι</strong></span> <span class='ocrx_word' id='word_1_162' title='bbox 183 3083 267 3150; x_wconf 88' lang='lat' dir='ltr'><strong>Cum</strong></span> <span class='ocrx_word' id='word_1_163' title='bbox 280 3083 473 3160; x_wconf 81' lang='lat' dir='ltr'><strong>formosam,</strong></span> <span class='ocrx_word' id='word_1_164' title='bbox 486 3084 592 3160; x_wconf 89' lang='lat' dir='ltr'><strong>aiunt,</strong></span> <span class='ocrx_word' id='word_1_165' title='bbox 609 3084 742 3152; x_wconf 82' lang='lat' dir='ltr'><strong>haberet</strong></span> <span class='ocrx_word' id='word_1_166' title='bbox 755 3109 903 3161; x_wconf 87' lang='lat' dir='ltr'><strong>uxorem,</strong></span> <span class='ocrx_word' id='word_1_167' title='bbox 921 3099 954 3151; x_wconf 85' lang='lat' dir='ltr'><strong>et</strong></span> <span class='ocrx_word' id='word_1_168' title='bbox 968 3101 1040 3175; x_wconf 86' lang='lat' dir='ltr'><strong>post</strong></span> 
     </span>
     <span class='ocr_line' id='line_1_24' title="bbox 0 3191 1035 3284; baseline 0.003 -23"><span class='ocrx_word' id='word_1_169' title='bbox 0 3225 12 3253; x_wconf 69' lang='lat' dir='ltr'><strong>s</strong></span> <span class='ocrx_word' id='word_1_170' title='bbox 27 3193 176 3261; x_wconf 79' lang='lat' dir='ltr'><strong>¹rratoris</strong></span> <span class='ocrx_word' id='word_1_171' title='bbox 193 3193 440 3282; x_wconf 85' lang='lat' dir='ltr'><strong>assumptionem</strong></span> <span class='ocrx_word' id='word_1_172' title='bbox 455 3193 484 3258; x_wconf 91' lang='lat' dir='ltr'><strong>ei</strong></span> <span class='ocrx_word' id='word_1_173' title='bbox 499 3191 608 3259; x_wconf 79' lang='lat' dir='ltr'><strong>fuisset</strong></span> <span class='ocrx_word' id='word_1_174' title='bbox 630 3193 669 3260; x_wconf 79' lang='lat' dir='ltr'><strong>ab</strong></span> <span class='ocrx_word' id='word_1_175' title='bbox 688 3193 848 3284; x_wconf 79' lang='lat' dir='ltr'><strong>Apostolis</strong></span> <span class='ocrx_word' id='word_1_176' title='bbox 862 3197 1035 3282; x_wconf 85' lang='lat' dir='ltr'><strong>exprobata</strong></span> 
     </span>
     <span class='ocr_line' id='line_1_25' title="bbox 0 3300 1040 3393; baseline -0.001 -24"><span class='ocrx_word' id='word_1_177' title='bbox 0 3341 1 3350; x_wconf 38' lang='grc' dir='ltr'><strong>ι</strong></span> <span class='ocrx_word' id='word_1_178' title='bbox 22 3303 173 3393; x_wconf 82' lang='lat' dir='ltr'><strong>lotypia,</strong></span> <span class='ocrx_word' id='word_1_179' title='bbox 190 3303 224 3368; x_wconf 92' lang='lat' dir='ltr'><strong>in</strong></span> <span class='ocrx_word' id='word_1_180' title='bbox 241 3302 383 3368; x_wconf 91' lang='lat' dir='ltr'><strong>medium</strong></span> <span class='ocrx_word' id='word_1_181' title='bbox 395 3300 532 3369; x_wconf 87' lang='lat' dir='ltr'><strong>adducta</strong></span> <span class='ocrx_word' id='word_1_182' title='bbox 547 3301 697 3379; x_wconf 86' lang='lat' dir='ltr'><strong>muliere,</strong></span> <span class='ocrx_word' id='word_1_183' title='bbox 717 3302 860 3392; x_wconf 82' lang='lat' dir='ltr'><strong>permisit</strong></span> <span class='ocrx_word' id='word_1_184' title='bbox 876 3303 928 3368; x_wconf 89' lang='lat' dir='ltr'><strong>cui</strong></span> <span class='ocrx_word' id='word_1_185' title='bbox 945 3301 1040 3370; x_wconf 82' lang='lat' dir='ltr'><strong>vellet</strong></span> 
     </span>
     <span class='ocr_line' id='line_1_26' title="bbox 5 3408 1037 3498; baseline 0.005 -21"><span class='ocrx_word' id='word_1_186' title='bbox 5 3446 6 3449; x_wconf 36' lang='lat'>¹</span> <span class='ocrx_word' id='word_1_187' title='bbox 43 3445 59 3471; x_wconf 78' lang='grc' dir='ltr'><strong>ιι</strong></span> <span class='ocrx_word' id='word_1_188' title='bbox 76 3408 561 3498; x_wconf 82' lang='lat' dir='ltr'><strong>nubere(1).Aiuntenimhanc</strong></span> <span class='ocrx_word' id='word_1_189' title='bbox 570 3411 728 3477; x_wconf 88' lang='lat' dir='ltr'><strong>actionem</strong></span> <span class='ocrx_word' id='word_1_190' title='bbox 736 3409 858 3476; x_wconf 84' lang='lat' dir='ltr'><strong>illivoci</strong></span> <span class='ocrx_word' id='word_1_191' title='bbox 866 3411 1037 3483; x_wconf 84' lang='lat' dir='ltr'><strong>consenta-</strong></span> 
     </span>
     <span class='ocr_line' id='line_1_27' title="bbox 6 3517 1036 3610; baseline 0 -23"><span class='ocrx_word' id='word_1_192' title='bbox 6 3545 113 3596; x_wconf 86' lang='lat' dir='ltr'><strong>eam,</strong></span> <span class='ocrx_word' id='word_1_193' title='bbox 134 3544 206 3609; x_wconf 74' lang='lat' dir='ltr'><strong>quae</strong></span> <span class='ocrx_word' id='word_1_194' title='bbox 221 3518 318 3595; x_wconf 87' lang='lat' dir='ltr'><strong>dicit,</strong></span> <span class='ocrx_word' id='word_1_195' title='bbox 336 3519 422 3607; x_wconf 90' lang='lat' dir='ltr'><strong>quod</strong></span> <span class='ocrx_word' id='word_1_196' title='bbox 438 3541 528 3584; x_wconf 83' lang='lat' dir='ltr'><strong>corne</strong></span> <span class='ocrx_word' id='word_1_197' title='bbox 544 3517 632 3583; x_wconf 84' lang='lat' dir='ltr'><strong>abuti</strong></span> <span class='ocrx_word' id='word_1_198' title='bbox 647 3531 791 3606; x_wconf 81' lang='lat' dir='ltr'><strong>oporteat.</strong></span> <span class='ocrx_word' id='word_1_199' title='bbox 812 3519 951 3587; x_wconf 86' lang='lat' dir='ltr'><strong>Proinde</strong></span> <span class='ocrx_word' id='word_1_200' title='bbox 967 3522 1036 3610; x_wconf 91' lang='lat' dir='ltr'><strong>ejus</strong></span> 
     </span>
     <span class='ocr_line' id='line_1_28' title="bbox 0 3624 1039 3720; baseline 0.004 -28"><span class='ocrx_word' id='word_1_201' title='bbox 0 3673 1 3678; x_wconf 20' lang='grc' dir='ltr'><strong>κ</strong></span> <span class='ocrx_word' id='word_1_202' title='bbox 17 3641 120 3694; x_wconf 90' lang='lat' dir='ltr'><strong>ctum</strong></span> <span class='ocrx_word' id='word_1_203' title='bbox 137 3638 170 3692; x_wconf 90' lang='lat' dir='ltr'><strong>et</strong></span> <span class='ocrx_word' id='word_1_204' title='bbox 184 3627 306 3692; x_wconf 88' lang='lat' dir='ltr'><strong>dietum</strong></span> <span class='ocrx_word' id='word_1_205' title='bbox 319 3624 464 3693; x_wconf 85' lang='lat' dir='ltr'><strong>absolute</strong></span> <span class='ocrx_word' id='word_1_206' title='bbox 480 3638 513 3691; x_wconf 88' lang='lat' dir='ltr'><strong>et</strong></span> <span class='ocrx_word' id='word_1_207' title='bbox 529 3626 763 3692; x_wconf 88' lang='lat' dir='ltr'><strong>inconsiderate</strong></span> <span class='ocrx_word' id='word_1_208' title='bbox 780 3638 964 3714; x_wconf 83' lang='lat' dir='ltr'><strong>sequentes,</strong></span> <span class='ocrx_word' id='word_1_209' title='bbox 985 3633 1039 3720; x_wconf 91' lang='lat' dir='ltr'><strong>qui</strong></span> 
     </span>
     <span class='ocr_line' id='line_1_29' title="bbox 7 3733 1040 3825; baseline 0.005 -25"><span class='ocrx_word' id='word_1_210' title='bbox 7 3735 69 3822; x_wconf 90' lang='lat' dir='ltr'><strong>jus</strong></span> <span class='ocrx_word' id='word_1_211' title='bbox 90 3735 238 3801; x_wconf 84' lang='lat' dir='ltr'><strong>haeresim</strong></span> <span class='ocrx_word' id='word_1_212' title='bbox 260 3746 512 3823; x_wconf 84' lang='lat' dir='ltr'><strong>persequuntur,</strong></span> <span class='ocrx_word' id='word_1_213' title='bbox 537 3733 740 3824; x_wconf 88' lang='lat' dir='ltr'><strong>impudenter</strong></span> <span class='ocrx_word' id='word_1_214' title='bbox 761 3733 922 3825; x_wconf 85' lang='lat' dir='ltr'><strong>effuseque</strong></span> <span class='ocrx_word' id='word_1_215' title='bbox 944 3736 1040 3805; x_wconf 83' lang='lat' dir='ltr'><strong>forni-</strong></span> 
     </span>
    </p>
   </div>
   <div class='ocr_carea' id='block_1_8' title="bbox 41 3871 301 3949">
    <p class='ocr_par' dir='ltr' id='par_1_8' title="bbox 41 3871 301 3949">
     <span class='ocr_line' id='line_1_30' title="bbox 41 3871 301 3949; baseline -0.019 -13"><span class='ocrx_word' id='word_1_216' title='bbox 41 3880 49 3905; x_wconf 91' lang='lat'><em>¹</em></span> <span class='ocrx_word' id='word_1_217' title='bbox 64 3883 124 3948; x_wconf 74' lang='lat' dir='ltr'><strong>Pag·</strong></span> <span class='ocrx_word' id='word_1_218' title='bbox 137 3871 187 3934; x_wconf 57' lang='lat'><strong>532</strong></span> <span class='ocrx_word' id='word_1_219' title='bbox 198 3895 222 3932; x_wconf 83' lang='lat' dir='ltr'><strong>et</strong></span> <span class='ocrx_word' id='word_1_220' title='bbox 233 3900 301 3949; x_wconf 75' lang='lat' dir='ltr'><strong>seqq.</strong></span> 
     </span>
    </p>
   </div>
   <div class='ocr_carea' id='block_1_9' title="bbox 0 0 1226 4596">
    <p class='ocr_par' dir='ltr' id='par_1_9' title="bbox 0 0 1226 4596">
     <span class='ocr_line' id='line_1_31' title="bbox 0 0 1226 4596; baseline 0 0"><span class='ocrx_word' id='word_1_221' title='bbox 0 0 1226 4596; x_wconf 95' lang='lat' dir='ltr'><strong> </strong></span> 
     </span>
    </p>
   </div>
  </div>
 </body>
</html>
