2522 4608
235 245 299 322 568
549 267 722 314 aurumne
745 267 958 316 mummi

231 406 382 463 ornatum
395 411 508 458 eorum
527 387 582 478 qui
596 387 759 454 eonsoeuti
773 398 849 455 sunt
872 385 1139 464 miserioordiam,
1155 409 1248 480 nenpa

233 505 395 580 Ecclesiae.
410 499 611 592 significavit,
627 498 661 566 iri
677 521 740 586 qua
755 497 849 576 lesam
865 495 968 564 adolo
983 491 1105 564 alienus
1122 497 1247 588 splendet

233 628 270 680 ut
283 635 411 687 nurum.
426 623 459 678 ot
473 607 609 676 fimbrias
629 631 748 684 aureae,
765 629 882 696 nempe
896 605 1000 674 electi.
1019 609 1119 690 Quod
1133 608 1161 676 si
1175 611 1249 680 etin

229 715 690 814 propterlmmiuassiteliquid
700 715 921 796 relaxandum,
932 719 1068 786 texenda
1078 720 1248 808 quidemst

93 861 98 874 ·
228 832 332 900 suavis
344 831 437 897 vestis
452 841 485 896 et
498 839 587 896 tactu
601 824 705 894 mollis
710 851 720 901 ;
739 826 797 893 sed
809 833 889 908 hon,
905 828 989 896 siout
1003 831 1157 918 picturae,
1169 831 1247 898 estad

228 942 313 1007 visus
333 937 578 1006 delectationem
593 934 740 1004 uolonum
760 935 948 1027 variognnda
968 937 1116 1004 llorihus.
1139 938 1246 1006 Ploturr

228 1051 314 1118 enim
324 1062 470 1138 tempore
480 1047 660 1114 evanescit:
675 1045 854 1114 ablutiones
869 1059 991 1124 nutem.
1005 1050 1246 1126 extersionem

226 1159 487 1251 constipationes,
511 1181 582 1248 quo
604 1157 770 1225 medicatis
792 1158 940 1226 tincturae
962 1161 1068 1226 suoois
1086 1157 1180 1229 lanas
1193 1161 1246 1230 tut

227 1274 330 1350 ciunt,
341 1267 516 1340 imbecillas
527 1268 664 1336 restium
675 1280 816 1336 texturas
827 1267 992 1336 efficiunt:
1007 1269 1074 1338 hoo
1084 1285 1245 1340 autumnae

225 1385 268 1451 ad
282 1385 400 1450 bonam
416 1380 545 1472 quidem
560 1380 675 1447 domus
686 1379 993 1448 administrationem
1007 1393 1125 1471 aptum
1139 1394 1195 1449 est.
1205 1383 1245 1450 m

224 1505 334 1586 autem
354 1481 491 1560 maxime
512 1490 656 1582 ineptum
677 1503 711 1556 et
732 1490 940 1566 indecorum.
964 1491 1080 1582 pepla,
1104 1493 1242 1584 xystidu,

224 1603 422 1697 ephaptides,
442 1601 619 1690 lanamque,
641 1623 681 1669 ae
703 1603 834 1669 tuniano
854 1613 983 1691 stupere
1000 1613 1034 1668 ot
1054 1601 1243 1679 admiraris

224 1739 312 1804 quos,
331 1726 368 1780 ut
381 1712 425 1780 ait
436 1713 607 1787 Homffus,
619 1711 734 1778 oolam
745 1710 1003 1798 oiroumquoque
1013 1713 1182 1800 pudorosa.
1192 1711 1243 1778 Pu

91 1885 97 1896 .
226 1825 279 1890 dot
295 1847 362 1904 me,
376 1832 412 1886 ut
426 1843 500 1887 vere
519 1819 638 1896 doum,
653 1841 729 1886 eum
743 1819 870 1888 videam
883 1831 1010 1886 tantum
1025 1844 1131 1910 opum
1142 1821 1237 1888 ellimdi

225 1935 265 2004 ad
279 1932 413 2024 tegenda
426 1931 586 2020 pudenda.
601 1928 702 1998 Vetus
716 1931 803 1997 enim
818 1930 930 2006 homo,
950 1929 1005 2016 qui
1024 1942 1099 1999 erat
1117 1933 1148 1998 in
1160 1931 1236 1997 Pan-

223 2039 538 2119 diso.ramisetsoliis
549 2053 771 2131 tegumentum
780 2041 1237 2131 dimetiebaturpudorismune

221 2167 329 2224 autem
344 2175 418 2222 eum
433 2153 525 2218 nobis
540 2173 614 2217 oves
624 2151 716 2219 laotae
728 2152 803 2226 siut,
816 2173 857 2216 ne
868 2149 1014 2216 similiter
1025 2175 1066 2218 ao
1077 2175 1152 2220 oves
1161 2175 1239 2218 aar

220 2263 413 2354 insipientes.
432 2262 461 2331 A
473 2261 563 2352 Logo
578 2272 684 2327 autem
702 2260 853 2337 instituti,
868 2271 1075 2349 sumptuosas
1090 2275 1187 2329 vestes
1198 2283 1238 2326 re-

219 2373 424 2462 darguamus,
446 2371 600 2446 dicentes,
618 2369 708 2436 Estia
724 2369 791 2460 pili
804 2371 928 2438 ouium.
947 2369 1082 2438 Etiamsi
1106 2375 1238 2462 se'jaeoet

218 2481 361 2558 Miletus,
382 2479 504 2548 etiamsi
525 2479 674 2548 laudetur
691 2479 800 2556 Italia,
821 2479 944 2546 etiamsi
965 2483 1026 2548 sub
1045 2479 1238 2572 pellibuspd

217 2591 451 2668 custodiuntur,
463 2613 600 2680 quorum
615 2587 760 2658 nonnulli
772 2591 884 2658 insano
895 2569 1006 2658 amore
1016 2605 1179 2670 tenentur,
1190 2611 1239 2658 no·

216 2702 264 2769 his
280 2701 409 2790 quidem
429 2713 516 2767 certe
531 2697 656 2768 nullum
671 2711 719 2767 est
734 2701 875 2768 studium
896 2703 929 2768 in
950 2725 989 2770 en
1004 2704 1235 2770 conserendum.

215 2811 331 2878 Beatus
349 2822 457 2876 autom
468 2811 620 2888 loannes,
641 2811 798 2900 despectis
815 2833 944 2901 quoque
962 2811 1072 2880 ovium
1089 2813 1175 2903 pilis,
1192 2813 1236 2901 qui

215 2920 343 2990 delicias
357 2919 514 2998 redolent,
528 2921 614 3011 pilos
628 2921 830 2988 camelorum
844 2921 952 3012 elegit,
966 2935 1001 2988 et
1014 2924 1062 2988 eie
1082 2945 1117 2990 se
1134 2923 1238 2995 vestiit.

215 3029 392 3122 simplicem
408 3029 504 3097 vitam
517 3044 551 3097 et
563 3057 580 3098 a
591 3030 665 3098 dolo
680 3031 816 3100 alienam
832 3045 1071 3122 repraesentans.
1087 3032 1238 3102 Maleuin

213 3141 435 3211 uomodobotet
444 3142 613 3218 locustas¹,
626 3141 753 3210 dulcem
760 3154 793 3209 et
803 3141 1001 3233 spiritualem
1008 3144 1239 3228 oihnmufistu

213 3249 329 3318 alienas
344 3262 377 3316 ot
390 3250 571 3317 moderatas
586 3251 652 3315 vias
674 3249 802 3316 Domini
818 3272 1009 3341 praeparans.
1028 3249 1082 3318 llle
1096 3251 1180 3317 euim
1193 3251 1237 3316 ri·

98 3419 100 3426 ,
210 3359 326 3428 delicet
348 3383 488 3449 purpura
514 3383 548 3426 se
574 3360 740 3438 induisset,
766 3361 821 3450 qui
847 3383 977 3428 omnem
1003 3363 1154 3427 urlranum
1171 3374 1239 3426 ent

211 3483 371 3538 aversatus
385 3469 514 3547 lustum,
529 3484 564 3535 et
579 3470 612 3536 in
629 3467 833 3538 solitudinem
845 3473 973 3558 quietis,
985 3469 1144 3561 tranquille
1161 3491 1239 3536 oum

208 3581 277 3648 Deo
291 3591 486 3657 versaturus,
509 3603 541 3646 se
564 3579 698 3670 recepit,
721 3581 765 3648 ab'
777 3582 864 3648 omui
881 3581 968 3648 inani
984 3583 1096 3657 studio,
1111 3601 1238 3668 unaque

208 3687 284 3755 honi
296 3688 414 3777 specie,
426 3713 465 3756 ao
475 3687 618 3756 illiberali
631 3689 748 3756 decore
758 3691 923 3757 remotus?
932 3693 1033 3760 Oviua
1043 3705 1137 3759 autem
1149 3685 1239 3777 pelle

208 3795 313 3866 llelias
328 3799 477 3867 utebatur
491 3801 693 3878 indumento,
708 3811 742 3867 et
759 3801 914 3870 sovinam
930 3801 1044 3893 pellem
1057 3798 1239 3890 arisgotus

240 3927 251 3961 ¹
263 3927 344 3978 Marc.
358 3945 376 3988 t,
386 3927 411 3976 6.
