2570 4614
357 261 555 314 runsaocus,
579 261 640 304 ms.
669 261 691 304 1.
979 239 1040 307 abb

402 407 554 474 CAPUT
581 408 643 476 Xl.

47 575 129 658 Quod
135 597 189 652 per
199 574 287 655 legero
301 585 327 633 et
336 572 486 650 prophetas
501 571 626 633 Verbum
634 569 1009 655 paedagogifimeaussraerir
1038 631 1043 638 ,

476 672 574 752 office.

49 823 127 910 llius
141 822 273 911 quidem
283 821 318 888 in
329 821 473 890 homines
487 822 716 891 benevolentiae
727 833 761 890 et
771 819 965 912 Paedagogiae
975 841 1042 886 mo

7 931 79 1006 dus,
95 941 162 995 uta
177 928 271 996 nobis
286 929 357 996 fieri
372 932 488 1021 potuit,
505 944 649 998 ostensus
663 942 723 996 est.
739 929 898 1009 Quocirca
912 928 980 1017 ipse
994 950 1041 992 se·

6 1041 109 1130 ipsum
132 1037 349 1128 pulcherrime
366 1063 539 1130 exponens,
555 1065 664 1132 grano
679 1041 793 1130 sinapi
810 1035 1011 1106 assimilavit¹
1029 1059 1038 1101 :

6 1163 39 1216 et
61 1147 148 1217 verbi
170 1149 258 1237 quod
279 1150 454 1216 seminatur
467 1149 640 1241 spiritalem
664 1163 697 1217 et
719 1146 928 1238 multiplicem
945 1157 1042 1214 natu-

7 1281 91 1336 ram,
104 1282 143 1327 ae
157 1259 319 1336 diffirsam,
342 1258 564 1350 rationalisque
583 1261 747 1351 potestatis
770 1258 1041 1349 magnificentiam

9 1365 145 1436 simulet
163 1367 379 1446 sanctitatem,
395 1382 428 1436 et
443 1382 594 1460 praeterea
613 1370 867 1461 reprehensionis
886 1369 1043 1436 mordaci-

8 1489 116 1552 tatem,
132 1489 165 1542 et
178 1478 372 1568 repurgandi
387 1477 584 1557 facultatem,
597 1503 665 1546 esse
680 1479 714 1546 id
729 1477 942 1570 utilepropter
957 1477 1040 1544 aeri-

7 1589 146 1658 moniam
157 1587 350 1678 significans.
362 1589 422 1656 Per
432 1590 580 1680 exiguum
592 1592 698 1681 itaque
708 1614 856 1682 granum,
869 1589 956 1678 quod
967 1587 1041 1656 elle.-
1089 1661 1095 1672 ,

6 1699 111 1789 gerice
123 1697 253 1774 dicitur,
268 1696 422 1776 smiremae
434 1698 582 1767 humanae
593 1711 713 1768 naturae
724 1699 895 1790 plurimam
906 1696 1043 1764 salutem

5 1805 146 1898 largitur.
164 1809 269 1898 Atque
291 1807 356 1877 mel
377 1809 519 1898 quidem,
536 1810 667 1899 cumsssit
687 1809 920 1882 dulcissimum,
943 1805 1040 1875 bilem

5 1928 152 2007 generate
166 1919 437 2009 quemadmodum
451 1920 590 1997 bonitas,
606 1932 828 2010 contemptum
843 1941 851 1984 a
869 1916 958 2008 quod
973 1917 1042 2004 qui·

6 2027 86 2098 dem
99 2050 193 2094 cauea
205 2041 253 2096 est
265 2028 432 2119 peccandi.
449 2027 559 2119 Sinapi
580 2041 688 2096 autem
709 2040 741 2096 et
762 2026 861 2096 bilem
876 2027 1040 2103 diminuit,

5 2137 74 2205 hoe
88 2149 138 2204 est
153 2139 244 2215 iram
258 2150 291 2206 ot
305 2137 454 2230 phlegma
477 2139 630 2216 excindit,
649 2137 712 2206 hoc
728 2150 789 2216 est,
804 2138 920 2204 fastum
936 2160 975 2204 ac
990 2161 1041 2202 su-

5 2245 163 2338 perbiam.
186 2247 231 2314 llx
252 2270 317 2338 quo
340 2245 448 2316 Verbo
471 2271 543 2315 vera
567 2248 684 2315 animae
707 2247 836 2322 sanitas,
860 2259 1042 2336 aeterneque
1148 2287 1151 2293 ·

5 2359 92 2424 hona
101 2368 311 2448 temperatura
323 2359 458 2426 accedit.
472 2358 558 2427 Olim
571 2360 677 2451 itaque
688 2381 746 2449 per
756 2357 889 2434 llosem,
898 2355 1042 2424 Verbum

6 2469 169 2562 pedagogi
184 2468 379 2560 fungebatur
393 2469 518 2546 officior
533 2471 650 2538 deinde
665 2471 761 2536 etiam
776 2493 835 2559 per
845 2468 1038 2558 Prophetas:

6 2589 47 2644 est
61 2589 172 2644 autem
187 2577 292 2643 Moses
310 2599 438 2667 quoque
452 2576 621 2668 propheta.
639 2577 696 2644 Est
710 2577 796 2642 enim
811 2573 876 2640 Lex
890 2573 1042 2665 paedago-

6 2687 51 2777 gia
65 2709 246 2778 puerorum
260 2684 481 2763 insolentium,
497 2687 552 2776 qui
566 2685 698 2753 habenis
713 2709 778 2752 non
792 2682 885 2752 facile
900 2683 1041 2750 retinen-

6 2811 60 2862 tur.
80 2797 243 2864 Saturati
260 2819 351 2887 ergo,
370 2797 486 2886 inquit,
502 2812 717 2863 rurrmoeunt
736 2793 879 2862 ludere¹.
900 2793 1040 2860 Saturati

6 2917 107 2972 tutem
128 2906 244 2973 Graece
267 2917 316 2972 est
336 2913 538 2988 χορτασθέντες,
558 2906 646 2995 quasi
670 2903 769 2982 dicas,
789 2906 880 2992 foerro
899 2904 1038 2994 repleti:
1159 2973 1162 2980 ,

6 3039 117 3107 nempe
128 3017 182 3106 qui
195 3041 213 3082 a
225 3017 349 3085 ratione
361 3016 496 3086 alienam
507 3017 648 3084 alimenti
659 3015 912 3106 plenitudinenm
923 3022 1042 3097 χόρταο-

7 3153 47 3201 ιι.
65 3127 132 3194 hoc
144 3139 208 3203 est,
232 3128 316 3214 faeni
333 3127 557 3218 repletionem,
576 3138 764 3194 nouantem
783 3127 891 3194 cibum
914 3123 1037 3190 dixerit.

7 3235 164 3316 Quoniam
179 3247 288 3302 autem
302 3238 425 3326 absque
442 3235 563 3303 ratione
578 3235 696 3311 satiati,
718 3236 838 3323 absque
853 3233 975 3298 ratione
989 3230 1041 3296 lu-

7 3347 134 3427 lebant,
151 3360 322 3439 propterea
347 3349 432 3438 ipsos
446 3360 479 3414 et
493 3345 559 3413 Lex
572 3358 605 3412 et
620 3347 716 3413 timor
731 3345 936 3434 sequebatur,
952 3353 987 3407 ut
1008 3353 1041 3408 et

7 3471 133 3526 cecata
147 3458 358 3536 rescinderet,
381 3469 414 3524 et
429 3457 534 3524 adres
555 3480 595 3522 ex
618 3457 734 3522 virtute
752 3453 906 3545 gerendas
923 3451 1040 3518 adhor-

7 3579 143 3636 nreture
157 3593 252 3637 aures
266 3593 448 3660 praeparana
464 3579 499 3635 ut
514 3593 589 3636 vero
604 3567 780 3657 Paedagogo
793 3561 972 3639 obedirent,
984 3562 1037 3652 qui

7 3689 40 3742 st
65 3701 177 3745 onum
199 3678 356 3768 idemque
364 3677 522 3758 Verbum,
539 3678 627 3769 quod
640 3674 848 3766 praesentibus
863 3694 1039 3740 accommo-
1153 3687 1155 3702 ¹

7 3787 95 3852 habat
111 3809 160 3864 se,
172 3785 250 3877 Legi
263 3787 414 3855 nimirum
427 3811 436 3852 τ
449 3787 590 3856 «Datum
602 3786 692 3852 enim
704 3784 786 3850 dicit
798 3781 924 3850 Paulus
934 3777 1055 3902 Pate-¹

23 3907 33 3943 ¹
47 3908 150 3964 Hatth.
165 3911 344 3972 xrrr,51,huc.
357 3929 413 3975 ιιιι,
426 3930 463 3980 ¹9·
478 3941 509 3954 -
520 3911 770 3982 ²llsod.xuu‚b.a
786 3911 878 3970 Com,
893 3927 915 3975 7.
