2478 4594
170 261 235 328 516
482 281 655 328 cumerio
682 277 893 326 tranianum
988 351 990 355 v

169 403 251 472 lecta
263 403 382 480 vinus,
397 403 535 491 justitia,
551 402 681 470 tractari
697 400 811 468 solent.
833 401 882 468 Ac
895 399 1070 490 prudentia
1083 402 1188 492 quita

168 523 202 576 et
215 511 336 601 justitia
355 513 455 576 utitur
474 512 514 578 ad
529 511 704 599 parandam
723 510 913 599 sapientiam
931 533 940 574 :
960 510 1190 602 fortitudines*

169 631 255 696 tem,
267 643 332 685 nou
340 619 442 685 solum
451 620 484 685 in
496 617 633 684 serendis
651 619 796 694 casibus,
813 618 982 684 sedetiam
993 619 1029 686 iu
1043 620 1188 686 resistendo

169 709 322 816 voluptati
344 739 376 792 et
403 727 587 816 cupiditati,
614 725 781 814 dolorique
803 738 836 791 et
854 725 928 791 irae:
955 738 992 792 et
1016 727 1052 792 in
1073 749 1187 802 summa,

168 835 267 902 cuivis
281 835 327 900 rei
338 857 408 922 quae
419 857 478 900 nos
494 833 588 900 velvi
601 833 649 900 rel
662 833 775 900 liaude
789 832 895 923 aliqua
908 832 1024 900 allicit.
1045 833 1116 900 Non
1128 836 1188 900 enin

167 942 242 1008 vitia
253 954 286 1007 et
301 941 436 1010 honesta
452 943 608 1008 sustinere
628 953 773 1030 oportet,
793 941 850 1007 aed
870 953 905 1006 et
922 942 1115 1030 persuaderi
1127 955 1187 1009 utu

166 1049 396 1126 sustineamus,
413 1073 484 1138 quae
506 1061 580 1115 sunt
601 1047 766 1115 terribilia.
795 1049 966 1115 Invenitm·
993 1061 1104 1115 autem
1122 1049 1186 1115 dolo

166 1179 293 1244 quoque
308 1154 394 1223 utilis
409 1169 479 1223 tum
498 1157 538 1224 ad
555 1157 768 1233 medendum,
787 1168 858 1224 tum
873 1157 917 1222 ad
933 1157 1184 1232 erudiendum

165 1265 386 1353 castigandum
397 1289 405 1330 :
418 1277 451 1330 et
466 1289 523 1354 per
541 1287 616 1332 eum
636 1265 842 1354 corriguntur
856 1287 970 1330 moras
987 1265 1032 1330 ad
1047 1264 1181 1330 utilitatem

164 1369 344 1440 bominum.
376 1372 583 1440 Fortitudinis
611 1383 717 1438 autem
741 1373 862 1460 species
885 1384 994 1449 sunt,
1024 1371 1177 1448 tolerantia,

164 1481 281 1546 mentis
296 1478 490 1557 sublimitas,
505 1479 689 1570 magnitudo
708 1480 821 1556 animi,
842 1477 1045 1557 liberalitas,
1067 1479 1175 1569 magnii

166 1589 283 1654 centia.
309 1589 562 1677 propterquam
586 1609 732 1663 causam,
757 1609 818 1654 nec
845 1587 1104 1676 reprehensione,
1125 1610 1171 1652 rec

165 1693 251 1784 vulgi
273 1694 356 1762 mala
378 1695 459 1761 lama
487 1695 623 1760 allicitur
651 1695 847 1772 Gnosticus,
874 1718 987 1784 neque
1011 1696 1164 1785 opilionibus

22 1875 30 1888 ι
164 1799 351 1888 subjicitur,
367 1821 471 1888 neque
493 1798 781 1866 assentationibus:
803 1812 836 1864 et
853 1800 887 1866 iu
907 1799 1164 1866 sustinend'nbbo

163 1905 264 1985 ribus,
275 1907 338 1974 sive
351 1909 414 1996 agit
428 1905 544 1994 aliquid
559 1906 644 1996 quod
656 1919 802 1996 oportet,
818 1908 887 1974 sive
903 1932 1001 1975 casus
1018 1932 1115 1974 omnes
1125 1909 1169 1972 lor·

162 2016 239 2081 titer
264 2027 411 2104 superat,
435 2038 543 2082 revera
561 2015 608 2080 vir
628 2015 753 2080 videtur
773 2016 857 2080 inter
879 2014 968 2097 aliea¹
985 2017 1171 2082 homiueslt

159 2141 269 2189 rursus
284 2146 475 2190 conservans
490 2123 714 2211 prudentiam,
730 2123 874 2189 modeste
886 2147 926 2190 ae
943 2125 1173 2215 temperate-riri

160 2229 194 2298 in
219 2231 325 2319 quiete
347 2231 480 2308 anime,
507 2253 544 2296 ee
567 2253 638 2318 quae
660 2231 889 2320 precipiantur
909 2234 1035 2322 excipit
1055 2246 1173 2320 taum

159 2339 307 2436 quaesibi
326 2338 543 2404 conveniant:
564 2361 692 2404 cavero
713 2360 784 2427 qum
805 2351 879 2405 aunt
898 2342 1029 2429 turpia,
1048 2354 1081 2406 ut
1099 2339 1173 2405 aliun

162 2459 342 2522 aversatur,
360 2459 392 2511 et
407 2445 503 2512 veluti
527 2446 665 2512 mundus
683 2458 716 2512 et
731 2449 1034 2535 supermundanus,
1049 2459 1172 2513 ornatae

161 2554 278 2622 decora
293 2578 326 2620 se
341 2577 472 2644 geraus,
488 2565 521 2620 et
533 2552 621 2620 nullo
641 2553 738 2620 modo
752 2553 953 2643 deliuquens.
980 2556 1105 2622 Maxime
1115 2553 1167 2641 pi

161 2662 235 2728 dem
251 2661 357 2738 dives,
380 2685 419 2728 ex
437 2685 477 2726 eo
497 2663 583 2751 qnod
603 2660 683 2728 nihil
704 2661 930 2752 concupiscat,
957 2675 997 2728 ut
1021 2666 1068 2752 qui
1079 2660 1162 2749 paucis

161 2781 270 2860 egeat,
286 2780 319 2834 et
334 2770 478 2836 omnium
501 2770 661 2836 bonorum
681 2771 821 2835 abundet
842 2772 957 2859 copia,
981 2766 1166 2861 proptarltoui

161 2878 384 2968 cognitionem.
399 2878 477 2966 Ejus
492 2877 578 2943 enim
589 2877 717 2966 justitie
728 2889 776 2942 est
787 2878 927 2966 primum
940 2902 1076 2955 munus,
1090 2897 1169 2944 anot

165 2985 334 3075 complecti
350 3009 404 3051 eos
423 2986 478 3074 (ptri
492 2997 568 3058 aunt
580 2984 724 3075 ejusdem
743 2987 886 3075 generis,
906 2999 941 3054 et
958 3012 1036 3056 cum
1050 2989 1091 3054 eis
1104 3007 1171 3075 agne

160 3107 194 3160 et
205 3095 321 3162 versari
335 3144 344 3171 ,
360 3105 393 3160 et
409 3094 442 3160 iu
459 3105 543 3160 terra
558 3105 591 3160 et
610 3091 750 3188 incoelo.
768 3095 819 3164 ,Ea
830 3095 957 3162 ratione
972 3096 1106 3163 libente
1117 3115 1173 3181 quo

160 3225 224 3292 que
239 3203 379 3291 impertit
392 3197 431 3267 et
440 3201 655 3268 communicat
669 3202 695 3267 si
707 3202 883 3290 possideat:
899 3215 933 3270 et
948 3227 1026 3271 cum
1046 3207 1085 3270 sit
1097 3200 1174 3269 conis

162 3333 200 3377 ac
214 3312 387 3400 benignus,
408 3331 533 3376 summo
554 3310 629 3375 odio
649 3310 747 3376 habet
769 3309 890 3388 malos,
919 3313 1056 3400 quodvis
1078 3307 1175 3378 malofi-

108 3485 112 3494 ,
161 3419 400 3508 oium'perlecte
411 3418 594 3485 abhorrens.
611 3419 746 3508 Oportet
756 3442 833 3510 ergo
848 3420 974 3487 discere
989 3445 1057 3486 esae
1069 3418 1175 3486 fidelem

160 3537 193 3590 et
207 3526 265 3592 sibi
281 3538 314 3592 et
327 3527 490 3616 proximo,
503 3539 536 3593 et
554 3549 665 3615 parere
682 3528 857 3616 preceptis.
881 3529 942 3595 llic
965 3541 1014 3596 est
1035 3531 1117 3596 enim
1129 3525 1175 3592 lln'

159 3654 279 3710 cerrus,
292 3636 345 3722 qui
360 3659 416 3701 sua
431 3647 543 3724 sponte
553 3657 586 3700 se
596 3631 725 3722 subjicit
740 3637 906 3725 praeceptis
918 3662 927 3702 ε
940 3639 996 3725 qui
1009 3649 1112 3704 autem
1122 3655 1172 3700 ooo

158 3743 225 3832 jam
236 3755 368 3832 propter
382 3753 559 3831 praecepta,
576 3743 631 3808 sed
648 3754 778 3831 proptor
794 3745 895 3832 ipsam
911 3746 1120 3835 cognitionem
1134 3751 1171 3804 est

159 3847 297 3917 mundus
315 3849 431 3927 corde,
447 3851 474 3917 is
493 3863 542 3918 est
555 3850 613 3916 Dei
634 3851 766 3918 amicus.
789 3851 899 3939 Neque
920 3854 1006 3920 enim
1027 3852 1171 3919 nesciunt
