2522 4608
314 321 511 402 raorcopus,
535 325 596 368 arn,
624 323 658 368 u.
939 305 999 392 557

25 443 171 516 llduitea,
198 441 338 507 morbum
363 440 631 508 immedicabilem
661 441 854 511 existimans.
887 443 1003 511 donau

25 558 82 624 nim
100 563 319 642 oomequuutur
340 550 562 628 resolutiones,
583 577 654 642 quae
672 553 894 622 exinanitionit
912 555 1002 643 ejua-

25 679 79 754 pe‚
97 663 172 754 quad
196 661 352 737 abscedit,
381 661 591 752 magnitudini
613 663 873 739 ascribunturi’«
896 663 1001 732 llomo

25 780 106 842 araim
116 797 150 840 ex
163 773 285 840 homine
299 773 458 840 enascitur
471 786 505 840 ot
519 772 674 842 creditur.
692 773 707 836 i
719 771 801 844 Vide
815 774 924 844 domm
936 797 1001 842 me-

25 881 175 974 pitudioem
187 906 195 948 :
209 895 292 950 totus
306 883 404 950 lromo
418 907 476 972 per
497 885 745 952 exinanitionem
758 884 861 953 coitus
876 887 1000 952 abstrd-

25 993 87 1061 ltur.
97 993 170 1060 llicit
180 994 279 1060 euim:
293 994 387 1061 «lloo
396 1015 484 1062 nuno
495 1016 530 1060 oa
542 1015 582 1060 ex
592 994 715 1060 omibus
726 993 818 1070 uteie,
830 1005 863 1058 at
874 1015 950 1062 caro
960 1017 1000 1060 ex

35 1102 201 1169 umemea‘.
213 1105 337 1176 rllomo
347 1127 425 1194 ergo
437 1116 560 1170 tantum
568 1085 747 1171 exinanitur
757 1106 890 1183 semine,
900 1129 1000 1194 quan·

25 1213 159 1278 uridetur
171 1230 319 1304 corporet
337 1226 385 1280 eat
395 1214 481 1280 enim
499 1214 710 1303 &uenationis
726 1215 851 1282 initium
868 1216 901 1283 id
912 1216 999 1305 quod

25 1323 118 1388 caedit:
129 1323 293 1412 quinetiam
308 1325 480 1392 conturbat
494 1324 638 1392 ebullitio
653 1327 806 1404 mimda,
818 1338 852 1394 et
865 1347 998 1416 eompa-

25 1435 191 1539 pmoorporie
205 1433 374 1502 hbalactat
388 1447 422 1502 et
437 1449 627 1504 commovet
641 1436 760 1528 Lepide
778 1461 861 1529 ergo
870 1435 924 1506 ille
942 1440 997 1527 qui

25 1539 171 1630 ltmmganti
187 1543 375 1631 «montedo
395 1545 501 1612 adhuc
519 1569 553 1612 ae
563 1545 696 1618 haberet
706 1547 748 1614 ad
766 1571 816 1614 reo
832 1571 1004 1626 venereae„

31 1652 160 1739 repanda
175 1676 188 1718 :
203 1653 292 1720 Bona
317 1655 427 1731 verba,
453 1677 560 1744 quaeao
578 1677 587 1718 :
606 1677 664 1744 ego
688 1677 764 1725 vero
790 1655 998 1728 libentissime

30 1757 129 1839 uma,
138 1773 280 1849 tanquam
294 1764 338 1831 ab
355 1765 471 1853 agresti
484 1776 518 1830 et
532 1765 642 1834 insano
657 1765 803 1842 domino,
818 1765 955 1855 profugi.
974 1797 987 1832 a

25 1863 101 1940 loram
119 1873 302 1942 concedatur
325 1873 456 1964 quidem
473 1886 505 1973 et
523 1875 709 1946 admittatur
730 1877 993 1946 matrimonium:

25 1975 138 2048 ultonim
145 1983 288 2052 dominam
305 1984 485 2052 humanum
495 2009 595 2075 genua
606 1983 739 2075 replerit
754 1987 811 2054 aed
821 2011 887 2056 nou
897 1987 993 2056 dicit:

25 2085 95 2155 litote
103 2089 234 2188 libidinoei
247 2119 256 2162 t
269 2117 336 2162 neo
349 2119 419 2172 voa,
429 2105 581 2183 tanquam
593 2095 634 2162 ad
644 2095 767 2168 coitum
780 2109 883 2172 natea,
896 2097 995 2168 voluit

25 2197 470 2294 uadoditoarolcptatid’udore
485 2213 592 2274 autem
602 2225 660 2270 noa
671 2201 788 2270 afficiat
802 2203 993 2297 Paadagogua
1040 2285 1051 2310 ⁹

25 2301 114 2376 hana
123 2335 173 2401 per
184 2311 387 2382 Rrechielern
404 2337 416 2388 z,
427 2339 440 2374 r
452 2312 742 2396 circumcidamini
751 2311 994 2382 fornicationem

28 2419 304 2512 runcaliiqmd
311 2421 996 2511 temputadaamirmndumopportunumha·

26 2536 173 2620 utpooqoa
185 2531 319 2602 mitani·
332 2515 471 2620 expertia
484 2529 667 2600 animantia.
678 2529 779 2600 Aliter
789 2543 896 2600 autem
909 2532 995 2600 coire
1033 2527 1044 2538 ”

26 2655 75 2701 mr
85 2637 118 2704 od
130 2638 300 2708 liberorum
317 2639 583 2729 procreationem,
598 2653 648 2708 eat
661 2639 768 2708 lacere
778 2641 929 2730 injuriam
940 2667 995 2712 na·

26 2763 135 2836 ratque
149 2750 275 2838 quidem
290 2760 421 2839 oportet
435 2749 598 2839 magistra,
613 2773 691 2838 quas
705 2750 879 2838 prudenter
893 2753 993 2820 ineo

26 2854 77 2932 rc't,
87 2861 222 2949 temporis
236 2858 484 2928 commoditates
503 2857 670 2948 diligenter
685 2861 866 2937 observare,
884 2885 993 2932 aeneo-

26 2971 85 3041 taa,
104 2965 235 3058 loquum,
259 2981 294 3036 et
316 2966 471 3058 puerilem
493 2979 620 3034 aetatem
640 2991 648 3032 a
667 2967 717 3034 hia
739 2969 825 3036 enirn
847 2971 990 3040 noudum

26 3077 132 3150 mudtt
144 3077 210 3144 illos
224 3091 338 3146 autem
348 3099 414 3144 non
427 3073 493 3142 vult
507 3075 642 3165 amplius
655 3099 768 3144 uxorea
780 3076 910 3146 ducere.
926 3077 991 3146 Sed

26 3183 112 3249 aaut
123 3185 264 3256 homines
278 3208 407 3275 temper
421 3184 498 3250 dare
513 3207 642 3276 operam
655 3184 870 3254 matrimonio.
887 3183 992 3252 Matri-

26 3291 109 3359 triom
126 3309 229 3364 autem
251 3281 311 3364 oet¹
326 3295 467 3364 liliorum
487 3297 716 3384 procreationis
738 3296 904 3385 appetitio,
926 3319 991 3364 non

26 3400 138 3472 ttdimta
156 3407 285 3474 murinis
306 3406 459 3482 excretio,
475 3417 608 3494 quaeest
624 3417 658 3471 et
679 3418 794 3494 practer
814 3403 898 3494 leger
922 3418 955 3471 et
974 3431 992 3472 a

26 3505 92 3575 tione
109 3513 212 3585 alena.
237 3515 426 3586 Secundum
442 3525 590 3584 naturam
610 3526 719 3588 autem
734 3515 826 3581 nobie
844 3515 903 3582 rita
920 3517 992 3582 uni-

26 3625 259 3708 mpmocsaerit,
277 3625 304 3692 ai
314 3637 347 3690 et
358 3626 400 3696 ela
411 3623 499 3693 initio
507 3623 701 3714 cupiditates
713 3625 946 3704 contineamus,
958 3640 991 3694 et

26 3727 128 3799 ninum
140 3757 253 3825 genua,
269 3734 357 3823 quod
370 3759 410 3802 ex
424 3734 527 3805 divina
544 3733 742 3824 providentia
758 3735 911 3814 nascitur,
927 3737 990 3806 im·
1126 3779 1131 3790 ·

26 3835 78 3904 olii
90 3853 118 3906 et
129 3843 294 3912 malitiotir
308 3867 371 3912 non
384 3843 534 3914 talamus
548 3843 670 3912 artibus
685 3869 692 3909 :
706 3868 751 3914 eae
762 3845 862 3924 enirn,
874 3859 910 3953 ut
924 3829 989 3962 ipr-

27 3965 88 4020 llin-
101 3989 126 4034 u,
139 3975 178 4034 ad,
