2570 4614
312 311 507 372 rnnacours,
524 311 593 360 trs.
616 313 638 354 ι.
951 289 1019 376 259.
1044 335 1050 348 ,

22 432 88 500 tium
98 430 295 520 expedivit,in
305 431 407 519 priore
418 426 549 517 epistola
557 427 598 493 ad
605 425 788 496 Corinthios
796 427 842 494 sic
849 428 1009 494 scribens:

26 544 167 619 ‘litati-es,
178 565 217 608 ne
229 541 318 631 puori
334 540 515 607 efficiamini
530 538 775 614 mentibus,.sed
789 537 857 604 sitis
873 540 949 606 vitio
964 541 1016 604 in-

22 652 135 730 niantes,
150 651 305 718 mentibus
319 663 425 718 autem
444 661 545 716 estote
560 651 695 739 perfecti
711 651 733 715 ³.
752 679 765 712 s
782 647 1011 718 illudentem:

28 763 166 841 ‹ando
176 785 260 828 erum
270 759 433 851 parvulus,
446 761 624 849 cogitabam
637 773 674 826 ut
684 759 846 850 parvulus,
862 760 1016 850 loquebar

23 887 71 938 sut
79 871 211 963 parvulus
220 871 246 952 ²,
257 901 270 936 ι
280 896 376 962 quam
387 861 445 936 sub
459 873 529 962 lege
545 872 608 960 egit
620 873 716 937 vitam
728 870 898 959 significat,
911 869 943 936 in
955 893 1016 958 quu

22 996 110 1050 tract
122 985 182 1072 jam
198 983 343 1073 simplex,
359 984 415 1050 sed
429 997 465 1049 ut
479 984 586 1051 adbuc
600 982 762 1071 insipiens,
778 980 873 1047 stulta
888 966 1017 1070 quidem

25 1093 238 1182 tuimoagitene,
254 1095 525 1184 persequebatur:
540 1091 634 1158 stulte
646 1103 753 1158 aretem
769 1090 912 1181 loquens,
933 1091 1021 1158 bles-

23 1203 131 1292 pbmriis
145 1205 281 1273 Verbum
297 1207 485 1273 incessebat.
506 1204 577 1270 Deo
599 1203 685 1270 enim
697 1203 852 1293 significat
872 1205 903 1263 τὸ
917 1212 1021 1276 stetu,

26 1314 159 1401 &femen
177 1312 334 1390 videlicet,
360 1326 393 1380 et
413 1314 561 1379 stultum.
581 1310 786 1399 «Postquam
805 1310 906 1378 iectus
934 1337 1018 1388 sum,
1118 1399 1119 1402 Ἴ

29 1425 146 1512 riserit,
166 1427 211 1493 tir
232 1426 371 1514 (rursus
392 1423 473 1493 dicit
493 1423 635 1512 Paulus)
659 1421 720 1487 feci
745 1434 781 1486 ut
805 1435 965 1489 cessarent
981 1447 1018 1488 ea

30 1547 195 1621 tquaeermt
207 1535 340 1602 infantis
357 1534 380 1600 ⁸.
396 1563 410 1596 ι
427 1533 497 1600 Νοιι
509 1533 610 1599 aetatis
624 1531 845 1621 imperfectam
860 1535 1019 1623 maguitu-

29 1643 124 1720 iimm,
137 1647 186 1712 sed
199 1669 260 1713 nec
275 1645 429 1735 temporis
441 1643 629 1734 praefinitam
648 1665 842 1718 mensuram,
859 1666 962 1734 neque
974 1647 1021 1711 vi-

30 1753 112 1822 rilium
136 1770 164 1824 ct
191 1757 418 1847 perfectiorum
446 1754 683 1845 disciplinarum
710 1777 841 1822 arcanas
866 1757 1022 1844 significat

32 1863 444 1942 testamenmentum
463 1863 593 1954 relegat,
617 1866 671 1952 qui
687 1887 720 1931 se
741 1887 813 1932 eum
835 1867 1024 1934 annuntiare

34 1971 170 2058 potetur
186 1974 363 2065 Apostolus.
386 1974 451 2041 Sed
476 1973 611 2041 infantes
638 1975 768 2063 quidem
789 1975 868 2042 dicit
896 1979 1022 2066 eosqui
1107 1983 1115 2001 ¹

36 2092 99 2144 snat
110 2079 214 2173 integr,
226 2086 294 2175 qui,
307 2109 374 2152 non
391 2107 482 2152 secus
495 2107 533 2150 ec
548 2083 641 2151 larris
653 2085 757 2174 pueri,
769 2086 883 2152 timore
896 2098 1025 2175 pertur-

37 2190 153 2257 bantur:
167 2194 236 2261 viros
245 2209 368 2273 autem,
378 2197 432 2285 qui
446 2195 552 2269 Verbo
562 2219 724 2285 paremus,
741 2198 903 2286 nostrique
915 2223 1024 2265 sumus
1107 2281 1112 2288 ι

36 2301 145 2389 inritet
163 2307 285 2384 arbitrii,
307 2309 432 2375 vocavit
455 2331 513 2374 nos
541 2308 596 2395 qui
623 2307 827 2384 credidimus,
854 2321 1025 2398 spontanee

36 2410 160 2483 clodione
169 2420 290 2496 serrati,
301 2421 471 2510 sapienter,
484 2443 549 2486 non
562 2418 746 2508 insipienter
756 2429 845 2485 metu
857 2419 968 2485 territi.
980 2421 1028 2486 Do

33 2519 120 2592 baete
130 2527 336 2595 testimonium
351 2529 430 2596 ieret
441 2530 507 2618 ipse
518 2518 701 2619 Ap'ostolus,
713 2527 841 2595 Judaees
852 2529 1028 2598 secundum

32 2633 102 2722 ptius
117 2647 331 2705 testamentum
346 2637 455 2706 dicens
475 2639 630 2716 haeredes,
653 2661 711 2705 nos
730 2651 836 2705 nutem
852 2639 1030 2708 secundum

32 2743 251 2829 promissionem.
271 2775 285 2808 ι
302 2747 383 2814 Dico
406 2758 525 2824 autem,
539 2749 663 2835 inquit,
684 2749 836 2836 quamdiu
861 2749 962 2816 haeres
981 2762 1030 2817 est

32 2853 150 2934 subm,
170 2857 248 2924 nihil
262 2857 370 2925 differt
388 2883 406 2925 a
422 2881 525 2935 serve,
546 2879 621 2926 eum
646 2859 686 2924 sit
706 2859 852 2926 dominus
872 2862 1028 2939 omnium,

35 2965 102 3030 »et
112 2971 218 3035 estsub
231 2969 391 3034 tutoribus
402 2977 436 3032 et
446 2967 648 3034 curatoribus
663 2967 819 3056 usquead
835 2969 932 3056 patris
941 2991 1031 3058 prae-

32 3072 162 3146 »finitum
171 3090 294 3168 tempus
308 3101 317 3144 ι
330 3078 374 3145 ita
386 3090 420 3145 et
429 3099 501 3156 noe,
514 3078 641 3167 quondo
657 3101 782 3144 eramus
795 3079 853 3144 sub
866 3077 1034 3145 elementis

31 3187 164 3264 amandi,
174 3189 207 3255 in
223 3189 374 3256 servitute
386 3211 514 3254 eramus
531 3210 539 3252 :
557 3187 683 3278 quando
695 3199 803 3254 sutem
814 3189 901 3253 venit
917 3186 1034 3275 plenit-

32 3293 108 3360 sudo
118 3299 273 3386 temporis,
285 3297 373 3364 misit
384 3295 593 3380 DeusFiiilum
607 3321 701 3362 suum
710 3296 832 3363 factum
843 3295 1034 3374 camuliere,
1081 3357 1084 3364 ,

32 3400 160 3472 »iseum
178 3409 233 3473 sub
247 3407 345 3497 Lege,
363 3419 400 3472 nt
414 3431 472 3472 eos
491 3407 544 3495 qui
559 3419 650 3473 erant
671 3407 731 3472 sub
751 3405 835 3494 Lege
851 3405 1034 3484 redimeret,
1134 3421 1137 3428 ’

33 3523 87 3578 ιιι
98 3515 289 3605 adoptionem
304 3516 444 3583 iiiiorum
458 3541 516 3606 per
531 3518 634 3606 ipsum
644 3517 860 3605 reciperemus
877 3514 899 3581 ¹.
916 3515 1035 3596 ivide,

32 3625 172 3708 mnodo
184 3627 345 3694 c'oniessus
359 3638 407 3692 est
421 3649 489 3692 esse
508 3625 642 3692 infantes
657 3625 711 3714 qui
729 3625 834 3690 timori
849 3637 889 3690 et
899 3629 1036 3715 peccetis
1158 3625 1160 3629 ’

34 3733 152 3820 subjecti
169 3751 237 3804 sunt
256 3763 264 3803 ι
284 3761 339 3804 eos
353 3749 459 3804 autem
480 3737 534 3825 qui
557 3738 616 3802 sub
636 3735 699 3802 fide
721 3746 795 3802 sunt
809 3732 890 3802 tilios
908 3759 1037 3816 vocans,

32 3838 106 3907 viros
118 3843 225 3924 effecit,
241 3861 276 3914 ut
298 3871 352 3912 eos
376 3845 585 3936 distingueret
601 3847 641 3911 ab
659 3844 829 3911 insentibus
849 3846 902 3932 qui
918 3847 1038 3930 suntin

62 3965 213 4035 fient-tu,
225 3991 263 4026 υ.
276 3972 399 4023 -21ttu
414 3989 473 4034 xnr,
485 3989 524 4023 ιι.
535 3971 585 4012 -·³
597 3969 700 4020 ltin-
711 3971 721 4005 ⁶
734 3971 792 4022 uu.
805 3987 841 4032 ιι,
854 3987 877 4032 ι,
888 3989 912 4032 2,
923 3973 982 4033 Μ,
995 3974 1018 4020 5.
