2412 4596
232 266 289 308 112
538 263 711 314 cultuum
735 263 945 308 amntem!

227 401 345 447 nomen
365 377 498 457 Christi,
522 379 695 446 maximum
714 379 872 446 emanarit
891 379 1041 467 probrum.
1055 381 1100 447 llis
1112 396 1181 450 autor

228 485 426 577 Epiphanes,
448 487 540 574 cujus
559 488 655 554 etiam
678 487 794 577 scripta
811 486 974 563 seruntur,
990 485 1061 554 lilius
1074 491 1183 556 astha-

230 595 385 687 pooratis,
402 604 433 658 et
448 595 557 660 matris
577 593 774 661 Alexandriae
795 595 943 670 nomine,
961 619 999 660 ea
1017 609 1089 684 patro
1103 598 1182 684 quidm

232 701 481 778 Alexandrinus,
503 726 542 766 ex
563 715 664 771 matre
686 726 761 770 vero
784 701 1018 792 Cephalleneus.
1039 703 1107 771 lluit
1121 717 1181 770 suu

232 810 333 878 solum
348 809 573 898 septemdecim
587 811 695 887 annis,
707 823 739 876 et
757 811 878 886 Samae,
893 833 964 900 quae
974 824 1018 877 est
1031 813 1093 876 urbs
1105 811 1182 900 [ott

230 918 338 994 leniae,
360 929 395 982 ut
409 918 494 984 Deus
511 929 560 982 est
574 911 696 984 honoie
710 918 853 986 allectus.
874 919 947 1000 Quo
969 919 1001 984 in
1014 916 1076 984 loeo
1091 917 1183 1006 tmplu

232 1051 271 1093 ex
285 1025 464 1116 ingentibus
481 1023 657 1114 lapidibus,
678 1023 807 1103 altaria,
823 1023 976 1101 delubra,
995 1048 1132 1098 muman,

232 1133 363 1202 ficetum
375 1144 423 1198 est
434 1145 466 1198 et
477 1145 717 1206 consecratum
734 1145 853 1200 etcum
869 1146 918 1199 est
932 1157 1011 1199 nova
1025 1135 1113 1207 Luna,
1123 1157 1183 1199 oue

236 1242 358 1310 nientes
376 1238 599 1330 Cephallenei,
621 1241 705 1307 diem
726 1239 883 1316 natalem,
908 1265 973 1328 quo
991 1241 1023 1306 in
1042 1242 1110 1306 Deos
1121 1239 1182 1304 stro

235 1363 283 1418 cst
303 1349 501 1440 Epiphanes,
522 1343 719 1425 sacrificant,
743 1342 923 1437 libahtque,
942 1360 976 1414 et
993 1349 1181 1422 conrivantur

235 1461 371 1549 hymnos
386 1469 514 1524 canunt.
529 1457 657 1547 Apatre
672 1469 778 1523 autem
792 1456 903 1524 didicit
914 1470 945 1523 et
958 1458 1065 1524 orbem
1078 1455 1179 1546 disdpb

236 1589 328 1643 rum,
347 1578 380 1631 et
393 1564 531 1632 Platonis
547 1565 788 1655 philosophiam.
811 1566 886 1632 Fuit
907 1579 1014 1632 autem
1031 1567 1179 1656 princepae⁵

238 1675 358 1742 radice
379 1673 573 1762 cognitionis.
592 1673 621 1740 A
636 1697 700 1761 quo
715 1674 812 1740 etiam
826 1673 977 1763 profluxit
990 1675 1105 1740 horem
1115 1689 1175 1746 tflt

160 1837 163 1845 .
238 1783 292 1872 qui
307 1805 393 1848 nunc
406 1793 498 1857 sunt,
515 1781 844 1871 carpocratianorum.

195 1923 197 1928 v
237 1935 239 1938 -
281 1891 346 1956 llos
361 1889 472 1956 dicunt
487 1902 519 1955 et
537 1889 656 1979 aliquos
671 1889 747 1956 alios
766 1888 917 1957 similium
931 1890 1084 1958 malorum
1100 1921 1149 1947 ιιι-ι

238 1997 324 2074 res¹‚
337 1997 378 2063 ad
390 2021 496 2064 coeuas
513 1999 735 2064 convenientes
754 1998 882 2089 (neque
898 1999 985 2065 euim
1001 1999 1115 2065 dixerim

239 2129 350 2173 eorum
361 2107 653 2200 congressionem),
667 2107 749 2172 viros
761 2105 856 2174 simul
864 2117 904 2173 et
921 2106 1081 2182 mulieres,
1099 2136 1136 2163 ιΙ

240 2212 319 2280 cibis
334 2237 482 2280 venerem
499 2215 707 2282 excitantibus
725 2238 758 2281 se
780 2213 990 2306 expleverint,
1007 2209 1184 2282 lumineuttts

242 2323 328 2412 quod
339 2345 451 2388 eorum
463 2322 697 2390 fornicatoriam
707 2321 792 2390 hanc
802 2325 957 2412 justitiam
967 2324 1082 2414 pudore
1092 2317 1183 2389 adffl-

244 2455 350 2498 aversa
368 2430 517 2506 lucerna,
538 2431 625 2498 coire
639 2433 801 2520 quomodo
815 2431 930 2510 velint,
946 2444 1063 2498 etcum
1079 2430 1154 2520 quibs
1173 2466 1189 2485 ιι

242 2538 300 2606 lint
317 2541 507 2605 :meditatos
524 2551 630 2605 autem
649 2541 681 2606 in
699 2542 854 2628 ejusmodi
877 2565 972 2630 agape
993 2564 1089 2607 comm
1112 2538 1163 2597 ιι
1178 2580 1188 2599 2

244 2647 382 2713 interdiu
402 2649 487 2736 jam,
510 2647 660 2735 aquibus
680 2647 777 2716 velint
796 2647 982 2715 mulieribus
1006 2651 1111 2738 erigere
1150 2676 1152 2685 ι
1181 2699 1185 2710 .,

245 2767 359 2822 crateae
386 2755 515 2841 (divinae
530 2756 616 2820 enim
634 2756 720 2822 nefas
734 2768 781 2822 est
803 2757 926 2846 dicere)
952 2757 1026 2846 legis
1043 2747 1158 2822 obediefl'

247 2863 418 2954 Hasleges‚
433 2875 467 2928 ut
479 2864 598 2940 sentio,
611 2864 693 2930 ferre
708 2865 846 2954 oportuit
860 2866 1090 2955 Carpocratem,
1131 2890 1152 2917 ιι
1188 2878 1190 2881 ’

249 2997 341 3038 suum
356 2984 388 3038 et
406 2971 569 3038 hircorum
589 2969 784 3038 libidinibus.
807 2973 883 3039 Mihi
900 2985 1024 3049 autem,
1044 2955 1189 3038 vicomh

247 3093 356 3146 tonem
369 3103 496 3169 quoque
513 3078 597 3147 male
609 3079 814 3160 intellexisse,
835 3083 868 3147 in
885 3081 1071 3173 Republica,
1083 3079 1198 3146 deon.

249 3199 396 3278 oportere
407 3211 474 3253 esse
483 3211 669 3256 communes
681 3191 824 3256 omnium
836 3213 948 3257 uxores
959 3189 1068 3278 :utqui
1081 3187 1186 3252 disddtt¹

132 3371 141 3386 ι
249 3296 396 3386 quidem,
413 3321 483 3385 quae
496 3296 640 3362 nondum
656 3311 847 3387 nupserant,
864 3323 932 3366 esse
947 3304 1188 3366 commoneam·

251 3405 306 3494 qui
331 3417 434 3471 essent
449 3405 596 3494 petituri,
614 3408 882 3494 quemadmodum
902 3408 1053 3474 theatrum
1070 3417 1153 3491 qiroqut
1168 3396 1189 3445 s

250 3537 421 3579 commune
440 3525 669 3603 spectatorum
687 3539 755 3582 esse
775 3529 882 3584 autem
903 3531 1126 3604 unamquamque

251 3623 405 3710 cujusque
426 3621 478 3710 qui
501 3637 773 3714 preoccupasset,
795 3637 828 3690 et
846 3649 909 3692 nou
926 3623 1048 3713 amplius
1060 3637 1139 3686 comm
1158 3642 1173 3663 ³⁴

250 3748 318 3792 esse
334 3752 405 3795 eam
421 3753 490 3817 quae
505 3731 673 3821 nupsisset.
695 3732 843 3800 Xanthus
857 3745 960 3800 autem
972 3734 1002 3798 in
1012 3731 1059 3806 iis,
1070 3747 1124 3816 qut
1139 3750 1149 3777 ¹·
1166 3750 1172 3765 ·

290 3873 298 3898 ¹
309 3876 367 3944 Pag-
380 3875 430 3940 5ῐ4
441 3891 522 3946 etseq.
