2570 4614
330 283 528 332 conoessero
551 283 592 329 au
616 283 745 329 currus.
992 261 1053 326 213

12 381 13 388 ἵ
33 403 148 478 licium,
156 403 389 470 immunitatem
400 403 784 493 corruptionis,tribuens.
798 377 863 467 bed
874 412 907 466 et
914 401 1057 468 Verbum

34 513 112 578 robis
125 511 258 602 largior,
275 514 334 581 Dei
349 509 475 579 scilieet⁴
486 513 712 601 cognitionem,
729 512 952 600 memetipsum
974 512 1057 578 inte*-

33 645 116 710 grum
132 621 260 712 largior.
277 622 432 688 Hocsum
447 643 519 711 ego,
540 620 603 687 hoc
622 620 689 688 vult
705 619 886 696 Deosrhoe
905 621 1058 710 sympho-

34 731 78 795 nia
91 741 150 807 eat,
160 731 227 797 boc
243 740 417 798 concentus
428 729 541 806 Patris,
555 730 618 797 boc
628 729 739 805 Filius,
751 729 815 797 hoc
826 728 983 805 Christus,
995 731 1059 796 hoc

34 837 165 905 Verbum
179 841 256 916 Dei,
276 839 445 908 brachium
458 840 600 915 Domini,
619 851 757 929 potestas
775 862 884 906 rerum
899 825 1057 915 omnium·

35 947 167 1014 voluntas
180 949 296 1016 Patris.
316 950 460 1029 Quarum
474 948 604 1037 quidem
617 971 725 1014 rerum
735 946 811 1014 olim
826 950 973 1016 exhibite
984 961 1059 1028 suut
1173 979 1176 986 ·

36 1057 189 1148 irnogines,
207 1083 321 1126 verum
344 1057 405 1124 illae
424 1079 623 1147 nequaquam
642 1081 752 1125 omnes
773 1041 899 1125 similes.
922 1059 1058 1125 Proinde

36 1165 99 1232 solo
119 1189 175 1234 soa
193 1169 240 1234 ad
263 1166 425 1257 exemplar
439 1167 664 1256 primigenium
686 1168 856 1257 corrigere,
881 1182 917 1233 ut
941 1168 1058 1252 similes

37 1277 122 1344 etiem
136 1278 217 1346 milri
232 1277 424 1349 efficiamini.
443 1271 533 1344 Fidei
548 1300 603 1343 ros
619 1291 795 1367 ungureuto,
812 1301 869 1367 per
885 1277 972 1367 quod
986 1301 1059 1344 cor-

39 1388 207 1475 ruptionem
218 1389 353 1465 exiretis,
366 1410 504 1477 ungam:
519 1400 552 1454 et
566 1387 685 1454 nudam
699 1387 986 1482 justitiaeliguram,
1002 1411 1059 1477 per

41 1521 124 1585 qmm
138 1498 177 1564 ad
192 1499 302 1566 Deum
321 1498 510 1574 ascendetis,
530 1499 772 1588 repraesentabo.
785 1497 922 1566 «Venite
938 1497 978 1581 ad
992 1521 1057 1574 me,
1158 1499 1169 1517 ⁸

41 1631 164 1691 somnes
180 1609 238 1698 qui
259 1607 378 1698 fatigati
394 1610 481 1685 estis,
497 1619 529 1674 et
543 1609 662 1674 onerati
668 1632 678 1682 ;
704 1619 738 1673 et
758 1631 818 1697 ego
834 1607 976 1676 reficiam
990 1631 1055 1673 vos.

42 1717 167 1784 »Tollite
185 1719 299 1809 jugum
315 1741 424 1785 meum
442 1741 537 1808 super
551 1741 618 1795 ros,
630 1701 663 1784 et
678 1718 789 1784 discite
802 1741 820 1782 a
836 1717 986 1805 mequod
998 1719 1059 1785 mi-

44 1853 55 1888 ι
68 1827 105 1892 tis
116 1829 184 1904 sim,
195 1841 229 1894 et
241 1827 370 1895 humilis
388 1828 506 1896 corde:
523 1841 555 1894 et
569 1827 732 1894 invenietis
741 1828 884 1916 requiem
895 1828 1059 1896 animabus

47 1939 180 2003 ιιιιιιὶι.
191 1938 401 2028 legumenim
408 1937 752 2016 meumfacile,etonus
759 1937 1053 2004 moumlereest¹sr

50 2043 245 2125 destinemus,
259 2071 438 2125 curramus,
453 2073 473 2115 ο
488 2049 646 2124 homines.
662 2048 887 2125 uelamentis,
903 2048 971 2114 Deo
987 2069 1060 2114 vore
1164 2115 1175 2124 ,

51 2154 167 2233 similia,
182 2157 351 2226 simulacro.
364 2159 391 2226 F
393 2160 577 2235 estinemus,
590 2179 767 2234 curramus,
781 2157 933 2224 tollemus
940 2161 1062 2248 jugum

50 2268 126 2352 ejus,
142 2269 341 2358 suscipiamus
355 2271 477 2336 benum
493 2269 649 2358 aurigam,
665 2291 684 2333 a
702 2289 766 2355 quo
781 2264 925 2333 homines
943 2266 985 2331 ad
999 2267 1057 2332 im-

49 2377 219 2443 munitatem
240 2379 452 2468 corruptionis
470 2389 617 2467 aguntur.
640 2375 803 2444 Christum
829 2373 1005 2464 diligamus.
1032 2376 1061 2442 ls

44 2482 155 2572 pullum
164 2509 203 2554 oc
215 2486 357 2554 rotulum
368 2489 491 2556 asinum
502 2489 560 2554 sub
573 2487 658 2552 idem
668 2487 782 2576 jugum
793 2484 898 2558 duxit;
913 2496 946 2550 et
953 2485 1062 2572 juncta

43 2617 119 2664 num
128 2597 295 2666 hominum
308 2600 394 2688 bigo,
410 2599 451 2664 ad
464 2596 734 2665 immortalitatem
747 2597 853 2686 dirigit
868 2579 1014 2663 currum:
1029 2595 1062 2661 id

42 2707 190 2776 evidenter
213 2707 346 2797 implere
361 2708 525 2786 festinans,
542 2708 629 2798 quod
649 2707 725 2773 olim
743 2708 879 2774 obscure
900 2703 1061 2796 significa-¹

42 2831 129 2894 rorat,
148 2832 229 2886 tunc
242 2817 372 2907 quidem
382 2819 423 2884 ad
433 2817 623 2894 Jerusalem,
635 2839 721 2884 nune
738 2840 812 2883 vero
823 2815 864 2882 ad
875 2815 973 2884 ooelos
985 2837 1059 2884 con·

42 2927 173 2996 tendens.
192 2928 447 2996 pulcherrimum
473 2951 548 2995 saue
568 2928 653 2994 Patri
674 2924 903 3017 spectaculum,
925 2937 1063 2993 eternus

40 3036 126 3124 ipsius
145 3035 247 3106 Filios
270 3039 435 3106 uictoriam
457 3051 631 3127 reportans.
657 3037 784 3104 Fiamus
808 3038 903 3126 igitur
923 3037 957 3101 in
978 3037 1062 3100 bono

40 3148 203 3227 ambitiosi,
218 3149 341 3237 Deique
362 3161 503 3214 amantes
514 3148 673 3221 homiuem
691 3159 846 3214 eteorum
864 3167 972 3212 rerum
992 3163 1064 3231 quae

40 3256 138 3325 nibilo
159 3281 323 3349 quoquam
341 3259 407 3348 pati
426 3271 557 3347 possunt
579 3258 742 3333 maumas,
766 3256 870 3323 Deum
893 3276 931 3320 oc
953 3253 1063 3327 vitam.

39 3390 272 3459 consequamur.
295 3371 352 3436 Est
370 3381 477 3434 autem
493 3367 635 3437 Verbum
650 3369 799 3458 adjutor:
818 3365 851 3430 in
867 3387 906 3430 eo
920 3363 960 3429 sit
973 3361 1063 3429 uobis

40 3476 155 3546 liducia.
171 3479 240 3547 Nec
250 3501 310 3546 nos
320 3492 461 3567 unquam
477 3488 600 3545 tantum
615 3477 736 3568 argenti
748 3496 787 3541 ac
798 3473 879 3550 ouri,
892 3471 942 3538 vel
955 3469 1061 3562 glorios

40 3589 140 3656 subest
154 3589 362 3665 desiderium,
380 3602 535 3678 quantum
546 3589 643 3679 ipsios
657 3586 754 3654 Verbi
771 3584 918 3652 veritatis.
935 3583 1062 3672 Nequa-

41 3720 125 3784 quam
135 3700 223 3766 enim
238 3699 308 3766 Deo
319 3712 442 3788 gratum
455 3701 526 3777 orit,
540 3701 565 3765 si
581 3723 638 3766 uos
653 3721 690 3762 ea
707 3695 835 3785 quidem
850 3717 918 3783 quse
932 3694 1060 3760 maximi

41 3810 205 3898 suntpretii
220 3810 346 3878 minimi
338 3809 505 3886 iacimus,
519 3809 663 3879 amentiae
684 3818 801 3886 nutem,
814 3819 846 3871 et
866 3804 1060 3894 ignorantiae,

70 3941 172 3998 ¹llattb.
185 3959 219 4004 ιι,
232 3942 271 4005 28,
286 3958 343 4007 29,
338 3941 376 3992 50.
