2532 4608
189 245 253 325 tto
499 265 674 310 ιιιιιιιιτιι
699 265 919 310 santonum

188 388 327 462 unitate,
340 385 446 452 omnia
458 382 518 452 alia
529 409 701 474 superans,
718 400 751 452 et
763 385 845 452 nihil
861 385 992 451 habens
1004 383 1067 450 sibi
1084 381 1225 450 u'mileul

189 493 320 586 aequale.
338 493 442 583 Atque
456 494 497 558 de
511 494 548 558 iis
564 493 694 581 quidem
710 494 837 560 dicetur
854 505 981 582 postea.
1007 495 1059 558 Ex
1076 491 1223 558 heroibus

191 615 316 678 autem,
330 600 396 668 aliae
408 601 536 691 quidem
555 599 755 690 appellantur
768 625 810 668 ex
825 602 983 679 nomine,
1004 612 1043 665 ut
1057 625 1128 689 qum
1144 601 1223 690 appel

190 708 261 777 latre
278 722 352 776 sunt
367 716 386 774 ι
400 709 566 777 Valentino
581 721 613 775 et
630 709 794 778 Marcione
805 723 838 775 et
854 709 1023 785 Basilide,
1040 711 1161 774 etiamsi
1172 709 1221 798 gt-

190 821 312 884 rientur
333 841 367 884 se
388 817 529 884 Matthiae
551 819 734 908 opinionem
757 818 922 886 adducere
949 842 959 884 ε
987 817 1053 882 suit
1075 817 1158 884 euim
1177 843 1218 884 ιιιι

192 927 334 994 omnium
358 924 584 1016 Apostolorum
608 926 691 992 sicut
709 925 877 1004 doctrina,
901 927 948 992 ita
971 927 1077 992 etiam
1096 927 1216 992 tradido:

191 1029 259 1098 alise
277 1042 383 1097 autem
398 1051 440 1096 ex
455 1027 546 1107 loco,
563 1041 598 1096 ut
615 1031 775 1096 Peratici:
799 1029 869 1096 alim
884 1043 1004 1098 autem
1022 1053 1063 1096 ex
1082 1045 1213 1120 gentem

190 1139 351 1229 Phrygum
369 1139 494 1206 heresis
508 1161 517 1204 s
531 1137 599 1204 alie
614 1152 721 1205 autem
735 1163 776 1204 ea
790 1140 1006 1227 operatione,
1022 1151 1058 1203 ut
1071 1141 1211 1206 uncum

190 1271 262 1314 rum
277 1271 285 1312 ι
300 1245 369 1314 aliae
383 1261 491 1316 autem
507 1271 546 1314 ex
561 1249 695 1336 propriis
712 1248 941 1337 dogmatibus,
958 1260 997 1312 ιιι
1011 1248 1208 1314 Docitaronrt

190 1356 451 1422 llrematitarumt
470 1355 537 1423 aliae
551 1368 659 1423 autem
674 1379 713 1422 ex.
728 1356 967 1444 positionibus,
983 1368 1018 1420 et
1032 1357 1067 1420 iis
1080 1381 1139 1445 pm
1149 1359 1203 1446 ipsr

189 1464 407 1542 honorarunt,
425 1477 459 1530 ut
476 1466 530 1555 qui
547 1463 745 1555 appellantur
760 1465 936 1531 Caianistae
953 1477 989 1530 et
1001 1465 1122 1555 Ophiam'
1130 1465 1197 1532 :ds

190 1595 265 1639 vero
279 1597 320 1639 ex
335 1575 371 1639 iis
383 1597 453 1662 quae
464 1573 583 1640 nelarie
595 1598 677 1640 ausae
688 1585 762 1640 suut
775 1584 809 1640 et
819 1587 1057 1664 perpetrarant,
1071 1575 1190 1662 atqu'er

192 1681 384 1749 Simonianis
399 1694 555 1748 vocantur
568 1682 756 1770 Eutychit'e.
1258 1731 1259 1734 κ

237 1789 356 1858 XVlll.
384 1791 447 1858 Nos
466 1805 571 1858 autem
594 1793 647 1856 ubi
667 1792 704 1857 iis
719 1792 772 1880 qui
791 1775 828 1858 ἰιι
843 1791 995 1860 Ecclesia
1014 1791 1186 1882 spettmlrts·

194 1908 312 1962 nentur
325 1895 497 1974 desiderio,
513 1894 631 1986 exlege
646 1895 687 1962 de
701 1895 884 1972 sacrificiis,
899 1910 972 1964 tum
990 1893 1194 1964 deludsisud·
1258 1883 1259 1950 l

194 2003 338 2094 guribus,
354 2016 423 2072 tum
440 2006 479 2071 de
493 2004 747 2094 haeresibusque
761 2005 898 2093 mystice
912 2006 1135 2078 discernuntm,
1149 2017 1198 2069 ιιιι
1257 2003 1259 2114 1

195 2136 291 2200 quam
316 2113 508 2188 immunde,
531 2137 571 2179 ea
592 2113 697 2179 divina
720 2114 915 2180 mundorum
943 2127 978 2180 et
1000 2113 1199 2180 immundorum

193 2219 378 2288 animalium
394 2221 615 2298 distinctione,
631 2243 765 2311 parvum
784 2221 950 2310 quoddam
971 2223 1105 2288 foramen
1123 2233 1201 2286 oster
1258 2261 1259 2272 ι

195 2329 354 2406 (ierimus,
367 2329 514 2396 liniemus
529 2330 718 2428 orationem.
733 2331 814 2411 Quae
825 2330 913 2396 enim
927 2343 1005 2396 sunt
1020 2330 1093 2395 fissis
1105 2325 1199 2416 rurgrds

194 2450 227 2504 ct
243 2438 424 2516 ruminant,
446 2437 565 2505 hostias
586 2461 654 2503 esse
674 2439 810 2505 mundas
832 2451 864 2503 ct
886 2439 958 2504 Deo
977 2451 1114 2527 acceptas
1130 2436 1199 2502 tra&
1256 2483 1258 2506 .

195 2543 379 2634 Scriptura,
396 2554 507 2632 utpote
522 2543 608 2630 quod
618 2543 692 2631 justi
704 2565 762 2631 per
777 2542 873 2608 iidem
888 2543 952 2608 iter
969 2539 1193 2632 ingredianturad
1256 2583 1257 2606 ι

193 2651 320 2716 Patrem
335 2662 369 2714 et
380 2649 498 2716 Filium
513 2649 535 2714 ¹.
550 2651 625 2716 Haec
640 2662 688 2716 est
703 2651 789 2716 enim
804 2649 961 2716 stabilitas
972 2675 1078 2716 eorum
1088 2668 1189 2736 paoem

195 2758 276 2824 iissre
287 2773 362 2826 sunt
373 2759 518 2849 ungulae,
531 2760 585 2848 qui
597 2759 656 2826 Dei
668 2753 792 2848 eloquia
804 2759 859 2824 diu
865 2771 1037 2849 noctuque
1048 2759 1193 2826 meditantur

193 2882 226 2934 ot
247 2869 410 2934 ruminant
432 2869 466 2934 in
489 2869 601 2936 animae
624 2866 862 2957 disciplinarum
884 2869 1110 2958 receptaculo:
1128 2888 1198 2954 quan
1256 2941 1257 2954 χ

192 2977 290 3043 etiam
306 2977 492 3046 Gnosticam
508 2977 787 3052 exercitationem,
812 2976 925 3042 muudi
943 2977 1085 3044 unimolh
1096 2975 1199 3042 runi*
1255 2959 1257 3046 l

195 3086 317 3151 tionem
330 3086 409 3151 dicit
423 3085 490 3152 Lex
504 3082 683 3172 allegorice.
702 3085 783 3165 Quae
797 3097 904 3151 autem
922 3108 1027 3172 neque
1045 3099 1200 3170 namquo
1256 3071 1257 3088 ,

196 3215 300 3283 neque
311 3217 350 3259 ex
365 3193 402 3258 iis
417 3192 537 3258 habent
551 3190 706 3269 alterum,
720 3193 857 3286 secernit
868 3204 904 3258 ut
915 3193 1088 3260 immunda.
1100 3193 1142 3258 dc
1152 3211 1201 3277 qut

197 3301 360 3368 ruminant
379 3301 528 3388 quidem,
553 3299 686 3366 bifidam
707 3312 813 3366 autem
837 3324 902 3366 non
926 3301 1044 3368 habent
1064 3298 1202 3389 ungulam.

198 3409 310 3500 vulgus
332 3409 517 3475 Judaeorum
541 3408 635 3474 tacite
661 3409 863 3498 significant,
887 3411 942 3500 qui
966 3410 1084 3499 eloquia
1102 3407 1201 3498 quidm

198 3518 257 3592 Dei
273 3519 388 3585 habent
407 3519 439 3582 in
455 3537 529 3593 ore,
549 3517 647 3584 fidem
663 3530 769 3586 autem
782 3531 816 3584 et
833 3519 924 3588 basin
939 3544 1004 3586 non
1016 3521 1122 3586 habent
1132 3567 1141 3590 ,
1152 3535 1199 3602 qm

198 3628 382 3692 transmittit
397 3627 437 3692 ad
447 3627 575 3692 Patrem
586 3649 644 3714 per
653 3625 770 3692 Filium
781 3639 833 3702 ,et
840 3628 990 3694 innititur
998 3628 1109 3694 veritati
1120 3651 1128 3690 :
1140 3621 1199 3688 uolt

197 3734 293 3800 etiam
311 3735 469 3824 ejusmodi
491 3757 591 3824 genus
614 3735 822 3803 animantium
841 3734 937 3805 labile
958 3752 1024 3816 eat,
1045 3749 1197 3823 atquem

223 3872 700 3942 .¹1.evtr.1,n.neur.nv‚3,oeq.
