<?xml version="1.0" encoding="UTF-8"?>
<!DOCTYPE html PUBLIC "-//W3C//DTD XHTML 1.0 Transitional//EN"
    "http://www.w3.org/TR/xhtml1/DTD/xhtml1-transitional.dtd">
<html xmlns="http://www.w3.org/1999/xhtml" xml:lang="en" lang="en">
 <head>
  <title>
</title>
<meta http-equiv="Content-Type" content="text/html;charset=utf-8" />
  <meta name='ocr-system' content='tesseract 3.04.00' />
  <meta name='ocr-capabilities' content='ocr_page ocr_carea ocr_par ocr_line ocrx_word'/>
</head>
<body>
  <div class='ocr_page' id='page_1' title='image "./collectioselect00guilgoog_0314.png"; bbox 0 0 2522 4608; ppageno 0'>
   <div class='ocr_carea' id='block_1_1' title="bbox 190 299 958 368">
    <p class='ocr_par' dir='ltr' id='par_1_1' title="bbox 190 299 958 368">
     <span class='ocr_line' id='line_1_1' title="bbox 190 299 958 368; baseline -0.004 -6"><span class='ocrx_word' id='word_1_1' title='bbox 190 334 193 340; x_wconf 93' lang='lat'>·</span> <span class='ocrx_word' id='word_1_2' title='bbox 244 299 305 364; x_wconf 79' lang='lat' dir='ltr'><strong>tos</strong></span> <span class='ocrx_word' id='word_1_3' title='bbox 550 316 723 362; x_wconf 72' lang='lat' dir='ltr'><strong>crassaris</strong></span> <span class='ocrx_word' id='word_1_4' title='bbox 747 315 958 368; x_wconf 76' lang='lat' dir='ltr'><strong>narranaam</strong></span> 
     </span>
    </p>
   </div>
   <div class='ocr_carea' id='block_1_2' title="bbox 232 434 1246 530">
    <p class='ocr_par' dir='ltr' id='par_1_2' title="bbox 232 434 1246 530">
     <span class='ocr_line' id='line_1_2' title="bbox 232 434 1246 530; baseline 0.004 -25"><span class='ocrx_word' id='word_1_5' title='bbox 232 434 342 505; x_wconf 64' lang='lat' dir='ltr'><strong>&#39;instar</strong></span> <span class='ocrx_word' id='word_1_6' title='bbox 352 437 513 528; x_wconf 73' lang='lat' dir='ltr'><strong>paedagogi</strong></span> <span class='ocrx_word' id='word_1_7' title='bbox 528 437 667 525; x_wconf 82' lang='lat' dir='ltr'><strong>corrigat</strong></span> <span class='ocrx_word' id='word_1_8' title='bbox 683 434 915 513; x_wconf 77' lang='lat' dir='ltr'><strong>temulentiam,</strong></span> <span class='ocrx_word' id='word_1_9' title='bbox 931 460 973 505; x_wconf 90' lang='lat' dir='ltr'><strong>ne</strong></span> <span class='ocrx_word' id='word_1_10' title='bbox 987 439 1077 505; x_wconf 85' lang='lat' dir='ltr'><strong>nobis</strong></span> <span class='ocrx_word' id='word_1_11' title='bbox 1088 440 1246 530; x_wconf 79' lang='lat' dir='ltr'><strong>impruden</strong></span> 
     </span>
    </p>
   </div>
   <div class='ocr_carea' id='block_1_3' title="bbox 141 545 1244 629">
    <p class='ocr_par' dir='ltr' id='par_1_3' title="bbox 141 545 1244 629">
     <span class='ocr_line' id='line_1_3' title="bbox 141 545 1244 629; baseline 0.003 -13"><span class='ocrx_word' id='word_1_12' title='bbox 141 553 149 564; x_wconf 84' lang='lat'><strong>&#39;</strong></span> <span class='ocrx_word' id='word_1_13' title='bbox 245 551 328 617; x_wconf 90' lang='lat' dir='ltr'><strong>tibus</strong></span> <span class='ocrx_word' id='word_1_14' title='bbox 347 549 527 616; x_wconf 82' lang='lat' dir='ltr'><strong>convivium</strong></span> <span class='ocrx_word' id='word_1_15' title='bbox 544 545 702 614; x_wconf 88' lang='lat' dir='ltr'><strong>dilabatur</strong></span> <span class='ocrx_word' id='word_1_16' title='bbox 718 545 758 612; x_wconf 91' lang='lat' dir='ltr'><strong>ad</strong></span> <span class='ocrx_word' id='word_1_17' title='bbox 779 547 977 615; x_wconf 87' lang='lat' dir='ltr'><strong>ebrietatem.</strong></span> <span class='ocrx_word' id='word_1_18' title='bbox 997 550 1244 629; x_wconf 77' lang='lat' dir='ltr'><strong>Quemadmodum</strong></span> 
     </span>
    </p>
   </div>
   <div class='ocr_carea' id='block_1_4' title="bbox 121 656 1260 3940">
    <p class='ocr_par' dir='ltr' id='par_1_4' title="bbox 121 656 1260 3940">
     <span class='ocr_line' id='line_1_4' title="bbox 244 656 1243 745; baseline 0.003 -21"><span class='ocrx_word' id='word_1_19' title='bbox 244 659 329 725; x_wconf 93' lang='lat' dir='ltr'><strong>enim</strong></span> <span class='ocrx_word' id='word_1_20' title='bbox 350 679 445 723; x_wconf 91' lang='lat' dir='ltr'><strong>nemo</strong></span> <span class='ocrx_word' id='word_1_21' title='bbox 466 656 520 745; x_wconf 89' lang='lat' dir='ltr'><strong>qui</strong></span> <span class='ocrx_word' id='word_1_22' title='bbox 548 656 646 744; x_wconf 87' lang='lat' dir='ltr'><strong>sapit,</strong></span> <span class='ocrx_word' id='word_1_23' title='bbox 667 675 795 744; x_wconf 74' lang='lat' dir='ltr'><strong>aequum</strong></span> <span class='ocrx_word' id='word_1_24' title='bbox 818 657 977 724; x_wconf 88' lang='lat' dir='ltr'><strong>censuerit</strong></span> <span class='ocrx_word' id='word_1_25' title='bbox 998 656 1144 725; x_wconf 76' lang='lat' dir='ltr'><strong>cla&#39;udere</strong></span> <span class='ocrx_word' id='word_1_26' title='bbox 1165 659 1243 727; x_wconf 84' lang='lat' dir='ltr'><strong>oculu</strong></span> 
     </span>
     <span class='ocr_line' id='line_1_5' title="bbox 243 766 1243 860; baseline 0.004 -26"><span class='ocrx_word' id='word_1_27' title='bbox 243 770 427 860; x_wconf 75' lang='lat' dir='ltr'><strong>priusquam</strong></span> <span class='ocrx_word' id='word_1_28' title='bbox 437 780 489 833; x_wconf 91' lang='lat' dir='ltr'><strong>eat</strong></span> <span class='ocrx_word' id='word_1_29' title='bbox 503 766 678 832; x_wconf 89' lang='lat' dir='ltr'><strong>dormitum</strong></span> <span class='ocrx_word' id='word_1_30' title='bbox 692 790 700 831; x_wconf 93' lang='lat'><strong>:</strong></span> <span class='ocrx_word' id='word_1_31' title='bbox 715 767 757 832; x_wconf 89' lang='lat' dir='ltr'><strong>ita</strong></span> <span class='ocrx_word' id='word_1_32' title='bbox 769 789 829 833; x_wconf 89' lang='lat' dir='ltr'><strong>nec</strong></span> <span class='ocrx_word' id='word_1_33' title='bbox 843 767 1000 834; x_wconf 89' lang='lat' dir='ltr'><strong>rationem</strong></span> <span class='ocrx_word' id='word_1_34' title='bbox 1011 769 1121 834; x_wconf 87' lang='lat' dir='ltr'><strong>abesae</strong></span> <span class='ocrx_word' id='word_1_35' title='bbox 1131 791 1150 836; x_wconf 85' lang='lat' dir='ltr'><strong>a</strong></span> <span class='ocrx_word' id='word_1_36' title='bbox 1165 773 1243 838; x_wconf 85' lang='lat' dir='ltr'><strong>conti·</strong></span> 
     </span>
     <span class='ocr_line' id='line_1_6' title="bbox 241 875 1242 969; baseline 0.001 -22"><span class='ocrx_word' id='word_1_37' title='bbox 241 880 292 947; x_wconf 89' lang='lat' dir='ltr'><strong>vio</strong></span> <span class='ocrx_word' id='word_1_38' title='bbox 300 879 376 968; x_wconf 86' lang='lat' dir='ltr'><strong>¹quis</strong></span> <span class='ocrx_word' id='word_1_39' title='bbox 387 891 475 946; x_wconf 88' lang='lat' dir='ltr'><strong>recte</strong></span> <span class='ocrx_word' id='word_1_40' title='bbox 485 875 634 954; x_wconf 79' lang='lat' dir='ltr'><strong>voluerit,</strong></span> <span class='ocrx_word' id='word_1_41' title='bbox 647 901 751 966; x_wconf 89' lang='lat' dir='ltr'><strong>neque</strong></span> <span class='ocrx_word' id='word_1_42' title='bbox 764 890 837 944; x_wconf 87' lang='lat' dir='ltr'><strong>ante</strong></span> <span class='ocrx_word' id='word_1_43' title='bbox 849 902 899 944; x_wconf 85' lang='lat' dir='ltr'><strong>nes</strong></span> <span class='ocrx_word' id='word_1_44' title='bbox 915 879 1067 969; x_wconf 80' lang='lat' dir='ltr'><strong>gerendas</strong></span> <span class='ocrx_word' id='word_1_45' title='bbox 1077 903 1151 946; x_wconf 88' lang='lat' dir='ltr'><strong>eam</strong></span> <span class='ocrx_word' id='word_1_46' title='bbox 1162 903 1242 969; x_wconf 82' lang='lat' dir='ltr'><strong>preto</strong></span> 
     </span>
     <span class='ocr_line' id='line_1_7' title="bbox 240 987 1242 1082; baseline 0 -24"><span class='ocrx_word' id='word_1_47' title='bbox 240 994 311 1082; x_wconf 89' lang='lat' dir='ltr'><strong>pire</strong></span> <span class='ocrx_word' id='word_1_48' title='bbox 325 1002 413 1057; x_wconf 91' lang='lat' dir='ltr'><strong>recte</strong></span> <span class='ocrx_word' id='word_1_49' title='bbox 427 989 606 1056; x_wconf 90' lang='lat' dir='ltr'><strong>instituerit.</strong></span> <span class='ocrx_word' id='word_1_50' title='bbox 622 987 688 1054; x_wconf 89' lang='lat' dir='ltr'><strong>Sed</strong></span> <span class='ocrx_word' id='word_1_51' title='bbox 702 1012 806 1077; x_wconf 89' lang='lat' dir='ltr'><strong>neque</strong></span> <span class='ocrx_word' id='word_1_52' title='bbox 816 990 933 1079; x_wconf 88' lang='lat' dir='ltr'><strong>poterit</strong></span> <span class='ocrx_word' id='word_1_53' title='bbox 944 1012 1085 1078; x_wconf 74' lang='lat' dir='ltr'><strong>unqnm</strong></span> <span class='ocrx_word' id='word_1_54' title='bbox 1099 990 1199 1068; x_wconf 83' lang='lat' dir='ltr'><strong>Ratio,</strong></span> <span class='ocrx_word' id='word_1_55' title='bbox 1208 1015 1242 1058; x_wconf 82' lang='lat' dir='ltr'><strong>sao</strong></span> 
     </span>
     <span class='ocr_line' id='line_1_8' title="bbox 237 1097 1241 1178; baseline 0.001 -11"><span class='ocrx_word' id='word_1_56' title='bbox 237 1102 396 1178; x_wconf 81' lang='lat' dir='ltr'><strong>Verbum,</strong></span> <span class='ocrx_word' id='word_1_57' title='bbox 419 1123 437 1166; x_wconf 96' lang='lat' dir='ltr'><strong>a</strong></span> <span class='ocrx_word' id='word_1_58' title='bbox 459 1099 665 1168; x_wconf 71' lang='lat' dir='ltr'><strong>familiaribus</strong></span> <span class='ocrx_word' id='word_1_59' title='bbox 687 1101 751 1166; x_wconf 83' lang='lat' dir='ltr'><strong>suia</strong></span> <span class='ocrx_word' id='word_1_60' title='bbox 774 1097 937 1176; x_wconf 87' lang='lat' dir='ltr'><strong>desistere,</strong></span> <span class='ocrx_word' id='word_1_61' title='bbox 956 1123 1018 1168; x_wconf 91' lang='lat' dir='ltr'><strong>nec</strong></span> <span class='ocrx_word' id='word_1_62' title='bbox 1039 1100 1063 1166; x_wconf 88' lang='lat' dir='ltr'><strong>si</strong></span> <span class='ocrx_word' id='word_1_63' title='bbox 1080 1102 1241 1170; x_wconf 73' lang='lat' dir='ltr'><strong>dormian·</strong></span> 
     </span>
     <span class='ocr_line' id='line_1_9' title="bbox 239 1210 1241 1310; baseline 0.003 -31"><span class='ocrx_word' id='word_1_64' title='bbox 239 1213 370 1304; x_wconf 91' lang='lat' dir='ltr'><strong>quidem</strong></span> <span class='ocrx_word' id='word_1_65' title='bbox 384 1235 392 1276; x_wconf 75' lang='grc' dir='ltr'><strong>ε</strong></span> <span class='ocrx_word' id='word_1_66' title='bbox 407 1234 444 1277; x_wconf 87' lang='lat' dir='ltr'><strong>ea</strong></span> <span class='ocrx_word' id='word_1_67' title='bbox 454 1211 541 1277; x_wconf 89' lang='lat' dir='ltr'><strong>enim</strong></span> <span class='ocrx_word' id='word_1_68' title='bbox 553 1211 594 1278; x_wconf 89' lang='lat' dir='ltr'><strong>ad</strong></span> <span class='ocrx_word' id='word_1_69' title='bbox 605 1234 753 1278; x_wconf 91' lang='lat' dir='ltr'><strong>somnum</strong></span> <span class='ocrx_word' id='word_1_70' title='bbox 764 1223 811 1276; x_wconf 88' lang='lat' dir='ltr'><strong>cst</strong></span> <span class='ocrx_word' id='word_1_71' title='bbox 822 1210 1018 1310; x_wconf 80' lang='lat' dir='ltr'><strong>advocanda.</strong></span> <span class='ocrx_word' id='word_1_72' title='bbox 1034 1211 1241 1282; x_wconf 85' lang='lat' dir='ltr'><strong>Perfectaeo&#39;m</strong></span> 
     </span>
     <span class='ocr_line' id='line_1_10' title="bbox 240 1321 1240 1416; baseline -0.002 -22"><span class='ocrx_word' id='word_1_73' title='bbox 240 1323 405 1416; x_wconf 82' lang='lat' dir='ltr'><strong>sapientia,</strong></span> <span class='ocrx_word' id='word_1_74' title='bbox 414 1345 484 1410; x_wconf 73' lang='lat' dir='ltr'><strong>qum</strong></span> <span class='ocrx_word' id='word_1_75' title='bbox 494 1335 542 1388; x_wconf 89' lang='lat' dir='ltr'><strong>est</strong></span> <span class='ocrx_word' id='word_1_76' title='bbox 553 1321 732 1388; x_wconf 84' lang='lat' dir='ltr'><strong>divinarum</strong></span> <span class='ocrx_word' id='word_1_77' title='bbox 742 1334 774 1388; x_wconf 87' lang='lat' dir='ltr'><strong>et</strong></span> <span class='ocrx_word' id='word_1_78' title='bbox 786 1322 998 1388; x_wconf 87' lang='lat' dir='ltr'><strong>humanarum</strong></span> <span class='ocrx_word' id='word_1_79' title='bbox 1009 1347 1118 1388; x_wconf 87' lang='lat' dir='ltr'><strong>rernm</strong></span> <span class='ocrx_word' id='word_1_80' title='bbox 1130 1324 1240 1402; x_wconf 67' lang='lat' dir='ltr'><strong>scienth</strong></span> 
     </span>
     <span class='ocr_line' id='line_1_11' title="bbox 238 1429 1240 1524; baseline -0.002 -22"><span class='ocrx_word' id='word_1_81' title='bbox 238 1457 309 1524; x_wconf 82' lang='lat' dir='ltr'><strong>quae</strong></span> <span class='ocrx_word' id='word_1_82' title='bbox 324 1432 467 1500; x_wconf 83' lang='lat' dir='ltr'><strong>universo</strong></span> <span class='ocrx_word' id='word_1_83' title='bbox 480 1429 705 1521; x_wconf 80' lang='lat' dir='ltr'><strong>complectitur</strong></span> <span class='ocrx_word' id='word_1_84' title='bbox 715 1455 754 1498; x_wconf 85' lang='lat' dir='ltr'><strong>ac</strong></span> <span class='ocrx_word' id='word_1_85' title='bbox 766 1431 921 1506; x_wconf 90' lang='lat' dir='ltr'><strong>continet,</strong></span> <span class='ocrx_word' id='word_1_86' title='bbox 934 1445 1090 1522; x_wconf 85' lang='lat' dir='ltr'><strong>quatenus</strong></span> <span class='ocrx_word' id='word_1_87' title='bbox 1102 1435 1196 1524; x_wconf 79' lang='lat' dir='ltr'><strong>gregis</strong></span> <span class='ocrx_word' id='word_1_88' title='bbox 1206 1435 1240 1500; x_wconf 86' lang='lat' dir='ltr'><strong>ho</strong></span> 
     </span>
     <span class='ocr_line' id='line_1_12' title="bbox 238 1542 1241 1634; baseline 0.002 -23"><span class='ocrx_word' id='word_1_89' title='bbox 238 1546 363 1612; x_wconf 88' lang='lat' dir='ltr'><strong>minum</strong></span> <span class='ocrx_word' id='word_1_90' title='bbox 378 1565 489 1609; x_wconf 85' lang='lat' dir='ltr'><strong>curam</strong></span> <span class='ocrx_word' id='word_1_91' title='bbox 505 1542 599 1631; x_wconf 80' lang='lat' dir='ltr'><strong>gerit,</strong></span> <span class='ocrx_word' id='word_1_92' title='bbox 611 1565 661 1608; x_wconf 88' lang='lat' dir='ltr'><strong>ars</strong></span> <span class='ocrx_word' id='word_1_93' title='bbox 676 1543 747 1609; x_wconf 75' lang='lat' dir='ltr'><strong>vita</strong></span> <span class='ocrx_word' id='word_1_94' title='bbox 762 1542 911 1620; x_wconf 87' lang='lat' dir='ltr'><strong>efficitur,</strong></span> <span class='ocrx_word' id='word_1_95' title='bbox 924 1555 957 1608; x_wconf 90' lang='lat' dir='ltr'><strong>et</strong></span> <span class='ocrx_word' id='word_1_96' title='bbox 971 1567 1009 1610; x_wconf 89' lang='lat' dir='ltr'><strong>ea</strong></span> <span class='ocrx_word' id='word_1_97' title='bbox 1027 1544 1164 1622; x_wconf 87' lang='lat' dir='ltr'><strong>ratione,</strong></span> <span class='ocrx_word' id='word_1_98' title='bbox 1174 1570 1241 1634; x_wconf 84' lang='lat' dir='ltr'><strong>quaa</strong></span> 
     </span>
     <span class='ocr_line' id='line_1_13' title="bbox 239 1647 1237 1747; baseline 0.002 -26"><span class='ocrx_word' id='word_1_99' title='bbox 239 1656 293 1721; x_wconf 92' lang='lat' dir='ltr'><strong>diu</strong></span> <span class='ocrx_word' id='word_1_100' title='bbox 312 1653 458 1728; x_wconf 86' lang='lat' dir='ltr'><strong>vivimus,</strong></span> <span class='ocrx_word' id='word_1_101' title='bbox 475 1647 677 1718; x_wconf 87' lang='lat' dir='ltr'><strong>simnl&#39;adest</strong></span> <span class='ocrx_word' id='word_1_102' title='bbox 696 1665 865 1744; x_wconf 84' lang='lat' dir='ltr'><strong>perpetuo,</strong></span> <span class='ocrx_word' id='word_1_103' title='bbox 881 1654 1045 1743; x_wconf 86' lang='lat' dir='ltr'><strong>proprium</strong></span> <span class='ocrx_word' id='word_1_104' title='bbox 1061 1679 1237 1747; x_wconf 84' lang='lat' dir='ltr'><strong>sempermo-</strong></span> 
     </span>
     <span class='ocr_line' id='line_1_14' title="bbox 238 1761 1238 1855; baseline 0.002 -27"><span class='ocrx_word' id='word_1_105' title='bbox 238 1785 311 1839; x_wconf 89' lang='lat' dir='ltr'><strong>nus,</strong></span> <span class='ocrx_word' id='word_1_106' title='bbox 332 1784 447 1849; x_wconf 87' lang='lat' dir='ltr'><strong>nempe</strong></span> <span class='ocrx_word' id='word_1_107' title='bbox 465 1773 501 1825; x_wconf 88' lang='lat' dir='ltr'><strong>ut</strong></span> <span class='ocrx_word' id='word_1_108' title='bbox 518 1761 601 1827; x_wconf 90' lang='lat' dir='ltr'><strong>bene</strong></span> <span class='ocrx_word' id='word_1_109' title='bbox 616 1761 769 1838; x_wconf 83' lang='lat' dir='ltr'><strong>vivamus,</strong></span> <span class='ocrx_word' id='word_1_110' title='bbox 787 1763 908 1829; x_wconf 88' lang='lat' dir='ltr'><strong>obiens.</strong></span> <span class='ocrx_word' id='word_1_111' title='bbox 929 1762 1034 1830; x_wconf 83' lang='lat' dir='ltr'><strong>Miseri</strong></span> <span class='ocrx_word' id='word_1_112' title='bbox 1052 1768 1238 1855; x_wconf 78' lang='lat' dir='ltr'><strong>autempaio</strong></span> 
     </span>
     <span class='ocr_line' id='line_1_15' title="bbox 189 1851 1236 1966; baseline 0.002 -26"><span class='ocrx_word' id='word_1_113' title='bbox 189 1851 191 1857; x_wconf 27' lang='grc' dir='ltr'>Ι</span> <span class='ocrx_word' id='word_1_114' title='bbox 237 1871 380 1940; x_wconf 84' lang='lat' dir='ltr'><strong>convivio</strong></span> <span class='ocrx_word' id='word_1_115' title='bbox 391 1871 634 1961; x_wconf 87' lang='lat' dir='ltr'><strong>temperantiam</strong></span> <span class='ocrx_word' id='word_1_116' title='bbox 648 1872 790 1961; x_wconf 80' lang='lat' dir='ltr'><strong>exigunt,</strong></span> <span class='ocrx_word' id='word_1_117' title='bbox 803 1872 1083 1962; x_wconf 87' lang='lat' dir='ltr'><strong>intemperantiam</strong></span> <span class='ocrx_word' id='word_1_118' title='bbox 1095 1875 1127 1941; x_wconf 95' lang='lat' dir='ltr'><strong>in</strong></span> <span class='ocrx_word' id='word_1_119' title='bbox 1139 1899 1236 1966; x_wconf 83' lang='lat' dir='ltr'><strong>oonpo</strong></span> 
     </span>
     <span class='ocr_line' id='line_1_16' title="bbox 234 1982 1238 2074; baseline 0.004 -25"><span class='ocrx_word' id='word_1_120' title='bbox 234 1983 420 2056; x_wconf 87' lang='lat' dir='ltr'><strong>tationibus,</strong></span> <span class='ocrx_word' id='word_1_121' title='bbox 432 1982 529 2048; x_wconf 80' lang='lat' dir='ltr'><strong>vitam</strong></span> <span class='ocrx_word' id='word_1_122' title='bbox 541 2005 609 2048; x_wconf 88' lang='lat' dir='ltr'><strong>esse</strong></span> <span class='ocrx_word' id='word_1_123' title='bbox 622 1983 749 2049; x_wconf 88' lang='lat' dir='ltr'><strong>beatam</strong></span> <span class='ocrx_word' id='word_1_124' title='bbox 760 1983 951 2049; x_wconf 86' lang='lat' dir='ltr'><strong>existimant.</strong></span> <span class='ocrx_word' id='word_1_125' title='bbox 967 1983 1116 2062; x_wconf 88' lang='lat' dir='ltr'><strong>Quorum</strong></span> <span class='ocrx_word' id='word_1_126' title='bbox 1128 1988 1180 2052; x_wconf 80' lang='lat' dir='ltr'><strong>vita</strong></span> <span class='ocrx_word' id='word_1_127' title='bbox 1191 1987 1238 2074; x_wconf 83' lang='lat' dir='ltr'><strong>qni</strong></span> 
     </span>
     <span class='ocr_line' id='line_1_17' title="bbox 234 2089 1236 2182; baseline 0.005 -24"><span class='ocrx_word' id='word_1_128' title='bbox 234 2091 308 2159; x_wconf 89' lang='lat' dir='ltr'><strong>dem</strong></span> <span class='ocrx_word' id='word_1_129' title='bbox 319 2090 399 2159; x_wconf 90' lang='lat' dir='ltr'><strong>nihil</strong></span> <span class='ocrx_word' id='word_1_130' title='bbox 414 2104 464 2158; x_wconf 90' lang='lat' dir='ltr'><strong>est</strong></span> <span class='ocrx_word' id='word_1_131' title='bbox 476 2089 562 2156; x_wconf 93' lang='lat' dir='ltr'><strong>aliud</strong></span> <span class='ocrx_word' id='word_1_132' title='bbox 578 2113 674 2178; x_wconf 86' lang='lat' dir='ltr'><strong>qnam</strong></span> <span class='ocrx_word' id='word_1_133' title='bbox 692 2092 893 2168; x_wconf 89' lang='lat' dir='ltr'><strong>comessatio,</strong></span> <span class='ocrx_word' id='word_1_134' title='bbox 914 2091 1054 2182; x_wconf 87' lang='lat' dir='ltr'><strong>crapula,</strong></span> <span class='ocrx_word' id='word_1_135' title='bbox 1075 2095 1192 2172; x_wconf 83' lang='lat' dir='ltr'><strong>balnea,</strong></span> <span class='ocrx_word' id='word_1_136' title='bbox 1205 2109 1236 2162; x_wconf 81' lang='lat' dir='ltr'><strong>te</strong></span> 
     </span>
     <span class='ocr_line' id='line_1_18' title="bbox 233 2199 1236 2295; baseline 0.004 -26"><span class='ocrx_word' id='word_1_137' title='bbox 233 2214 367 2277; x_wconf 89' lang='lat' dir='ltr'><strong>metum,</strong></span> <span class='ocrx_word' id='word_1_138' title='bbox 392 2199 532 2277; x_wconf 70' lang='lat' dir='ltr'><strong>matulae,</strong></span> <span class='ocrx_word' id='word_1_139' title='bbox 556 2201 670 2276; x_wconf 91' lang='lat' dir='ltr'><strong>otium,</strong></span> <span class='ocrx_word' id='word_1_140' title='bbox 692 2214 796 2291; x_wconf 86' lang='lat' dir='ltr'><strong>potus.</strong></span> <span class='ocrx_word' id='word_1_141' title='bbox 810 2199 928 2269; x_wconf 88' lang='lat' dir='ltr'><strong>Videre</strong></span> <span class='ocrx_word' id='word_1_142' title='bbox 949 2225 1025 2293; x_wconf 77' lang='lat' dir='ltr'><strong>ergo</strong></span> <span class='ocrx_word' id='word_1_143' title='bbox 1048 2202 1126 2272; x_wconf 86' lang='lat' dir='ltr'><strong>licet</strong></span> <span class='ocrx_word' id='word_1_144' title='bbox 1148 2207 1236 2295; x_wconf 65' lang='lat' dir='ltr'><strong>ffiqoot</strong></span> 
     </span>
     <span class='ocr_line' id='line_1_19' title="bbox 233 2311 1238 2400; baseline 0.008 -23"><span class='ocrx_word' id='word_1_145' title='bbox 233 2333 345 2380; x_wconf 82' lang='lat' dir='ltr'><strong>eorum</strong></span> <span class='ocrx_word' id='word_1_146' title='bbox 362 2311 598 2387; x_wconf 90' lang='lat' dir='ltr'><strong>semimortuos,</strong></span> <span class='ocrx_word' id='word_1_147' title='bbox 616 2311 819 2400; x_wconf 79' lang='lat' dir='ltr'><strong>cespitantes,</strong></span> <span class='ocrx_word' id='word_1_148' title='bbox 839 2313 873 2378; x_wconf 93' lang='lat' dir='ltr'><strong>in</strong></span> <span class='ocrx_word' id='word_1_149' title='bbox 893 2311 982 2380; x_wconf 90' lang='lat' dir='ltr'><strong>collis</strong></span> <span class='ocrx_word' id='word_1_150' title='bbox 1001 2336 1135 2384; x_wconf 87' lang='lat' dir='ltr'><strong>coronas</strong></span> <span class='ocrx_word' id='word_1_151' title='bbox 1150 2317 1238 2384; x_wconf 82' lang='lat' dir='ltr'><strong>baben</strong></span> 
     </span>
     <span class='ocr_line' id='line_1_20' title="bbox 232 2420 1236 2508; baseline 0.008 -22"><span class='ocrx_word' id='word_1_152' title='bbox 232 2431 375 2494; x_wconf 63' lang='lat' dir='ltr'><strong>tecnon</strong></span> <span class='ocrx_word' id='word_1_153' title='bbox 390 2441 480 2486; x_wconf 90' lang='lat' dir='ltr'><strong>secus</strong></span> <span class='ocrx_word' id='word_1_154' title='bbox 496 2441 535 2486; x_wconf 88' lang='lat' dir='ltr'><strong>ac</strong></span> <span class='ocrx_word' id='word_1_155' title='bbox 549 2420 729 2508; x_wconf 81' lang='lat' dir='ltr'><strong>amphoras,</strong></span> <span class='ocrx_word' id='word_1_156' title='bbox 749 2421 833 2487; x_wconf 91' lang='lat' dir='ltr'><strong>inter</strong></span> <span class='ocrx_word' id='word_1_157' title='bbox 850 2444 885 2487; x_wconf 87' lang='lat' dir='ltr'><strong>se</strong></span> <span class='ocrx_word' id='word_1_158' title='bbox 904 2423 1040 2491; x_wconf 88' lang='lat' dir='ltr'><strong>invicem</strong></span> <span class='ocrx_word' id='word_1_159' title='bbox 1057 2429 1117 2493; x_wconf 85' lang='lat' dir='ltr'><strong>sub</strong></span> <span class='ocrx_word' id='word_1_160' title='bbox 1132 2429 1236 2494; x_wconf 58' lang='lat' dir='ltr'><strong>moero</strong></span> 
     </span>
     <span class='ocr_line' id='line_1_21' title="bbox 232 2526 1237 2627; baseline 0.015 -35"><span class='ocrx_word' id='word_1_161' title='bbox 232 2526 338 2594; x_wconf 78' lang='lat' dir='ltr'><strong>lentiae</strong></span> <span class='ocrx_word' id='word_1_162' title='bbox 353 2528 482 2594; x_wconf 91' lang='lat' dir='ltr'><strong>nomine</strong></span> <span class='ocrx_word' id='word_1_163' title='bbox 494 2527 684 2618; x_wconf 84' lang='lat' dir='ltr'><strong>despuentes</strong></span> <span class='ocrx_word' id='word_1_164' title='bbox 695 2553 821 2597; x_wconf 88' lang='lat' dir='ltr'><strong>merum</strong></span> <span class='ocrx_word' id='word_1_165' title='bbox 834 2555 843 2596; x_wconf 76' lang='grc' dir='ltr'><em>τ</em></span> <span class='ocrx_word' id='word_1_166' title='bbox 857 2529 935 2598; x_wconf 89' lang='lat' dir='ltr'><strong>alios</strong></span> <span class='ocrx_word' id='word_1_167' title='bbox 952 2546 1060 2602; x_wconf 90' lang='lat' dir='ltr'><strong>autem</strong></span> <span class='ocrx_word' id='word_1_168' title='bbox 1077 2536 1183 2627; x_wconf 86' lang='lat' dir='ltr'><strong>plenos</strong></span> <span class='ocrx_word' id='word_1_169' title='bbox 1192 2563 1237 2606; x_wconf 73' lang='lat' dir='ltr'><strong>ota</strong></span> 
     </span>
     <span class='ocr_line' id='line_1_22' title="bbox 231 2636 1237 2730; baseline 0.015 -28"><span class='ocrx_word' id='word_1_170' title='bbox 231 2636 317 2726; x_wconf 84' lang='lat' dir='ltr'><strong>pala,</strong></span> <span class='ocrx_word' id='word_1_171' title='bbox 336 2636 526 2718; x_wconf 82' lang='lat' dir='ltr'><strong>sordidatos,</strong></span> <span class='ocrx_word' id='word_1_172' title='bbox 545 2639 579 2704; x_wconf 96' lang='lat' dir='ltr'><strong>in</strong></span> <span class='ocrx_word' id='word_1_173' title='bbox 596 2638 685 2706; x_wconf 80' lang='lat' dir='ltr'><strong>vultu</strong></span> <span class='ocrx_word' id='word_1_174' title='bbox 704 2640 857 2730; x_wconf 89' lang='lat' dir='ltr'><strong>p&#39;allentes</strong></span> <span class='ocrx_word' id='word_1_175' title='bbox 870 2656 904 2709; x_wconf 88' lang='lat' dir='ltr'><strong>et</strong></span> <span class='ocrx_word' id='word_1_176' title='bbox 925 2641 1048 2723; x_wconf 78' lang='lat' dir='ltr'><strong>lividos,</strong></span> <span class='ocrx_word' id='word_1_177' title='bbox 1060 2659 1094 2714; x_wconf 87' lang='lat' dir='ltr'><strong>et</strong></span> <span class='ocrx_word' id='word_1_178' title='bbox 1109 2648 1237 2716; x_wconf 69' lang='grc' dir='ltr'><strong>Βοεῑεηι</strong></span> 
     </span>
     <span class='ocr_line' id='line_1_23' title="bbox 231 2744 1238 2834; baseline 0.015 -22"><span class='ocrx_word' id='word_1_179' title='bbox 231 2744 424 2813; x_wconf 74' lang='lat' dir='ltr'><strong>temulentie</strong></span> <span class='ocrx_word' id='word_1_180' title='bbox 434 2747 541 2815; x_wconf 87' lang='lat' dir='ltr'><strong>adhuc</strong></span> <span class='ocrx_word' id='word_1_181' title='bbox 551 2747 645 2817; x_wconf 89' lang='lat' dir='ltr'><strong>aliam</strong></span> <span class='ocrx_word' id='word_1_182' title='bbox 662 2751 864 2820; x_wconf 82' lang='lat' dir='ltr'><strong>infundentes</strong></span> <span class='ocrx_word' id='word_1_183' title='bbox 875 2753 1105 2823; x_wconf 87' lang='lat' dir='ltr'><strong>temulentiam.</strong></span> <span class='ocrx_word' id='word_1_184' title='bbox 1123 2760 1238 2834; x_wconf 74' lang='lat' dir='ltr'><strong>noum</strong></span> 
     </span>
     <span class='ocr_line' id='line_1_24' title="bbox 228 2857 1239 2953; baseline 0.014 -31"><span class='ocrx_word' id='word_1_185' title='bbox 228 2858 352 2922; x_wconf 91' lang='lat' dir='ltr'><strong>bonum</strong></span> <span class='ocrx_word' id='word_1_186' title='bbox 362 2867 422 2933; x_wconf 89' lang='lat' dir='ltr'><strong>est,</strong></span> <span class='ocrx_word' id='word_1_187' title='bbox 436 2879 455 2922; x_wconf 95' lang='lat' dir='ltr'><strong>o</strong></span> <span class='ocrx_word' id='word_1_188' title='bbox 467 2857 574 2933; x_wconf 88' lang='lat' dir='ltr'><strong>amici,</strong></span> <span class='ocrx_word' id='word_1_189' title='bbox 586 2872 622 2925; x_wconf 89' lang='lat' dir='ltr'><strong>ut</strong></span> <span class='ocrx_word' id='word_1_190' title='bbox 633 2883 708 2926; x_wconf 91' lang='lat' dir='ltr'><strong>cum</strong></span> <span class='ocrx_word' id='word_1_191' title='bbox 718 2861 801 2929; x_wconf 85' lang='lat' dir='ltr'><strong>hanc</strong></span> <span class='ocrx_word' id='word_1_192' title='bbox 812 2863 981 2953; x_wconf 79' lang='lat' dir='ltr'><strong>imaginem</strong></span> <span class='ocrx_word' id='word_1_193' title='bbox 991 2865 1088 2933; x_wconf 90' lang='lat' dir='ltr'><strong>simul</strong></span> <span class='ocrx_word' id='word_1_194' title='bbox 1099 2867 1239 2935; x_wconf 77' lang='lat' dir='ltr'><strong>ridieulm</strong></span> 
     </span>
     <span class='ocr_line' id='line_1_25' title="bbox 228 2962 1241 3060; baseline 0.015 -31"><span class='ocrx_word' id='word_1_195' title='bbox 228 2977 261 3030; x_wconf 91' lang='lat' dir='ltr'><strong>et</strong></span> <span class='ocrx_word' id='word_1_196' title='bbox 273 2962 484 3031; x_wconf 84' lang='lat' dir='ltr'><strong>miserabilem</strong></span> <span class='ocrx_word' id='word_1_197' title='bbox 503 2967 627 3034; x_wconf 90' lang='lat' dir='ltr'><strong>eminus</strong></span> <span class='ocrx_word' id='word_1_198' title='bbox 644 2981 677 3033; x_wconf 91' lang='lat' dir='ltr'><strong>et</strong></span> <span class='ocrx_word' id='word_1_199' title='bbox 694 2993 789 3057; x_wconf 90' lang='lat' dir='ltr'><strong>quam</strong></span> <span class='ocrx_word' id='word_1_200' title='bbox 806 2967 986 3060; x_wconf 78' lang='lat' dir='ltr'><strong>longissime</strong></span> <span class='ocrx_word' id='word_1_201' title='bbox 1004 2975 1044 3040; x_wconf 93' lang='lat' dir='ltr'><strong>ab</strong></span> <span class='ocrx_word' id='word_1_202' title='bbox 1061 2997 1099 3042; x_wconf 90' lang='lat' dir='ltr'><strong>ea</strong></span> <span class='ocrx_word' id='word_1_203' title='bbox 1113 2977 1241 3043; x_wconf 78' lang='lat' dir='ltr'><strong>didiceri-</strong></span> 
     </span>
     <span class='ocr_line' id='line_1_26' title="bbox 226 3073 1260 3172; baseline 0.01 -30"><span class='ocrx_word' id='word_1_204' title='bbox 226 3098 299 3142; x_wconf 89' lang='lat' dir='ltr'><strong>mus</strong></span> <span class='ocrx_word' id='word_1_205' title='bbox 314 3098 372 3141; x_wconf 90' lang='lat' dir='ltr'><strong>nos</strong></span> <span class='ocrx_word' id='word_1_206' title='bbox 391 3075 474 3165; x_wconf 83' lang='lat' dir='ltr'><strong>ipsos</strong></span> <span class='ocrx_word' id='word_1_207' title='bbox 494 3075 534 3141; x_wconf 87' lang='lat' dir='ltr'><strong>ed</strong></span> <span class='ocrx_word' id='word_1_208' title='bbox 554 3077 586 3143; x_wconf 91' lang='lat' dir='ltr'><strong>id</strong></span> <span class='ocrx_word' id='word_1_209' title='bbox 606 3079 693 3166; x_wconf 89' lang='lat' dir='ltr'><strong>quod</strong></span> <span class='ocrx_word' id='word_1_210' title='bbox 711 3087 760 3146; x_wconf 86' lang='lat' dir='ltr'><strong>est</strong></span> <span class='ocrx_word' id='word_1_211' title='bbox 776 3077 889 3148; x_wconf 89' lang='lat' dir='ltr'><strong>melius</strong></span> <span class='ocrx_word' id='word_1_212' title='bbox 911 3073 1141 3172; x_wconf 77' lang='lat' dir='ltr'><strong>componamus</strong></span> <span class='ocrx_word' id='word_1_213' title='bbox 1165 3099 1195 3155; x_wconf 91' lang='lat' dir='ltr'><strong>et</strong></span> <span class='ocrx_word' id='word_1_214' title='bbox 1210 3081 1260 3152; x_wconf 69' lang='lat' dir='ltr'><strong>ci</strong></span> 
     </span>
     <span class='ocr_line' id='line_1_27' title="bbox 227 3185 1259 3299; baseline 0.014 -47"><span class='ocrx_word' id='word_1_215' title='bbox 227 3185 396 3276; x_wconf 85' lang='lat' dir='ltr'><strong>fingamus,</strong></span> <span class='ocrx_word' id='word_1_216' title='bbox 415 3187 564 3254; x_wconf 88' lang='lat' dir='ltr'><strong>timentes</strong></span> <span class='ocrx_word' id='word_1_217' title='bbox 582 3189 719 3256; x_wconf 78' lang='lat' dir='ltr'><strong>neforto</strong></span> <span class='ocrx_word' id='word_1_218' title='bbox 737 3215 796 3257; x_wconf 91' lang='lat' dir='ltr'><strong>nos</strong></span> <span class='ocrx_word' id='word_1_219' title='bbox 812 3215 940 3280; x_wconf 86' lang='lat' dir='ltr'><strong>quoque</strong></span> <span class='ocrx_word' id='word_1_220' title='bbox 958 3192 1027 3261; x_wconf 85' lang='lat' dir='ltr'><strong>aliis</strong></span> <span class='ocrx_word' id='word_1_221' title='bbox 1044 3195 1145 3263; x_wconf 86' lang='lat' dir='ltr'><strong>simile</strong></span> <span class='ocrx_word' id='word_1_222' title='bbox 1168 3207 1259 3299; x_wconf 53' lang='lat' dir='ltr'><strong>spec-j</strong></span> 
     </span>
     <span class='ocr_line' id='line_1_28' title="bbox 226 3293 1259 3397; baseline 0.016 -37"><span class='ocrx_word' id='word_1_223' title='bbox 226 3294 369 3362; x_wconf 89' lang='lat' dir='ltr'><strong>taculum</strong></span> <span class='ocrx_word' id='word_1_224' title='bbox 392 3293 518 3372; x_wconf 85' lang='lat' dir='ltr'><strong>liumus,</strong></span> <span class='ocrx_word' id='word_1_225' title='bbox 541 3309 573 3364; x_wconf 88' lang='lat' dir='ltr'><strong>et</strong></span> <span class='ocrx_word' id='word_1_226' title='bbox 595 3296 723 3366; x_wconf 89' lang='lat' dir='ltr'><strong>ridiculi</strong></span> <span class='ocrx_word' id='word_1_227' title='bbox 740 3300 921 3392; x_wconf 85' lang='lat' dir='ltr'><strong>evadamus.</strong></span> <span class='ocrx_word' id='word_1_228' title='bbox 947 3299 1100 3371; x_wconf 83' lang='lat' dir='ltr'><strong>Praeclare</strong></span> <span class='ocrx_word' id='word_1_229' title='bbox 1114 3303 1259 3397; x_wconf 65' lang='lat' dir='ltr'><strong>protem-i</strong></span> 
     </span>
     <span class='ocr_line' id='line_1_29' title="bbox 225 3379 1259 3512; baseline 0.014 -40"><span class='ocrx_word' id='word_1_230' title='bbox 225 3405 348 3474; x_wconf 89' lang='lat' dir='ltr'><strong>dictum</strong></span> <span class='ocrx_word' id='word_1_231' title='bbox 368 3418 433 3482; x_wconf 90' lang='lat' dir='ltr'><strong>est,</strong></span> <span class='ocrx_word' id='word_1_232' title='bbox 452 3407 640 3475; x_wconf 81' lang='lat' dir='ltr'><strong>«fornacem</strong></span> <span class='ocrx_word' id='word_1_233' title='bbox 658 3411 791 3497; x_wconf 78' lang='lat' dir='ltr'><strong>quidem</strong></span> <span class='ocrx_word' id='word_1_234' title='bbox 810 3411 893 3478; x_wconf 89' lang='lat' dir='ltr'><strong>inter</strong></span> <span class='ocrx_word' id='word_1_235' title='bbox 914 3411 1099 3502; x_wconf 75' lang='lat' dir='ltr'><strong>tingendum</strong></span> <span class='ocrx_word' id='word_1_236' title='bbox 1122 3379 1259 3512; x_wconf 74' lang='lat' dir='ltr'><strong>protml</strong></span> 
     </span>
     <span class='ocr_line' id='line_1_30' title="bbox 121 3516 1259 3630; baseline 0.015 -54"><span class='ocrx_word' id='word_1_237' title='bbox 121 3539 123 3546; x_wconf 64' lang='grc'>’</span> <span class='ocrx_word' id='word_1_238' title='bbox 224 3543 237 3577; x_wconf 76' lang='grc' dir='ltr'><strong>ι</strong></span> <span class='ocrx_word' id='word_1_239' title='bbox 254 3516 327 3582; x_wconf 87' lang='lat' dir='ltr'><strong>lerri</strong></span> <span class='ocrx_word' id='word_1_240' title='bbox 342 3516 458 3593; x_wconf 88' lang='lat' dir='ltr'><strong>aciem,</strong></span> <span class='ocrx_word' id='word_1_241' title='bbox 471 3517 580 3583; x_wconf 86' lang='lat' dir='ltr'><strong>vinum</strong></span> <span class='ocrx_word' id='word_1_242' title='bbox 595 3531 701 3585; x_wconf 89' lang='lat' dir='ltr'><strong>autem</strong></span> <span class='ocrx_word' id='word_1_243' title='bbox 717 3543 773 3587; x_wconf 91' lang='lat' dir='ltr'><strong>cor</strong></span> <span class='ocrx_word' id='word_1_244' title='bbox 789 3523 1002 3611; x_wconf 89' lang='lat' dir='ltr'><strong>superborum</strong></span> <span class='ocrx_word' id='word_1_245' title='bbox 1011 3523 1033 3590; x_wconf 83' lang='lat'><strong>¹.</strong></span> <span class='ocrx_word' id='word_1_246' title='bbox 1047 3554 1061 3588; x_wconf 80' lang='lat' dir='ltr'><strong>a</strong></span> <span class='ocrx_word' id='word_1_247' title='bbox 1073 3527 1112 3592; x_wconf 84' lang='lat' dir='ltr'><strong>Et</strong></span> <span class='ocrx_word' id='word_1_248' title='bbox 1124 3542 1178 3594; x_wconf 86' lang='lat' dir='ltr'><strong>est</strong></span> <span class='ocrx_word' id='word_1_249' title='bbox 1192 3527 1259 3630; x_wconf 78' lang='lat' dir='ltr'><strong>api-&#39;3</strong></span> 
     </span>
     <span class='ocr_line' id='line_1_31' title="bbox 223 3623 1259 3720; baseline 0.015 -33"><span class='ocrx_word' id='word_1_250' title='bbox 223 3623 296 3688; x_wconf 89' lang='lat' dir='ltr'><strong>dem</strong></span> <span class='ocrx_word' id='word_1_251' title='bbox 318 3624 454 3692; x_wconf 82' lang='lat' dir='ltr'><strong>ebrietas</strong></span> <span class='ocrx_word' id='word_1_252' title='bbox 477 3649 551 3692; x_wconf 88' lang='lat' dir='ltr'><strong>usus</strong></span> <span class='ocrx_word' id='word_1_253' title='bbox 572 3625 635 3693; x_wconf 84' lang='lat' dir='ltr'><strong>vini</strong></span> <span class='ocrx_word' id='word_1_254' title='bbox 665 3627 898 3702; x_wconf 73' lang='lat' dir='ltr'><strong>vehementior:</strong></span> <span class='ocrx_word' id='word_1_255' title='bbox 931 3632 1137 3700; x_wconf 86' lang='lat' dir='ltr'><strong>debacchatio</strong></span> <span class='ocrx_word' id='word_1_256' title='bbox 1168 3631 1259 3720; x_wconf 55' lang='lat' dir='ltr'><strong>ven}</strong></span> 
     </span>
     <span class='ocr_line' id='line_1_32' title="bbox 222 3736 1259 3820; baseline 0.016 -25"><span class='ocrx_word' id='word_1_257' title='bbox 222 3754 293 3818; x_wconf 85' lang='lat' dir='ltr'><strong>quae</strong></span> <span class='ocrx_word' id='word_1_258' title='bbox 308 3754 410 3820; x_wconf 78' lang='lat' dir='ltr'><strong>grance</strong></span> <span class='ocrx_word' id='word_1_259' title='bbox 425 3746 473 3800; x_wconf 86' lang='lat' dir='ltr'><strong>est</strong></span> <span class='ocrx_word' id='word_1_260' title='bbox 484 3743 616 3816; x_wconf 63' lang='lat' dir='ltr'><strong>nepotata,</strong></span> <span class='ocrx_word' id='word_1_261' title='bbox 630 3759 669 3802; x_wconf 86' lang='lat' dir='ltr'><strong>ex</strong></span> <span class='ocrx_word' id='word_1_262' title='bbox 683 3736 781 3802; x_wconf 93' lang='lat' dir='ltr'><strong>nimio</strong></span> <span class='ocrx_word' id='word_1_263' title='bbox 796 3737 860 3804; x_wconf 81' lang='lat' dir='ltr'><strong>vini</strong></span> <span class='ocrx_word' id='word_1_264' title='bbox 874 3762 933 3804; x_wconf 89' lang='lat' dir='ltr'><strong>usu</strong></span> <span class='ocrx_word' id='word_1_265' title='bbox 946 3739 1145 3808; x_wconf 89' lang='lat' dir='ltr'><strong>immodestia</strong></span> <span class='ocrx_word' id='word_1_266' title='bbox 1161 3767 1170 3808; x_wconf 94' lang='lat'><strong>:</strong></span> <span class='ocrx_word' id='word_1_267' title='bbox 1187 3759 1259 3811; x_wconf 79' lang='lat' dir='ltr'><strong>crt·&#39;</strong></span> 
     </span>
     <span class='ocr_line' id='line_1_33' title="bbox 220 3838 1259 3940; baseline 0.016 -35"><span class='ocrx_word' id='word_1_268' title='bbox 220 3838 293 3930; x_wconf 88' lang='lat' dir='ltr'><strong>pola</strong></span> <span class='ocrx_word' id='word_1_269' title='bbox 310 3851 417 3907; x_wconf 87' lang='lat' dir='ltr'><strong>autem</strong></span> <span class='ocrx_word' id='word_1_270' title='bbox 432 3867 503 3931; x_wconf 81' lang='lat' dir='ltr'><strong>quae</strong></span> <span class='ocrx_word' id='word_1_271' title='bbox 518 3851 647 3936; x_wconf 83' lang='lat' dir='ltr'><strong>propter</strong></span> <span class='ocrx_word' id='word_1_272' title='bbox 668 3845 856 3916; x_wconf 86' lang='lat' dir='ltr'><strong>ebrietatem</strong></span> <span class='ocrx_word' id='word_1_273' title='bbox 872 3849 1038 3940; x_wconf 88' lang='lat' dir='ltr'><strong>accipitur,</strong></span> <span class='ocrx_word' id='word_1_274' title='bbox 1054 3850 1204 3926; x_wconf 76' lang='lat' dir='ltr'><strong>molestia</strong></span> <span class='ocrx_word' id='word_1_275' title='bbox 1221 3865 1259 3922; x_wconf 87' lang='lat' dir='ltr'><strong>ot</strong></span> 
     </span>
    </p>
   </div>
   <div class='ocr_carea' id='block_1_5' title="bbox 252 3966 480 4032">
    <p class='ocr_par' dir='ltr' id='par_1_5' title="bbox 252 3966 480 4032">
     <span class='ocr_line' id='line_1_34' title="bbox 252 3966 480 4032; baseline 0.018 -16"><span class='ocrx_word' id='word_1_276' title='bbox 252 3966 346 4019; x_wconf 79' lang='lat' dir='ltr'><strong>¹ltccli.</strong></span> <span class='ocrx_word' id='word_1_277' title='bbox 362 3985 431 4032; x_wconf 77' lang='lat' dir='ltr'><strong>xxxo,</strong></span> <span class='ocrx_word' id='word_1_278' title='bbox 443 3973 480 4020; x_wconf 83' lang='lat' dir='ltr'><strong>oo.</strong></span> 
     </span>
    </p>
   </div>
   <div class='ocr_carea' id='block_1_6' title="bbox 0 0 1266 4608">
    <p class='ocr_par' dir='ltr' id='par_1_6' title="bbox 0 0 1266 4608">
     <span class='ocr_line' id='line_1_35' title="bbox 0 0 1266 4608; baseline 0 2"><span class='ocrx_word' id='word_1_279' title='bbox 0 0 1266 4608; x_wconf 95' lang='lat' dir='ltr'><strong> </strong></span> 
     </span>
    </p>
   </div>
  </div>
 </body>
</html>
