2574 4628
324 291 525 341 cononrsrro
549 291 589 336 sn
611 289 740 336 ornans.
984 269 1042 356 169

23 417 107 484 heris
123 416 262 506 quidem
277 414 378 483 fidem
392 415 528 492 hahetis,
544 413 630 505 quod
646 433 758 480 eorum
771 409 1045 500 intemperantiam

22 529 102 616 sequi
113 529 210 594 vohis
222 528 422 617 propositum
434 528 474 593 sit
486 550 495 593 ε
506 549 576 592 eam
588 549 663 593 vero
673 524 740 592 Deo
752 524 885 613 negatis,
897 521 971 610 quia
982 546 1047 588 mo·
1153 539 1157 558 ¹

22 638 119 704 dente
132 649 237 726 atque
250 640 456 706 continenter
466 639 572 705 rivers
585 637 673 705 haud
688 635 876 703 sustineatis.
893 634 966 714 Quo
976 634 1048 724 l'ac-

21 760 147 825 tumest,
157 749 699 838 utquoesuntpraestantiora,odio;
711 770 781 835 quae
791 769 866 812 vero
877 745 1046 820 deteriora,

21 857 131 922 bonore
147 859 395 948 prosequamini
411 881 421 923 ε
439 871 473 924 et
483 869 677 948 spectatores
692 858 819 946 quidem
832 843 968 931 virtutis,
983 854 1049 921 vitii

20 979 116 1034 sutem
126 967 258 1058 pugiles
274 969 352 1036 sitis.
368 969 527 1050 Quocirca
537 970 601 1035 soli
608 970 715 1058 felices
724 984 813 1044 sunt,
828 980 864 1032 ut
875 967 916 1033 ita
931 965 1047 1040 dicam,

22 1075 67 1141 sus
79 1101 204 1156 mma,
228 1081 391 1146 eruanimi
404 1103 572 1157 amaseam,
591 1091 628 1146 ut
642 1078 770 1170 sibylla
784 1078 887 1147 verbis
902 1089 984 1154 utar,

92 1219 151 1295 Qui
165 1219 228 1278 sibi
241 1220 305 1280 visa
316 1219 384 1280 licet
393 1221 529 1281 divorum
542 1221 650 1303 templa
660 1223 824 1302 negabunt,

92 1322 260 1382 Sardorum
272 1333 301 1380 et
315 1321 446 1401 lapidum
466 1344 530 1402 quae
544 1337 611 1383 sunt
622 1324 723 1383 altaria
733 1323 832 1384 sedes:

96 1425 138 1480 Ex
148 1420 252 1500 lapide
265 1432 296 1480 et
306 1421 441 1482 manibus
455 1423 609 1484 simulacra
618 1425 720 1488 effecta
731 1425 878 1498 virorum,

96 1525 245 1580 Casurum
262 1539 331 1598 qoae
343 1533 412 1581 sunt
427 1523 556 1582 animato
568 1523 672 1584 inlecta
683 1543 805 1600 cruore,

98 1619 350 1701 Quadrupedem,
362 1620 520 1702 bipedum,
533 1631 753 1704 volucrumque,
767 1638 797 1685 et
815 1624 895 1686 casile
909 1625 1044 1685 serarum.

31 1751 88 1819 llos
102 1754 186 1818 enirn
201 1751 290 1819 clare
300 1753 510 1844 prohibemur
520 1754 665 1824 fallacem
674 1757 758 1825 hanc
769 1767 871 1822 artem
886 1778 1051 1823 exercerer

35 1861 79 1950 (ι)
89 1889 102 1922 ι
114 1862 184 1928 Non
192 1862 289 1929 facies
300 1864 406 1940 enim,
422 1865 533 1953 inquit
544 1865 721 1956 Propheta,
737 1867 876 1956 cujusvis
888 1866 934 1932 rei
947 1863 1052 1931 simili-

37 1971 328 2048 studinem,eorum
341 1997 414 2061 quae
426 1977 543 2042 suntin
554 1975 770 2065 celsoque
782 1988 857 2044 sunt
868 1977 900 2043 in
912 1985 995 2042 terra
1006 1975 1052 2042 in·

41 2078 113 2145 sira
122 2079 322 2147 ¹.slltrumne
336 2105 411 2146 sero
422 2081 586 2147 Praxitelis
598 2083 760 2160 Cererem,
776 2097 808 2150 et
818 2083 1050 2174 Proserpinam,

42 2200 75 2254 et
87 2187 229 2256 laoaluun
242 2190 423 2277 mysticum,
436 2212 477 2255 an
488 2191 595 2280 potius
605 2191 735 2280 Lysippi
747 2205 861 2270 artem,
876 2192 925 2260 rel
935 2192 1052 2283 Apellis

40 2319 158 2372 manus,
175 2319 241 2384 quae
256 2298 424 2364 materiam
441 2319 479 2364 ea
498 2297 600 2364 forma
621 2309 787 2375 ornarunt,
812 2300 1054 2386 quae'existima-

38 2406 148 2472 danem
163 2407 331 2473 divinitatis
345 2408 375 2474 ei
394 2407 545 2497 praebuit,
561 2406 637 2472 deos
653 2429 722 2475 esso
737 2407 908 2497 putemus?
921 2408 984 2474 Sed
999 2432 1054 2475 vos

34 2514 154 2602 quidem
175 2515 207 2583 in
227 2515 263 2581 id
276 2538 407 2583 omnem
429 2527 565 2582 vestram
586 2537 698 2582 curam
720 2528 815 2606 atque
835 2517 975 2584 studium
993 2518 1056 2584 im-

32 2625 174 2713 penditis,
195 2637 232 2691 ut
245 2625 425 2715 statua-fiat
444 2645 540 2714 quam
555 2623 769 2714 pulcherrima
778 2648 788 2701 ς
806 2648 919 2714 parum
935 2627 1054 2692 interea

31 2733 161 2811 solliciti,
175 2759 216 2802 ne
232 2735 416 2825 vosmetipsi
426 2719 548 2800 'similes
563 2735 672 2800 statuis
686 2758 743 2823 per
758 2745 920 2825 stuporem
935 2735 1054 2803 efficia-

30 2845 110 2910 mini.
120 2844 240 2912 Verum
252 2845 339 2913 hanc
350 2845 613 2912 consuetudinem
626 2842 762 2912 dilucide
776 2845 948 2912 admodum
958 2858 1054 2934 atque

29 2955 159 3020 breviter
172 2953 289 3021 rekllit
304 2953 368 3021 hoo
386 2953 471 3021 dioto
483 2953 653 3044 Propheta,
668 2953 777 3043 equod
791 2975 900 3021 omnes
917 2955 960 3021 dii
976 2978 1054 3045 gen·

29 3064 128 3134 stium
143 3067 209 3132 sint
221 3065 454 3132 daemoniorum
469 3064 652 3139 simulacra3
670 3065 755 3132 Deus
770 3077 878 3132 autem
896 3064 993 3132 coelos
1008 3065 1056 3130 so-

29 3175 143 3250 »cerit,
155 3185 190 3240 et
207 3197 244 3241 ea
257 3195 327 3262 quae
342 3174 455 3241 suntin
470 3172 551 3242 coelo
558 3173 581 3241 ¹.
597 3203 610 3236 ι
626 3175 709 3242 Hinc
729 3187 835 3241 autem
849 3184 986 3264 arrepta,
1004 3197 1057 3240 ne·

29 3281 159 3370 scioquo
170 3282 283 3359 modo,
296 3282 476 3358 occasione,
486 3280 630 3348 nonnulli
641 3305 679 3349 eo
691 3293 767 3348 sunt
778 3282 894 3348 erroris
905 3280 1055 3371 prolapsi,

31 3391 211 3458 utdirinum
223 3390 408 3467 artificium,
417 3388 659 3468 solem,lunam,
670 3391 891 3480 reliquumque
902 3402 1057 3459 astrorum

33 3501 173 3580 morum,
193 3501 300 3591 potius
324 3522 421 3589 quam
439 3501 543 3591 ipsum
559 3502 676 3579 Deum,
699 3500 870 3592 colerent3¹
884 3525 920 3566 ea
939 3501 1057 3570 scilicet

31 3611 217 3700 prensuras
239 3609 318 3677 deos
339 3611 565 3689 existimantes,
590 3635 661 3701 quae
684 3608 728 3678 nil
752 3609 838 3677 aliud
865 3625 938 3677 sunt
962 3635 1057 3702 quam

32 3717 234 3788 instmmenta
247 3716 514 3806 quasdamquilsus
529 3730 673 3807 tempora
684 3717 919 3786 describuntur:
933 3718 1057 3787 «Verbo

32 3829 138 3894 »enim
147 3829 218 3917 ejus
230 3827 356 3896 firmata
366 3839 452 3905 sunt,
466 3841 500 3894 et
515 3827 627 3917 spiritu
634 3828 698 3894 oris
709 3829 777 3919 ojus
789 3829 889 3898 omnis
896 3831 995 3897 virtus
1007 3852 1059 3894 eo-

61 3952 246 4018 *hod-nd.
257 3955 454 4018 -²l’sal.xcm,
464 3959 487 4008 5.
