<?xml version="1.0" encoding="UTF-8"?>
<!DOCTYPE html PUBLIC "-//W3C//DTD XHTML 1.0 Transitional//EN"
    "http://www.w3.org/TR/xhtml1/DTD/xhtml1-transitional.dtd">
<html xmlns="http://www.w3.org/1999/xhtml" xml:lang="en" lang="en">
 <head>
  <title>
</title>
<meta http-equiv="Content-Type" content="text/html;charset=utf-8" />
  <meta name='ocr-system' content='tesseract 3.04.00' />
  <meta name='ocr-capabilities' content='ocr_page ocr_carea ocr_par ocr_line ocrx_word'/>
</head>
<body>
  <div class='ocr_page' id='page_1' title='image "./collectioselect00guilgoog_0768.png"; bbox 0 0 2478 4594; ppageno 0'>
   <div class='ocr_carea' id='block_1_1' title="bbox 25 269 874 337">
    <p class='ocr_par' dir='ltr' id='par_1_1' title="bbox 25 269 874 337">
     <span class='ocr_line' id='line_1_1' title="bbox 25 269 874 337; baseline -0.008 -18"><span class='ocrx_word' id='word_1_1' title='bbox 25 298 29 310; x_wconf 82' lang='lat'><em>·</em></span> <span class='ocrx_word' id='word_1_2' title='bbox 150 273 214 337; x_wconf 78' lang='lat' dir='ltr'><strong>apo</strong></span> <span class='ocrx_word' id='word_1_3' title='bbox 461 269 635 320; x_wconf 67' lang='lat' dir='ltr'><strong>eutitanus</strong></span> <span class='ocrx_word' id='word_1_4' title='bbox 659 271 874 314; x_wconf 71' lang='lat' dir='ltr'><strong>tonstrinum</strong></span> 
     </span>
    </p>
   </div>
   <div class='ocr_carea' id='block_1_2' title="bbox 50 390 1239 1790">
    <p class='ocr_par' dir='ltr' id='par_1_2' title="bbox 149 390 1239 1570">
     <span class='ocr_line' id='line_1_2' title="bbox 149 390 1187 478; baseline -0.006 -16"><span class='ocrx_word' id='word_1_5' title='bbox 149 391 376 468; x_wconf 65' lang='lat' dir='ltr'><strong>immutes,</strong></span> <span class='ocrx_word' id='word_1_6' title='bbox 392 391 665 458; x_wconf 78' lang='lat' dir='ltr'><strong>omaeshomines</strong></span> <span class='ocrx_word' id='word_1_7' title='bbox 687 393 735 458; x_wconf 89' lang='lat' dir='ltr'><strong>uti</strong></span> <span class='ocrx_word' id='word_1_8' title='bbox 756 391 983 466; x_wconf 67' lang='lat' dir='ltr'><strong>damonibus,</strong></span> <span class='ocrx_word' id='word_1_9' title='bbox 1007 390 1187 478; x_wconf 76' lang='lat' dir='ltr'><strong>quieosse·</strong></span> 
     </span>
     <span class='ocr_line' id='line_1_3' title="bbox 153 500 1185 590; baseline 0.004 -28"><span class='ocrx_word' id='word_1_10' title='bbox 153 512 317 590; x_wconf 78' lang='lat' dir='ltr'><strong>»quuntur</strong></span> <span class='ocrx_word' id='word_1_11' title='bbox 331 524 370 568; x_wconf 90' lang='lat' dir='ltr'><strong>eo</strong></span> <span class='ocrx_word' id='word_1_12' title='bbox 381 513 525 590; x_wconf 79' lang='lat' dir='ltr'><strong>tempore</strong></span> <span class='ocrx_word' id='word_1_13' title='bbox 538 523 604 588; x_wconf 83' lang='lat' dir='ltr'><strong>quo</strong></span> <span class='ocrx_word' id='word_1_14' title='bbox 613 501 754 590; x_wconf 76' lang='lat' dir='ltr'><strong>migrant</strong></span> <span class='ocrx_word' id='word_1_15' title='bbox 771 500 804 568; x_wconf 88' lang='lat' dir='ltr'><strong>iu</strong></span> <span class='ocrx_word' id='word_1_16' title='bbox 818 523 960 589; x_wconf 85' lang='lat' dir='ltr'><strong>corpus,</strong></span> <span class='ocrx_word' id='word_1_17' title='bbox 977 523 1082 586; x_wconf 81' lang='lat' dir='ltr'><strong>quam</strong></span> <span class='ocrx_word' id='word_1_18' title='bbox 1093 521 1185 566; x_wconf 74' lang='lat' dir='ltr'><strong>uma</strong></span> 
     </span>
     <span class='ocr_line' id='line_1_4' title="bbox 150 606 1185 699; baseline -0.005 -21"><span class='ocrx_word' id='word_1_19' title='bbox 150 610 339 699; x_wconf 74' lang='lat' dir='ltr'><strong>»Prophetis</strong></span> <span class='ocrx_word' id='word_1_20' title='bbox 358 610 532 699; x_wconf 73' lang='lat' dir='ltr'><strong>accepisset</strong></span> <span class='ocrx_word' id='word_1_21' title='bbox 553 610 753 686; x_wconf 84' lang='lat' dir='ltr'><strong>doctrinam,</strong></span> <span class='ocrx_word' id='word_1_22' title='bbox 770 621 804 676; x_wconf 84' lang='lat' dir='ltr'><strong>st</strong></span> <span class='ocrx_word' id='word_1_23' title='bbox 817 609 851 676; x_wconf 90' lang='lat' dir='ltr'><strong>in</strong></span> <span class='ocrx_word' id='word_1_24' title='bbox 875 633 953 675; x_wconf 87' lang='lat' dir='ltr'><strong>suos</strong></span> <span class='ocrx_word' id='word_1_25' title='bbox 977 606 1140 674; x_wconf 69' lang='lat' dir='ltr'><strong>retulisset</strong></span> <span class='ocrx_word' id='word_1_26' title='bbox 1158 607 1185 673; x_wconf 72' lang='grc' dir='ltr'><strong>[ι</strong></span> 
     </span>
     <span class='ocr_line' id='line_1_5' title="bbox 152 717 1185 808; baseline 0.004 -26"><span class='ocrx_word' id='word_1_27' title='bbox 152 721 269 796; x_wconf 65' lang='lat' dir='ltr'><strong>ubres,</strong></span> <span class='ocrx_word' id='word_1_28' title='bbox 294 733 490 786; x_wconf 87' lang='lat' dir='ltr'><strong>nontamen</strong></span> <span class='ocrx_word' id='word_1_29' title='bbox 515 719 599 786; x_wconf 84' lang='lat' dir='ltr'><strong>unde</strong></span> <span class='ocrx_word' id='word_1_30' title='bbox 621 719 796 808; x_wconf 72' lang='lat' dir='ltr'><strong>accepisset</strong></span> <span class='ocrx_word' id='word_1_31' title='bbox 816 741 891 784; x_wconf 88' lang='lat' dir='ltr'><strong>eam</strong></span> <span class='ocrx_word' id='word_1_32' title='bbox 917 717 1113 784; x_wconf 82' lang='lat' dir='ltr'><strong>confitetur.</strong></span> <span class='ocrx_word' id='word_1_33' title='bbox 1132 721 1185 786; x_wconf 74' lang='lat' dir='ltr'><strong>»lit</strong></span> 
     </span>
     <span class='ocr_line' id='line_1_6' title="bbox 151 827 1239 917; baseline -0.005 -23"><span class='ocrx_word' id='word_1_34' title='bbox 151 853 259 894; x_wconf 74' lang='lat' dir='ltr'><strong>rursm</strong></span> <span class='ocrx_word' id='word_1_35' title='bbox 275 829 307 894; x_wconf 85' lang='lat' dir='ltr'><strong>in</strong></span> <span class='ocrx_word' id='word_1_36' title='bbox 326 827 469 894; x_wconf 68' lang='lat' dir='ltr'><strong>meando</strong></span> <span class='ocrx_word' id='word_1_37' title='bbox 483 828 629 916; x_wconf 86' lang='lat' dir='ltr'><strong>ejusdem</strong></span> <span class='ocrx_word' id='word_1_38' title='bbox 644 829 747 917; x_wconf 85' lang='lat' dir='ltr'><strong>operis</strong></span> <span class='ocrx_word' id='word_1_39' title='bbox 763 828 810 894; x_wconf 84' lang='lat' dir='ltr'><strong>sic</strong></span> <span class='ocrx_word' id='word_1_40' title='bbox 825 827 961 892; x_wconf 79' lang='lat' dir='ltr'><strong>scribit:</strong></span> <span class='ocrx_word' id='word_1_41' title='bbox 988 827 1185 894; x_wconf 71' lang='lat' dir='ltr'><strong>«Necesisti</strong></span> <span class='ocrx_word' id='word_1_42' title='bbox 1238 886 1239 889; x_wconf 74' lang='grc'>,</span> 
     </span>
     <span class='ocr_line' id='line_1_7' title="bbox 151 935 1185 1025; baseline 0.005 -25"><span class='ocrx_word' id='word_1_43' title='bbox 151 949 239 1005; x_wconf 79' lang='lat' dir='ltr'><strong>»met</strong></span> <span class='ocrx_word' id='word_1_44' title='bbox 254 935 367 1025; x_wconf 84' lang='lat' dir='ltr'><strong>aliquis</strong></span> <span class='ocrx_word' id='word_1_45' title='bbox 378 986 387 1014; x_wconf 93' lang='lat'><strong>,</strong></span> <span class='ocrx_word' id='word_1_46' title='bbox 400 937 488 1024; x_wconf 89' lang='lat' dir='ltr'><strong>quod</strong></span> <span class='ocrx_word' id='word_1_47' title='bbox 504 937 719 1004; x_wconf 87' lang='lat' dir='ltr'><strong>dicimusesse</strong></span> <span class='ocrx_word' id='word_1_48' title='bbox 733 938 902 1025; x_wconf 88' lang='lat' dir='ltr'><strong>proprium</strong></span> <span class='ocrx_word' id='word_1_49' title='bbox 917 935 1126 1014; x_wconf 72' lang='lat' dir='ltr'><strong>stacteum,</strong></span> <span class='ocrx_word' id='word_1_50' title='bbox 1139 938 1185 1005; x_wconf 85' lang='lat' dir='ltr'><strong>hos</strong></span> 
     </span>
     <span class='ocr_line' id='line_1_8' title="bbox 151 1043 1183 1135; baseline 0.007 -28"><span class='ocrx_word' id='word_1_51' title='bbox 151 1045 266 1110; x_wconf 65' lang='lat' dir='ltr'><strong>aluisse</strong></span> <span class='ocrx_word' id='word_1_52' title='bbox 282 1045 474 1132; x_wconf 83' lang='lat' dir='ltr'><strong>praedictum</strong></span> <span class='ocrx_word' id='word_1_53' title='bbox 488 1047 529 1112; x_wconf 84' lang='lat' dir='ltr'><strong>ah</strong></span> <span class='ocrx_word' id='word_1_54' title='bbox 547 1043 705 1133; x_wconf 83' lang='lat' dir='ltr'><strong>aliquibus</strong></span> <span class='ocrx_word' id='word_1_55' title='bbox 718 1044 934 1135; x_wconf 82' lang='lat' dir='ltr'><strong>Philosophia.</strong></span> <span class='ocrx_word' id='word_1_56' title='bbox 957 1045 1036 1112; x_wconf 82' lang='lat' dir='ltr'><strong>Non</strong></span> <span class='ocrx_word' id='word_1_57' title='bbox 1056 1059 1107 1112; x_wconf 86' lang='lat' dir='ltr'><strong>est</strong></span> <span class='ocrx_word' id='word_1_58' title='bbox 1118 1048 1183 1114; x_wconf 74' lang='lat' dir='ltr'><strong>min</strong></span> 
     </span>
     <span class='ocr_line' id='line_1_9' title="bbox 151 1153 1182 1243; baseline 0.006 -27"><span class='ocrx_word' id='word_1_59' title='bbox 151 1153 234 1218; x_wconf 71' lang='lat' dir='ltr'><strong>nhoc</strong></span> <span class='ocrx_word' id='word_1_60' title='bbox 249 1177 363 1220; x_wconf 88' lang='lat' dir='ltr'><strong>eorum</strong></span> <span class='ocrx_word' id='word_1_61' title='bbox 379 1153 564 1230; x_wconf 84' lang='lat' dir='ltr'><strong>inventum,</strong></span> <span class='ocrx_word' id='word_1_62' title='bbox 581 1155 638 1220; x_wconf 81' lang='lat' dir='ltr'><strong>sed</strong></span> <span class='ocrx_word' id='word_1_63' title='bbox 654 1177 730 1226; x_wconf 85' lang='lat' dir='ltr'><strong>cum</strong></span> <span class='ocrx_word' id='word_1_64' title='bbox 743 1155 961 1243; x_wconf 70' lang='lat' dir='ltr'><strong>sumpsissent</strong></span> <span class='ocrx_word' id='word_1_65' title='bbox 978 1180 1000 1222; x_wconf 87' lang='lat' dir='ltr'><strong>a</strong></span> <span class='ocrx_word' id='word_1_66' title='bbox 1014 1156 1182 1243; x_wconf 74' lang='lat' dir='ltr'><strong>Propheh&#39;s,</strong></span> 
     </span>
     <span class='ocr_line' id='line_1_10' title="bbox 151 1262 1182 1353; baseline 0.009 -31"><span class='ocrx_word' id='word_1_67' title='bbox 151 1262 206 1326; x_wconf 78' lang='lat' dir='ltr'><strong>»id</strong></span> <span class='ocrx_word' id='word_1_68' title='bbox 217 1263 401 1328; x_wconf 87' lang='lat' dir='ltr'><strong>tribuerunt</strong></span> <span class='ocrx_word' id='word_1_69' title='bbox 418 1264 447 1327; x_wconf 92' lang='lat' dir='ltr'><strong>ei</strong></span> <span class='ocrx_word' id='word_1_70' title='bbox 470 1264 524 1350; x_wconf 89' lang='lat' dir='ltr'><strong>qni</strong></span> <span class='ocrx_word' id='word_1_71' title='bbox 547 1275 594 1328; x_wconf 86' lang='lat' dir='ltr'><strong>est</strong></span> <span class='ocrx_word' id='word_1_72' title='bbox 609 1265 732 1353; x_wconf 86' lang='lat' dir='ltr'><strong>sapiens</strong></span> <span class='ocrx_word' id='word_1_73' title='bbox 746 1287 786 1328; x_wconf 87' lang='lat' dir='ltr'><strong>ex</strong></span> <span class='ocrx_word' id='word_1_74' title='bbox 800 1285 919 1330; x_wconf 86' lang='lat' dir='ltr'><strong>eorum</strong></span> <span class='ocrx_word' id='word_1_75' title='bbox 942 1267 1182 1331; x_wconf 73' lang='lat' dir='ltr'><strong>senteutiaslit</strong></span> 
     </span>
     <span class='ocr_line' id='line_1_11' title="bbox 151 1370 1180 1462; baseline 0.003 -27"><span class='ocrx_word' id='word_1_76' title='bbox 151 1395 262 1436; x_wconf 89' lang='lat' dir='ltr'><strong>rursus</strong></span> <span class='ocrx_word' id='word_1_77' title='bbox 278 1371 310 1435; x_wconf 92' lang='lat' dir='ltr'><strong>in</strong></span> <span class='ocrx_word' id='word_1_78' title='bbox 324 1371 456 1437; x_wconf 85' lang='lat' dir='ltr'><strong>eodem:</strong></span> <span class='ocrx_word' id='word_1_79' title='bbox 479 1370 575 1438; x_wconf 80' lang='lat' dir='ltr'><strong>«Mihi</strong></span> <span class='ocrx_word' id='word_1_80' title='bbox 588 1372 674 1436; x_wconf 88' lang='lat' dir='ltr'><strong>enim</strong></span> <span class='ocrx_word' id='word_1_81' title='bbox 688 1372 835 1448; x_wconf 78' lang='lat' dir='ltr'><strong>videtur,</strong></span> <span class='ocrx_word' id='word_1_82' title='bbox 852 1385 890 1436; x_wconf 86' lang='lat' dir='ltr'><strong>ut</strong></span> <span class='ocrx_word' id='word_1_83' title='bbox 907 1372 930 1437; x_wconf 91' lang='lat' dir='ltr'><strong>ii</strong></span> <span class='ocrx_word' id='word_1_84' title='bbox 944 1373 1005 1460; x_wconf 90' lang='lat' dir='ltr'><strong>qui</strong></span> <span class='ocrx_word' id='word_1_85' title='bbox 1022 1373 1086 1437; x_wconf 80' lang='lat' dir='ltr'><strong>sibi</strong></span> <span class='ocrx_word' id='word_1_86' title='bbox 1102 1374 1180 1462; x_wconf 81' lang='lat' dir='ltr'><strong>philo</strong></span> 
     </span>
     <span class='ocr_line' id='line_1_12' title="bbox 152 1479 1179 1570; baseline 0.006 -30"><span class='ocrx_word' id='word_1_87' title='bbox 152 1479 319 1570; x_wconf 76' lang='lat' dir='ltr'><strong>»sophiam</strong></span> <span class='ocrx_word' id='word_1_88' title='bbox 333 1480 514 1556; x_wconf 81' lang='lat' dir='ltr'><strong>vindicant,</strong></span> <span class='ocrx_word' id='word_1_89' title='bbox 532 1480 657 1546; x_wconf 82' lang='lat' dir='ltr'><strong>discant</strong></span> <span class='ocrx_word' id='word_1_90' title='bbox 671 1481 749 1569; x_wconf 89' lang='lat' dir='ltr'><strong>quid</strong></span> <span class='ocrx_word' id='word_1_91' title='bbox 764 1482 804 1546; x_wconf 90' lang='lat' dir='ltr'><strong>sit</strong></span> <span class='ocrx_word' id='word_1_92' title='bbox 819 1505 967 1568; x_wconf 89' lang='lat' dir='ltr'><strong>quercus</strong></span> <span class='ocrx_word' id='word_1_93' title='bbox 986 1479 1092 1558; x_wconf 89' lang='lat' dir='ltr'><strong>alata,</strong></span> <span class='ocrx_word' id='word_1_94' title='bbox 1107 1495 1179 1546; x_wconf 83' lang='lat' dir='ltr'><strong>etra-</strong></span> 
     </span>
    </p>

    <p class='ocr_par' dir='ltr' id='par_1_3' title="bbox 50 1585 1239 1790">
     <span class='ocr_line' id='line_1_13' title="bbox 108 1585 1175 1678; baseline 0.003 -27"><span class='ocrx_word' id='word_1_95' title='bbox 108 1667 115 1676; x_wconf 39' lang='lat'><strong>·</strong></span> <span class='ocrx_word' id='word_1_96' title='bbox 152 1589 258 1654; x_wconf 81' lang='lat' dir='ltr'><strong>»rium</strong></span> <span class='ocrx_word' id='word_1_97' title='bbox 271 1589 358 1675; x_wconf 90' lang='lat' dir='ltr'><strong>quod</strong></span> <span class='ocrx_word' id='word_1_98' title='bbox 369 1586 401 1653; x_wconf 90' lang='lat' dir='ltr'><strong>in</strong></span> <span class='ocrx_word' id='word_1_99' title='bbox 413 1612 451 1654; x_wconf 89' lang='lat' dir='ltr'><strong>ea</strong></span> <span class='ocrx_word' id='word_1_100' title='bbox 466 1599 514 1653; x_wconf 86' lang='lat' dir='ltr'><strong>est</strong></span> <span class='ocrx_word' id='word_1_101' title='bbox 525 1585 673 1676; x_wconf 86' lang='lat' dir='ltr'><strong>pallium;</strong></span> <span class='ocrx_word' id='word_1_102' title='bbox 689 1612 758 1676; x_wconf 80' lang='lat' dir='ltr'><strong>quae</strong></span> <span class='ocrx_word' id='word_1_103' title='bbox 775 1590 883 1655; x_wconf 91' lang='lat' dir='ltr'><strong>omnia</strong></span> <span class='ocrx_word' id='word_1_104' title='bbox 900 1589 1175 1678; x_wconf 71' lang='lat' dir='ltr'><strong>Pherecydesads</strong></span> 
     </span>
     <span class='ocr_line' id='line_1_14' title="bbox 50 1696 1239 1790; baseline 0.003 -33"><span class='ocrx_word' id='word_1_105' title='bbox 50 1768 54 1778; x_wconf 31' lang='lat'><strong>¹</strong></span> <span class='ocrx_word' id='word_1_106' title='bbox 150 1698 281 1786; x_wconf 70' lang='lat' dir='ltr'><strong>agerice</strong></span> <span class='ocrx_word' id='word_1_107' title='bbox 297 1698 374 1764; x_wconf 80' lang='lat' dir='ltr'><strong>dixit</strong></span> <span class='ocrx_word' id='word_1_108' title='bbox 383 1697 416 1764; x_wconf 88' lang='lat' dir='ltr'><strong>in</strong></span> <span class='ocrx_word' id='word_1_109' title='bbox 423 1696 613 1786; x_wconf 77' lang='lat' dir='ltr'><strong>Theologia,</strong></span> <span class='ocrx_word' id='word_1_110' title='bbox 629 1721 648 1763; x_wconf 89' lang='lat' dir='ltr'><strong>e</strong></span> <span class='ocrx_word' id='word_1_111' title='bbox 663 1698 776 1764; x_wconf 81' lang='lat' dir='ltr'><strong>(lhami</strong></span> <span class='ocrx_word' id='word_1_112' title='bbox 788 1697 964 1788; x_wconf 75' lang='lat' dir='ltr'><strong>prophetia</strong></span> <span class='ocrx_word' id='word_1_113' title='bbox 981 1701 1045 1766; x_wconf 87' lang='lat' dir='ltr'><strong>ista</strong></span> <span class='ocrx_word' id='word_1_114' title='bbox 1059 1714 1161 1790; x_wconf 56' lang='lat' dir='ltr'><strong>ptam</strong></span> <span class='ocrx_word' id='word_1_115' title='bbox 1238 1718 1239 1775; x_wconf 48' lang='lat' dir='ltr'><strong>l</strong></span> 
     </span>
    </p>
   </div>
   <div class='ocr_carea' id='block_1_3' title="bbox 491 1907 846 1975">
    <p class='ocr_par' dir='ltr' id='par_1_4' title="bbox 491 1907 846 1975">
     <span class='ocr_line' id='line_1_15' title="bbox 491 1907 846 1975; baseline -0.006 0"><span class='ocrx_word' id='word_1_116' title='bbox 491 1907 775 1975; x_wconf 79' lang='lat' dir='ltr'>ARTICULUS</span> <span class='ocrx_word' id='word_1_117' title='bbox 798 1908 846 1974; x_wconf 89' lang='lat'><strong>11.</strong></span> 
     </span>
    </p>
   </div>
   <div class='ocr_carea' id='block_1_4' title="bbox 207 2094 907 2366">
    <p class='ocr_par' dir='ltr' id='par_1_5' title="bbox 207 2094 907 2366">
     <span class='ocr_line' id='line_1_16' title="bbox 435 2094 907 2140; baseline -0.008 -2"><span class='ocrx_word' id='word_1_118' title='bbox 435 2097 474 2138; x_wconf 82' lang='lat' dir='ltr'><strong>DE</strong></span> <span class='ocrx_word' id='word_1_119' title='bbox 499 2095 642 2140; x_wconf 81' lang='lat' dir='ltr'><strong>GllOSl&#39;lCl</strong></span> <span class='ocrx_word' id='word_1_120' title='bbox 667 2094 907 2138; x_wconf 72' lang='lat' dir='ltr'><strong>tttsTthmotttt.</strong></span> 
     </span>
     <span class='ocr_line' id='line_1_17' title="bbox 207 2265 812 2366; baseline -0.002 -30"><span class='ocrx_word' id='word_1_121' title='bbox 207 2271 250 2336; x_wconf 74' lang='grc' dir='ltr'><strong>ι’.</strong></span> <span class='ocrx_word' id='word_1_122' title='bbox 265 2271 366 2338; x_wconf 86' lang='lat' dir='ltr'><strong>Verae</strong></span> <span class='ocrx_word' id='word_1_123' title='bbox 399 2265 635 2366; x_wconf 78' lang='lat' dir='ltr'><strong>philosophias</strong></span> <span class='ocrx_word' id='word_1_124' title='bbox 661 2271 763 2336; x_wconf 89' lang='lat' dir='ltr'><strong>notio</strong></span> <span class='ocrx_word' id='word_1_125' title='bbox 777 2269 788 2303; x_wconf 87' lang='lat'>¹</span> <span class='ocrx_word' id='word_1_126' title='bbox 803 2293 812 2335; x_wconf 92' lang='lat'><strong>:</strong></span> 
     </span>
    </p>
   </div>
   <div class='ocr_carea' id='block_1_5' title="bbox 84 2443 1238 2746">
    <p class='ocr_par' dir='ltr' id='par_1_6' title="bbox 84 2443 1239 2746">
     <span class='ocr_line' id='line_1_18' title="bbox 199 2443 1238 2536; baseline 0.002 -24"><span class='ocrx_word' id='word_1_127' title='bbox 199 2446 393 2536; x_wconf 75' lang='lat' dir='ltr'><strong>Sapientiam</strong></span> <span class='ocrx_word' id='word_1_128' title='bbox 404 2446 564 2534; x_wconf 80' lang='lat' dir='ltr'><strong>(dicimus)</strong></span> <span class='ocrx_word' id='word_1_129' title='bbox 574 2443 706 2512; x_wconf 86' lang='lat' dir='ltr'><strong>solidam</strong></span> <span class='ocrx_word' id='word_1_130' title='bbox 720 2469 826 2510; x_wconf 87' lang='lat' dir='ltr'><strong>rerum</strong></span> <span class='ocrx_word' id='word_1_131' title='bbox 842 2446 1030 2512; x_wconf 84' lang='lat' dir='ltr'><strong>divinarum</strong></span> <span class='ocrx_word' id='word_1_132' title='bbox 1039 2461 1071 2512; x_wconf 89' lang='lat' dir='ltr'><strong>et</strong></span> <span class='ocrx_word' id='word_1_133' title='bbox 1081 2447 1169 2512; x_wconf 85' lang='lat' dir='ltr'><strong>huna·</strong></span> <span class='ocrx_word' id='word_1_134' title='bbox 1237 2469 1238 2514; x_wconf 70' lang='lat'>1</span> 
     </span>
     <span class='ocr_line' id='line_1_19' title="bbox 152 2549 1171 2641; baseline 0 -25"><span class='ocrx_word' id='word_1_135' title='bbox 152 2575 267 2617; x_wconf 88' lang='lat' dir='ltr'><strong>narum</strong></span> <span class='ocrx_word' id='word_1_136' title='bbox 284 2552 516 2641; x_wconf 79' lang='lat' dir='ltr'><strong>cognitionem,</strong></span> <span class='ocrx_word' id='word_1_137' title='bbox 533 2549 658 2615; x_wconf 87' lang='lat' dir='ltr'><strong>firmam</strong></span> <span class='ocrx_word' id='word_1_138' title='bbox 667 2551 837 2638; x_wconf 90' lang='lat' dir='ltr'><strong>quamdam</strong></span> <span class='ocrx_word' id='word_1_139' title='bbox 845 2563 878 2614; x_wconf 88' lang='lat' dir='ltr'><strong>et</strong></span> <span class='ocrx_word' id='word_1_140' title='bbox 893 2550 1067 2628; x_wconf 87' lang='lat' dir='ltr'><strong>stabilem,</strong></span> <span class='ocrx_word' id='word_1_141' title='bbox 1081 2565 1111 2617; x_wconf 90' lang='lat' dir='ltr'><strong>et</strong></span> <span class='ocrx_word' id='word_1_142' title='bbox 1121 2573 1171 2640; x_wconf 75' lang='lat' dir='ltr'><strong>qna</strong></span> 
     </span>
     <span class='ocr_line' id='line_1_20' title="bbox 84 2653 1170 2746; baseline 0.002 -26"><span class='ocrx_word' id='word_1_143' title='bbox 84 2728 88 2738; x_wconf 53' lang='grc'>,</span> <span class='ocrx_word' id='word_1_144' title='bbox 152 2674 217 2720; x_wconf 86' lang='lat' dir='ltr'><strong>non</strong></span> <span class='ocrx_word' id='word_1_145' title='bbox 231 2667 338 2746; x_wconf 84' lang='lat' dir='ltr'><strong>potest</strong></span> <span class='ocrx_word' id='word_1_146' title='bbox 348 2657 496 2722; x_wconf 86' lang='lat' dir='ltr'><strong>excidere</strong></span> <span class='ocrx_word' id='word_1_147' title='bbox 508 2653 842 2745; x_wconf 84' lang='lat' dir='ltr'><strong>comprehensionem,</strong></span> <span class='ocrx_word' id='word_1_148' title='bbox 862 2667 895 2720; x_wconf 88' lang='lat' dir='ltr'><strong>et</strong></span> <span class='ocrx_word' id='word_1_149' title='bbox 911 2680 986 2746; x_wconf 78' lang='lat' dir='ltr'><strong>quae</strong></span> <span class='ocrx_word' id='word_1_150' title='bbox 1003 2660 1170 2724; x_wconf 71' lang='lat' dir='ltr'><strong>continete</strong></span> 
     </span>
    </p>
   </div>
   <div class='ocr_carea' id='block_1_6' title="bbox 150 2763 1238 3834">
    <p class='ocr_par' dir='ltr' id='par_1_7' title="bbox 150 2763 1238 3834">
     <span class='ocr_line' id='line_1_21' title="bbox 153 2763 1238 2856; baseline 0.006 -29"><span class='ocrx_word' id='word_1_151' title='bbox 153 2777 325 2851; x_wconf 75' lang='lat' dir='ltr'><strong>quaesunt,</strong></span> <span class='ocrx_word' id='word_1_152' title='bbox 337 2778 369 2830; x_wconf 90' lang='lat' dir='ltr'><strong>et</strong></span> <span class='ocrx_word' id='word_1_153' title='bbox 378 2765 537 2855; x_wconf 79' lang='lat' dir='ltr'><strong>praeterita</strong></span> <span class='ocrx_word' id='word_1_154' title='bbox 547 2816 556 2840; x_wconf 99' lang='lat'><strong>,</strong></span> <span class='ocrx_word' id='word_1_155' title='bbox 568 2777 600 2830; x_wconf 90' lang='lat' dir='ltr'><strong>et</strong></span> <span class='ocrx_word' id='word_1_156' title='bbox 607 2763 712 2830; x_wconf 75' lang='lat' dir='ltr'><strong>lutura</strong></span> <span class='ocrx_word' id='word_1_157' title='bbox 723 2787 730 2829; x_wconf 91' lang='lat'>:</span> <span class='ocrx_word' id='word_1_158' title='bbox 740 2787 836 2851; x_wconf 85' lang='lat' dir='ltr'><strong>quam</strong></span> <span class='ocrx_word' id='word_1_159' title='bbox 845 2789 902 2830; x_wconf 92' lang='lat' dir='ltr'><strong>nos</strong></span> <span class='ocrx_word' id='word_1_160' title='bbox 913 2766 1028 2832; x_wconf 89' lang='lat' dir='ltr'><strong>docuit</strong></span> <span class='ocrx_word' id='word_1_161' title='bbox 1039 2791 1097 2856; x_wconf 83' lang='lat' dir='ltr'><strong>per</strong></span> <span class='ocrx_word' id='word_1_162' title='bbox 1106 2789 1173 2832; x_wconf 76' lang='lat' dir='ltr'><strong>saun</strong></span> <span class='ocrx_word' id='word_1_163' title='bbox 1237 2779 1238 2782; x_wconf 75' lang='grc'>’</span> 
     </span>
     <span class='ocr_line' id='line_1_22' title="bbox 155 2857 1175 2966; baseline 0 -28"><span class='ocrx_word' id='word_1_164' title='bbox 155 2875 356 2962; x_wconf 79' lang='lat' dir='ltr'><strong>praesentiam</strong></span> <span class='ocrx_word' id='word_1_165' title='bbox 367 2887 399 2940; x_wconf 90' lang='lat' dir='ltr'><strong>et</strong></span> <span class='ocrx_word' id='word_1_166' title='bbox 411 2899 467 2964; x_wconf 85' lang='lat' dir='ltr'><strong>per</strong></span> <span class='ocrx_word' id='word_1_167' title='bbox 481 2871 653 2963; x_wconf 77' lang='lat' dir='ltr'><strong>Prophetas</strong></span> <span class='ocrx_word' id='word_1_168' title='bbox 664 2857 841 2950; x_wconf 84' lang='lat' dir='ltr'><strong>Dominus,</strong></span> <span class='ocrx_word' id='word_1_169' title='bbox 860 2885 974 2964; x_wconf 85' lang='lat' dir='ltr'><strong>estque</strong></span> <span class='ocrx_word' id='word_1_170' title='bbox 992 2877 1175 2966; x_wconf 86' lang='lat' dir='ltr'><strong>ejusmodiut</strong></span> 
     </span>
     <span class='ocr_line' id='line_1_23' title="bbox 155 2981 1174 3073; baseline 0.003 -26"><span class='ocrx_word' id='word_1_171' title='bbox 155 3006 218 3047; x_wconf 89' lang='lat' dir='ltr'><strong>non</strong></span> <span class='ocrx_word' id='word_1_172' title='bbox 230 2983 329 3073; x_wconf 88' lang='lat' dir='ltr'><strong>possit</strong></span> <span class='ocrx_word' id='word_1_173' title='bbox 345 2983 490 3049; x_wconf 86' lang='lat' dir='ltr'><strong>excidere</strong></span> <span class='ocrx_word' id='word_1_174' title='bbox 502 3034 510 3060; x_wconf 93' lang='lat'><strong>,</strong></span> <span class='ocrx_word' id='word_1_175' title='bbox 521 2995 556 3046; x_wconf 90' lang='lat' dir='ltr'><strong>ut</strong></span> <span class='ocrx_word' id='word_1_176' title='bbox 566 3005 635 3070; x_wconf 82' lang='lat' dir='ltr'><strong>quas</strong></span> <span class='ocrx_word' id='word_1_177' title='bbox 648 2981 779 3049; x_wconf 78' lang='lat' dir='ltr'><strong>aVerlJo</strong></span> <span class='ocrx_word' id='word_1_178' title='bbox 792 2983 832 3047; x_wconf 85' lang='lat' dir='ltr'><strong>sit</strong></span> <span class='ocrx_word' id='word_1_179' title='bbox 846 2984 1006 3050; x_wconf 86' lang='lat' dir='ltr'><strong>tradita...</strong></span> <span class='ocrx_word' id='word_1_180' title='bbox 1022 2987 1108 3052; x_wconf 84' lang='lat' dir='ltr'><strong>Hane</strong></span> <span class='ocrx_word' id='word_1_181' title='bbox 1117 3007 1174 3072; x_wconf 69' lang='lat' dir='ltr'><strong>ergo</strong></span> 
     </span>
     <span class='ocr_line' id='line_1_24' title="bbox 152 3089 1176 3180; baseline 0.001 -25"><span class='ocrx_word' id='word_1_182' title='bbox 152 3092 339 3180; x_wconf 84' lang='lat' dir='ltr'><strong>sapientiam</strong></span> <span class='ocrx_word' id='word_1_183' title='bbox 350 3091 546 3180; x_wconf 86' lang='lat' dir='ltr'><strong>concupiscit</strong></span> <span class='ocrx_word' id='word_1_184' title='bbox 561 3089 777 3180; x_wconf 87' lang='lat' dir='ltr'><strong>philosophia,</strong></span> <span class='ocrx_word' id='word_1_185' title='bbox 794 3092 907 3157; x_wconf 82' lang='lat' dir='ltr'><strong>animae</strong></span> <span class='ocrx_word' id='word_1_186' title='bbox 922 3105 956 3157; x_wconf 89' lang='lat' dir='ltr'><strong>et</strong></span> <span class='ocrx_word' id='word_1_187' title='bbox 969 3095 1176 3160; x_wconf 75' lang='lat' dir='ltr'><strong>verbirectitu</strong></span> 
     </span>
     <span class='ocr_line' id='line_1_25' title="bbox 154 3197 1175 3291; baseline 0.005 -28"><span class='ocrx_word' id='word_1_188' title='bbox 154 3199 610 3289; x_wconf 80' lang='lat' dir='ltr'><strong>dinis,etvitaepuritatis:quae</strong></span> <span class='ocrx_word' id='word_1_189' title='bbox 618 3197 1175 3291; x_wconf 81' lang='lat' dir='ltr'><strong>estbenevoleaffcctainsapientiam.</strong></span> 
     </span>
     <span class='ocr_line' id='line_1_26' title="bbox 152 3307 1175 3399; baseline 0.001 -26"><span class='ocrx_word' id='word_1_190' title='bbox 152 3321 187 3373; x_wconf 89' lang='lat' dir='ltr'><strong>et</strong></span> <span class='ocrx_word' id='word_1_191' title='bbox 199 3309 304 3375; x_wconf 89' lang='lat' dir='ltr'><strong>omnia</strong></span> <span class='ocrx_word' id='word_1_192' title='bbox 321 3309 395 3376; x_wconf 87' lang='lat' dir='ltr'><strong>facit</strong></span> <span class='ocrx_word' id='word_1_193' title='bbox 411 3320 446 3374; x_wconf 92' lang='lat' dir='ltr'><strong>ut</strong></span> <span class='ocrx_word' id='word_1_194' title='bbox 462 3332 533 3376; x_wconf 88' lang='lat' dir='ltr'><strong>eam</strong></span> <span class='ocrx_word' id='word_1_195' title='bbox 550 3310 772 3396; x_wconf 77' lang='lat' dir='ltr'><strong>consequatur.</strong></span> <span class='ocrx_word' id='word_1_196' title='bbox 788 3307 975 3398; x_wconf 89' lang='lat' dir='ltr'><strong>Philosophi</strong></span> <span class='ocrx_word' id='word_1_197' title='bbox 988 3325 1094 3378; x_wconf 85' lang='lat' dir='ltr'><strong>autem</strong></span> <span class='ocrx_word' id='word_1_198' title='bbox 1108 3308 1175 3399; x_wconf 85' lang='lat' dir='ltr'><strong>apud</strong></span> 
     </span>
     <span class='ocr_line' id='line_1_27' title="bbox 154 3417 1174 3508; baseline 0.002 -26"><span class='ocrx_word' id='word_1_199' title='bbox 154 3439 213 3482; x_wconf 87' lang='lat' dir='ltr'><strong>nos</strong></span> <span class='ocrx_word' id='word_1_200' title='bbox 229 3419 357 3507; x_wconf 84' lang='lat' dir='ltr'><strong>quidem</strong></span> <span class='ocrx_word' id='word_1_201' title='bbox 375 3419 526 3484; x_wconf 86' lang='lat' dir='ltr'><strong>dicuntur</strong></span> <span class='ocrx_word' id='word_1_202' title='bbox 541 3417 596 3507; x_wconf 90' lang='lat' dir='ltr'><strong>qui</strong></span> <span class='ocrx_word' id='word_1_203' title='bbox 615 3429 720 3484; x_wconf 87' lang='lat' dir='ltr'><strong>amant</strong></span> <span class='ocrx_word' id='word_1_204' title='bbox 736 3418 945 3507; x_wconf 81' lang='lat' dir='ltr'><strong>sapientiam,</strong></span> <span class='ocrx_word' id='word_1_205' title='bbox 970 3445 1043 3508; x_wconf 83' lang='lat' dir='ltr'><strong>quae</strong></span> <span class='ocrx_word' id='word_1_206' title='bbox 1057 3435 1103 3486; x_wconf 79' lang='lat' dir='ltr'><strong>est</strong></span> <span class='ocrx_word' id='word_1_207' title='bbox 1120 3442 1174 3484; x_wconf 81' lang='lat' dir='ltr'><strong>om</strong></span> 
     </span>
     <span class='ocr_line' id='line_1_28' title="bbox 154 3525 1172 3620; baseline 0.006 -31"><span class='ocrx_word' id='word_1_208' title='bbox 154 3526 245 3591; x_wconf 84' lang='lat' dir='ltr'><strong>nium</strong></span> <span class='ocrx_word' id='word_1_209' title='bbox 272 3528 377 3617; x_wconf 81' lang='lat' dir='ltr'><strong>opifex</strong></span> <span class='ocrx_word' id='word_1_210' title='bbox 398 3541 429 3592; x_wconf 87' lang='lat' dir='ltr'><strong>et</strong></span> <span class='ocrx_word' id='word_1_211' title='bbox 450 3526 617 3616; x_wconf 77' lang='lat' dir='ltr'><strong>magistra,</strong></span> <span class='ocrx_word' id='word_1_212' title='bbox 640 3526 703 3592; x_wconf 90' lang='lat' dir='ltr'><strong>hoc</strong></span> <span class='ocrx_word' id='word_1_213' title='bbox 725 3539 788 3602; x_wconf 88' lang='lat' dir='ltr'><strong>est,</strong></span> <span class='ocrx_word' id='word_1_214' title='bbox 807 3525 864 3592; x_wconf 87' lang='lat' dir='ltr'><strong>lilii</strong></span> <span class='ocrx_word' id='word_1_215' title='bbox 881 3528 941 3594; x_wconf 87' lang='lat' dir='ltr'><strong>Dei</strong></span> <span class='ocrx_word' id='word_1_216' title='bbox 968 3531 1172 3620; x_wconf 81' lang='lat' dir='ltr'><strong>cognitionem·</strong></span> 
     </span>
     <span class='ocr_line' id='line_1_29' title="bbox 156 3632 1173 3738; baseline 0 -36"><span class='ocrx_word' id='word_1_217' title='bbox 156 3633 250 3722; x_wconf 76' lang='lat' dir='ltr'><strong>Apud</strong></span> <span class='ocrx_word' id='word_1_218' title='bbox 263 3633 391 3702; x_wconf 68' lang='lat' dir='ltr'><strong>Graecos</strong></span> <span class='ocrx_word' id='word_1_219' title='bbox 405 3649 510 3701; x_wconf 81' lang='lat' dir='ltr'><strong>autom</strong></span> <span class='ocrx_word' id='word_1_220' title='bbox 522 3634 673 3702; x_wconf 88' lang='lat' dir='ltr'><strong>dicuntur</strong></span> <span class='ocrx_word' id='word_1_221' title='bbox 684 3632 885 3738; x_wconf 87' lang='lat' dir='ltr'><strong>Philosophi,</strong></span> <span class='ocrx_word' id='word_1_222' title='bbox 900 3639 957 3726; x_wconf 90' lang='lat' dir='ltr'><strong>qui</strong></span> <span class='ocrx_word' id='word_1_223' title='bbox 970 3639 1173 3728; x_wconf 83' lang='lat' dir='ltr'><strong>disputationes</strong></span> 
     </span>
     <span class='ocr_line' id='line_1_30' title="bbox 150 3739 524 3834; baseline 0.024 -29"><span class='ocrx_word' id='word_1_224' title='bbox 150 3739 195 3805; x_wconf 84' lang='lat' dir='ltr'><strong>&#39;de</strong></span> <span class='ocrx_word' id='word_1_225' title='bbox 213 3743 327 3808; x_wconf 83' lang='lat' dir='ltr'><strong>virtute</strong></span> <span class='ocrx_word' id='word_1_226' title='bbox 339 3744 524 3834; x_wconf 79' lang='lat' dir='ltr'><strong>suscipiunt.</strong></span> 
     </span>
    </p>
   </div>
   <div class='ocr_carea' id='block_1_7' title="bbox 194 3901 430 3973">
    <p class='ocr_par' dir='ltr' id='par_1_8' title="bbox 194 3901 430 3973">
     <span class='ocr_line' id='line_1_31' title="bbox 194 3901 430 3973; baseline 0.017 -21"><span class='ocrx_word' id='word_1_227' title='bbox 194 3901 202 3926; x_wconf 89' lang='lat'>¹</span> <span class='ocrx_word' id='word_1_228' title='bbox 221 3907 276 3970; x_wconf 72' lang='lat' dir='ltr'><strong>Pap.</strong></span> <span class='ocrx_word' id='word_1_229' title='bbox 287 3905 338 3973; x_wconf 86' lang='lat'><strong>767</strong></span> <span class='ocrx_word' id='word_1_230' title='bbox 348 3919 430 3970; x_wconf 81' lang='lat' dir='ltr'><strong>etseq.</strong></span> 
     </span>
    </p>
   </div>
   <div class='ocr_carea' id='block_1_8' title="bbox 0 0 1246 4594">
    <p class='ocr_par' dir='ltr' id='par_1_9' title="bbox 0 0 1246 4594">
     <span class='ocr_line' id='line_1_32' title="bbox 0 0 1246 4594; baseline 0 0"><span class='ocrx_word' id='word_1_231' title='bbox 0 0 1246 4594; x_wconf 95' lang='lat' dir='ltr'><strong> </strong></span> 
     </span>
    </p>
   </div>
  </div>
 </body>
</html>
