2478 4594
372 319 562 370 ιιιοιιιιιιι
584 321 650 366 ιιι.
677 320 734 366 ιιι.
1006 295 1071 362 515

1 416 90 569 {era
112 439 302 518 ministeria,
324 452 357 505 et
377 464 435 530 per
458 439 657 516 doctrinam,
687 450 720 504 et
736 461 797 528 per
818 437 978 504 bonorum
1002 457 1075 524 ope-

38 571 109 615 rum
137 547 350 615 effectionem.
375 549 449 616 lam
478 571 552 614 vero
575 547 744 614 Gnosticus
768 545 908 634 seipsum
932 532 1019 610 creat
1043 555 1076 609 ct

2 652 226 731 fabricatur,
244 655 419 745 quinetiam
435 680 489 722 eos
505 655 558 745 qui
574 656 678 744 ipsum
694 654 843 729 audiunt,
860 664 993 719 exornat
1007 652 1075 718 Deo

0 753 16 779 ’
37 761 146 830 ιίιιίΙὶι
157 764 259 831 lactus
274 787 282 830 ι
297 765 327 830 ei
339 787 454 854 nempe
469 765 523 853 qui
539 775 652 830 natura
667 760 848 853 impatibilis
864 772 931 836 est,
947 760 1077 850 impati—
1112 764 1117 772 '

10 868 23 909 ¹²
37 871 192 939 bilitatcm
203 873 432 939 exercitatione
445 883 681 962 comparatam,
694 870 799 960 quoad
814 869 882 935 fieri
894 877 1017 958 potest,
1032 889 1076 933 as·

0 981 23 1070 ¹³
35 979 195 1057 similans,
217 980 312 1068 idque
335 981 408 1070 quia
433 1005 449 1047 a
470 981 598 1047 Domini
616 979 844 1046 consuetudine
864 990 895 1043 et
911 999 1077 1043 convorsa-

7 1115 9 1118 ·
18 1089 26 1128 '-
35 1087 122 1154 tione
137 1089 268 1155 minime
278 1101 384 1179 potest
396 1087 496 1155 avelli.
515 1088 725 1155 Mansuetudo
742 1099 847 1156 autem
859 1137 868 1162 ,
881 1097 917 1150 ut
932 1108 991 1174 ego
1002 1085 1076 1174 qui-

0 1197 25 1220 ²*
36 1195 112 1264 alem
128 1197 259 1286 opinor,
275 1209 308 1262 et
318 1197 515 1286 benignitas,
528 1209 560 1262 et
571 1197 685 1263 eximia
700 1197 733 1263 in
748 1196 853 1262 Deum
868 1194 984 1283 pietas,
1002 1203 1076 1256 sunt

18 1301 155 1394 regula
170 1304 400 1372 assimilationis
418 1305 586 1372 Gnosticae.
612 1305 676 1370 llas
695 1327 756 1393 ego
773 1303 846 1369 dico
862 1303 992 1368 virtutes
1007 1323 1076 1365 esse

1 1413 221 1500 Μιιιστὶιῖσὶιιιι
241 1412 308 1479 Deo
325 1425 446 1501 gratum
468 1424 497 1477 et
513 1425 682 1498 occeptum,
702 1435 755 1478 cor
775 1435 795 1474 a
815 1412 898 1502 sorta
919 1407 1074 1474 oliorum¹

5 1540 19 1561 ⁴*
36 1542 116 1586 cum
124 1521 359 1596 rectascientia,
369 1521 494 1585 dicente
503 1520 681 1608 Scriptura,
690 1541 758 1586 esse
766 1515 1074 1594 Deilolocoostomss
1086 1503 1089 1512 ¹

13 1635 114 1694 cum
125 1651 316 1716 quicumque
324 1652 362 1694 ex
373 1627 556 1694 hommhus
567 1641 748 1717 assumptus
757 1639 805 1694 est
814 1628 854 1694 ad
862 1625 1075 1702 sanctitatem

2 1733 233 1815 ‚attaminatur
249 1737 288 1802 ad
303 1759 373 1802 eam
386 1759 456 1823 quae
469 1715 606 1801 discerni
618 1759 682 1801 non
698 1746 803 1824 potest
816 1735 981 1799 unionem.
996 1734 1077 1800 Nam

34 1843 158 1931 seipsos
176 1841 313 1930 redigere
333 1843 363 1906 in
381 1842 602 1927 captivitatem,
626 1854 659 1908 et
680 1843 798 1930 seipsos
812 1841 1014 1918 interimere,
1035 1863 1080 1906 oe·

0 1949 24 2005 ,t
36 1949 99 2016 teri
115 1949 165 2037 qui
180 1973 235 2038 per
246 1948 422 2033 cupiditates
439 1949 662 2035 corrumpitur,
683 1949 800 2014 bomine
813 1949 981 2015 interfecto
993 2001 1001 2027 ,
1015 1937 1080 2015 ¹no-

0 2073 144 2146 tzvoque
163 2059 313 2124 suscitato
326 2081 342 2122 a
357 2056 448 2122 aeteri
465 2057 575 2123 mortis
596 2057 818 2124 conuersatione
838 2058 869 2134 ¹,
888 2071 921 2124 et
936 2059 1081 2148 Evange-

1 2173 25 2209 ιι
36 2165 120 2233 lium
132 2167 224 2255 jubet
234 2176 267 2230 et
278 2164 447 2255 Apostolus
458 2216 467 2243 ,
480 2165 628 2255 depositis
639 2189 714 2232 cum
726 2179 857 2255 peccato
869 2167 1079 2257 perturbatio-

10 2274 135 2344 tuitus
145 2274 253 2340 animi.
269 2275 339 2339 lloe
351 2285 418 2339 erat
433 2273 519 2362 qnod
533 2274 598 2341 Lex
613 2297 739 2363 quoque
754 2275 850 2340 tacite
866 2275 1079 2363 significabat,

0 2425 24 2454 ι
36 2383 157 2472 jubens
169 2392 371 2470 peccatorem
384 2378 450 2446 tolli
462 2381 502 2446 de
518 2381 641 2456 medio,
658 2393 690 2446 et
707 2393 839 2447 amorte
853 2383 1000 2448 advitam
1016 2395 1082 2448 tra-

0 2532 23 2562 ,ι
38 2489 137 2564 (luci,
155 2486 218 2554 hoc
232 2500 280 2553 est
296 2487 579 2576 impatibilitatem,
594 2513 666 2576 quae
681 2511 720 2554 ex
737 2488 800 2554 lide
813 2489 968 2578 provenit.
986 2473 1082 2571 Quod

1 2611 21 2672 t:
38 2619 118 2664 cum
131 2619 196 2662 non
205 2595 416 2685 intelligerent
430 2597 450 2660 ii
463 2597 515 2684 qui
528 2597 644 2686 Legem
654 2596 832 2673 docebant,
847 2599 965 2686 Legem
978 2609 1085 2662 autem

9 2745 21 2785 ι
38 2703 258 2794 accepissent,
276 2727 313 2770 ac
328 2705 353 2770 si
370 2704 614 2770 contentionum
627 2705 718 2770 daret
733 2729 840 2782 ansas,
860 2691 1016 2774 dederunt
1029 2701 1086 2772 oc·
1179 2687 1185 2698 ⁸

6 2813 206 2893 ,maionem
227 2812 263 2876 iis
286 2813 339 2900 qui
363 2835 435 2878 cam
459 2825 578 2877 temere
598 2811 707 2878 volunt
730 2807 927 2879 calumniari.
949 2815 1085 2903 Propter

0 2970 18 3002 ,
40 2941 147 3007 quarn
160 2941 286 2984 causam
301 2921 416 2985 merito
428 2943 485 2985 nos
496 2921 565 2986 Deo
578 2944 642 2985 non
656 2920 872 2986 sacrificamus
883 2923 956 3010 ,qui
968 2919 1086 2987 nullius

4 3054 16 3115 ι.
40 3025 188 3115 indiget,
208 3038 241 3091 et
257 3027 362 3092 omnia
383 3027 518 3116 praebuit
536 3027 740 3094 hominibus:
758 3028 814 3094 sed
835 3051 909 3094 eum
926 3027 1086 3118 glorifica-

4 3187 10 3225 :
41 3152 122 3200 mus
137 3132 193 3221 qui
207 3145 255 3197 est
270 3156 327 3220 pro
342 3133 433 3198 nobis
448 3134 663 3212 sacrificatus,
675 3135 832 3226 nosipsos
837 3135 1084 3212 sacrificantes,

2 3295 8 3334 ,
44 3241 92 3308 ad
107 3241 141 3306 td
152 3241 238 3328 quod
249 3252 297 3306 est
309 3237 425 3306 nullius
437 3241 598 3330 indigens
613 3267 652 3308 ex
664 3268 704 3309 eo
713 3244 808 3368 quod
814 3241 931 3310 nulllus
944 3244 1086 3334 indiget
1180 3279 1185 3288 ·

1 3421 3 3439 Ι
42 3361 84 3416 et
99 3351 140 3415 ab
156 3347 323 3439 impatibili
340 3349 380 3415 ad
395 3349 427 3412 id
443 3349 529 3437 quod
547 3361 594 3415 est
609 3329 799 3440 impatibile.
819 3353 905 3419 Deus
921 3353 1006 3421 enim
1022 3351 1086 3418 sola

43 3469 159 3526 nostra
179 3455 279 3523 salute
303 3456 489 3522 delectatur.
514 3456 625 3522 Merito
640 3481 715 3548 ergo
730 3461 760 3525 ei
780 3484 845 3526 non
860 3459 1021 3527 offerimus
1038 3483 1083 3527 sa-

1 3626 2 3630 ,
44 3565 226 3642 orificium,
242 3565 296 3655 qui
312 3589 376 3631 non
395 3566 532 3631 vincitur
549 3591 566 3632 a
583 3565 815 3657 voluptatibus,
838 3592 913 3635 cum
932 3567 1079 3645 inferius,

45 3699 112 3746 nec
124 3697 222 3764 usquo
239 3675 278 3740 ad
293 3675 500 3741 crassissimas
510 3676 674 3764 perveniat
689 3679 810 3754 nubes,
828 3676 922 3768 longo
940 3678 1035 3745 etiam
1047 3681 1088 3746 ab

89 3833 258 3904 'Philſtrprr
273 3835 354 3887 18.-
365 3834 503 3900 ’.,ΡιιΙιι
525 3853 567 3906 17,
588 3838 777 3902 spa-'lim
792 3835 1090 3910 v1,6,7..aCorx,5.

49 3925 190 3993 Ephes.1v,
201 3941 251 3984 aa,
264 3921 296 3976 23
307 3934 366 3989 ,.at
377 3923 473 3976 Coloss.
488 3941 534 3988 ur,
547 3925 562 3976 8
571 3942 619 3990 ,9
631 3937 677 3976 etc.
