2412 4596
307 267 496 322 amonarra
518 271 579 320 nm.
606 273 629 348 ι.
675 295 677 302 -
751 321 753 327 ¹
941 257 988 346 49

15 396 119 490 ‚binae
134 392 257 474 'budes,
282 417 341 464 nee
366 397 633 488 vituperationes,
651 418 714 466 neo
737 395 898 475 bonores,
928 419 990 470 noo

15 505 122 597 ‘applicia
137 506 213 596 juata
233 518 319 583 aunt,
345 505 370 571 si
394 507 498 572 anima
518 529 584 572 non
599 505 717 573 babeat
732 505 866 574 liberam
882 519 991 597 potos—

15 627 77 684 rtem
88 625 117 680 et
130 616 286 704 appetendi
304 626 337 680 et
352 615 548 691 abstinendi,
565 615 669 682 sedsit
683 615 796 700 vitium
811 615 992 685 involunta-

15 722 72 792 bm.
91 723 171 790 Unde
192 724 243 814 qui
260 723 422 814 prohibuit
444 725 591 814 quidem,
608 747 703 792 eausa
719 737 768 792 est
783 727 860 816 :qui
882 737 992 794 autem

15 831 203 922 abprobibuit
223 845 315 922 atque
336 834 498 924 impediit,
515 831 648 901 liberam
665 835 777 902 animae
802 834 992 904 electionem

15 953 65 1010 nte
75 939 202 1030 judicat:
219 954 255 1008 ut
270 940 319 1008 vel
341 943 478 1010 maxime
502 942 630 1032 quidem
651 944 738 1010 Deus
758 945 850 1012 nobis
867 968 933 1014 non
952 945 995 1012 eit

15 1073 73 1126 ausa
85 1049 152 1118 titii.
170 1051 326 1132 Quoniam
342 1063 449 1118 autem
464 1050 565 1118 libera
581 1050 695 1120 electio
713 1065 746 1119 et
761 1053 911 1144 appetitio
922 1077 995 1144 pec·

15 1170 54 1228 ata
65 1159 186 1248 primum
199 1159 344 1238 inchoat,
357 1159 434 1227 falsa
450 1171 557 1228 autem
570 1185 800 1252 nonnunquam
813 1163 997 1231 dominatur

15 1267 100 1358 pinio,
115 1291 216 1356 aqua,
241 1291 316 1340 eum
339 1269 514 1358 ignorantia
532 1281 566 1335 et
584 1270 741 1360 imperitia
760 1272 821 1350 sit,
844 1272 996 1340 recedere

15 1373 170 1465 egligimue,
188 1376 258 1466 jure
283 1375 472 1468 infliguntur
496 1376 660 1468 supplicia.
688 1379 821 1448 Febrim
844 1377 930 1449 enim
949 1393 998 1448 est

15 1481 228 1563 uoluntarium,
245 1484 302 1552 aed
317 1509 393 1555 oum
405 1487 474 1576 quis
485 1509 543 1576 per
555 1510 589 1554 ae
598 1499 769 1579 etpropter
780 1513 871 1557 suam
883 1491 999 1558 intem-

15 1594 142 1682 prantiam
155 1595 313 1673 febrierit,
329 1617 404 1664 eum
421 1595 694 1686 reprehendimur.
722 1597 841 1688 Utpote
859 1623 935 1666 eum
948 1599 999 1666 in-

15 1699 176 1770 nbratarium
204 1704 271 1794 jam
291 1705 340 1770 'sit
356 1703 477 1772 malum
495 1728 504 1770 ε
519 1727 614 1774 nemo
635 1707 722 1774 enim
743 1706 866 1774 malum
889 1707 999 1797 eligit,

15 1821 125 1898 monus
139 1810 256 1880 malum
272 1836 281 1880 ε
299 1811 355 1878 sed
369 1813 526 1882 abductus
541 1816 580 1887 ab
599 1837 655 1892 ea,
673 1837 742 1904 quae
757 1815 839 1882 ineat
855 1817 888 1882 in
905 1817 1000 1908 ipso,

15 1913 143 2008 tdrptate,
158 1921 191 1988 id
209 1923 333 1991 bonum
351 1933 455 2000 ratus,
472 1923 711 2012 suscipiendum
730 1923 899 1992 existimat.
921 1926 1002 2006 Qure

15 2027 105 2095 nnita
117 2053 147 2096 ae
163 2027 322 2109 habeant,
344 2043 376 2098 et
399 2030 528 2100 liberari
546 2034 586 2098 ab
604 2032 820 2121 ignoratione,
836 2045 869 2100 et
885 2058 903 2100 a
919 2032 1002 2104 mala

15 2133 189 2208 ttdeleotabili
211 2138 388 2216 electione;
406 2151 441 2205 et
457 2151 532 2208 ante
547 2141 652 2208 omnia
676 2165 741 2208 non
759 2141 904 2214 assentiri
917 2139 1003 2209 falla·

15 2241 72 2312 aba
82 2244 133 2314 illis
142 2247 316 2340 phantasiis
327 2261 359 2316 et
372 2249 463 2326 visis,
481 2248 578 2317 situm
596 2249 690 2316 estin
710 2262 818 2318 nostra
832 2261 1008 2340 potestates

15 2349 76 2420 btro
89 2368 186 2424 autem
201 2354 240 2424 et'
255 2359 311 2451 for
334 2357 452 2426 dicitur
465 2355 638 2436 Diabolus,
655 2358 710 2448 qui
725 2358 889 2448 prophetis
908 2381 1005 2449 pseu·-

15 2453 372 2553 itprophetnaadmioeuit,
382 2478 533 2556 tanquam
543 2467 704 2534 frumento
715 2467 846 2534 zizania,
863 2467 1006 2535 «Omnes

15 2587 92 2660 rotgo,
115 2576 165 2664 qui
183 2575 316 2642 fuerunt
335 2587 408 2642 ante
421 2576 615 2653 Dominum,
633 2574 718 2642 fures
737 2589 770 2644 et
784 2575 999 2654 latronea¹,a

15 2681 192 2752 onabroluto
214 2697 324 2754 autem
346 2707 455 2752 omnes
474 2684 639 2763 homines,
664 2687 721 2752 red
738 2707 848 2754 omnes
870 2685 1006 2776 pseudo-

15 2786 150 2876 epheta,
166 2806 198 2860 et
210 2817 339 2873 omnes,
359 2794 413 2882 qui
431 2816 497 2861 non
516 2783 645 2884 proprie
663 2795 785 2886 abipso
809 2795 896 2862 mis'si
917 2803 1002 2861 aunt.

15 2889 158 2968 tabuermt
178 2915 286 2970 autem
305 2900 589 2994 pseudoprophetae
610 2927 738 2994 quoque
757 2903 898 2980 furtum,
917 2900 1006 2992 quod

15 3003 133 3092 tttphetae
152 3010 355 3080 dicerentur:
369 3033 444 3078 oum
462 3011 632 3102 prophetae'
648 3013 777 3103 quidem
800 3024 925 3089 essent,
949 3009 1007 3077 sed

15 3107 69 3196 titt,
82 3119 131 3206 qni
141 3131 188 3186 est
200 3121 348 3188 mendax.
365 3121 451 3188 Dicit
461 3121 547 3188 enim
565 3121 739 3188 Dominus:
761 3119 904 3192 «Vosex
915 3131 1007 3210 patre

15 3233 102 3291 »rano
112 3226 558 3307 Diahotoestis,atdesideria
570 3229 775 3319 patrisvestri
787 3227 1004 3297 vultisfacere.

15 3323 64 3394 'lile
84 3331 237 3410 bomioida
255 3351 324 3405 erat
348 3339 389 3405 ab
415 3336 525 3414 initio,
548 3339 636 3404 etin
659 3339 791 3406 veritate
815 3331 882 3404 non
901 3337 1007 3414 stetit,

15 3442 147 3524 *ponam
166 3470 233 3514 non
249 3446 346 3514 estin
365 3447 433 3536 ipso
452 3445 576 3514 veritas.
600 3445 682 3514 Cum
701 3445 826 3513 loeutus
844 3445 940 3512 fuerit
952 3443 1009 3513 sal-

15 3563 92 3627 tum,
106 3575 143 3619 ex
155 3555 291 3646 propriis
302 3552 459 3643 loquitur,
481 3555 631 3644 quoniam
643 3556 781 3622 mendax
795 3566 861 3632 est,
873 3567 906 3620 et
917 3567 1009 3647 pater

15 3653 76 3742 ttius
87 3659 108 3726 ².
122 3663 183 3730 ‚ln
197 3663 281 3731 fabis
297 3676 403 3732 autem
415 3687 490 3732 vera
504 3687 631 3754 quoque
644 3664 747 3754 aliqua
759 3663 907 3730 dicebant
918 3687 1009 3756 pseu-

15 3757 191 3858 ioprophetae.
207 3774 247 3840 Et
261 3773 282 3840 ii
297 3797 406 3842 revera
421 3772 654 3866 prophetabant
670 3773 703 3848 in
725 3771 839 3853 extasi,
858 3785 893 3840 ut
909 3772 1010 3862 Apos-

30 3887 42 3966 ξ
52 3895 116 3950 tau.
125 3919 156 3972 a,
168 3907 192 3984 t.
203 3931 237 3986 ⁸.
246 3902 256 3932 ¹
265 3905 372 3984 ttqm,
385 3914 428 3970 aa.

74 4009 111 4059 rr.
858 3995 926 4076 l.-
1044 4006 1046 4014 “
