2570 4614
343 291 539 346 ranaooeus,
563 294 635 336 nra..
651 293 673 336 ι.
960 273 1015 338 atis

37 425 251 502 pat,sanumee
262 412 693 500 rerumbominemreparans
704 431 743 478 ae
755 412 935 480 restituens.
950 413 1023 480 Junr
1147 443 1149 452 ¹

37 547 86 590 sero
95 521 252 588 admonitio
265 532 312 588 est
326 517 421 587 veluti
435 521 579 611 quaedem
592 520 682 586 diaeto
699 523 880 610 aegrotantis
895 524 1022 600 animm,

37 655 83 722 {use
103 653 135 696 ea
154 655 218 720 quae
242 643 315 698 sunt
341 632 492 699 sumenda
514 630 664 708 consulit,
689 643 722 698 et
745 656 816 720 quae
837 657 905 700 non
935 647 1022 712 eunt,
1109 715 1116 730 ι

37 741 154 810 rubbes.
170 741 242 810 Haeo
257 751 366 807 autem
378 740 485 807 omnia
502 740 637 807 tendunt
652 739 841 808 adsalutem
858 753 891 808 et
905 742 1023 808 sanita-

37 875 78 918 εει
95 863 239 918 eternam.
260 850 443 929 Quinetiam
468 850 532 916 dux
557 852 728 927 exercitus,
749 873 824 918 eum
842 853 875 919 in
893 877 948 918 eos
966 855 1022 942 qui

37 959 185 1028 nteflctum
200 961 407 1038 admiserunt,
425 974 458 1027 et
479 960 607 1028 mulctis
625 962 827 1050 pecuniariis,
851 975 884 1028 et
905 964 1020 1053 poenis,

37 1093 81 1160 pa
97 1093 161 1136 eum
175 1069 301 1142 vineolis
316 1083 350 1137 et
367 1084 507 1138 extrema
527 1071 699 1162 ignominia
724 1073 764 1139 ed
782 1095 898 1162 eorpus
921 1097 1022 1161 usque

37 1180 179 1270 peruadunt.
190 1181 424 1257 animadvertit,
439 1193 472 1247 et
491 1180 661 1248 nonnullos
679 1182 776 1250 etiam
791 1206 1022 1271 nonnunquam

37 1302 108 1356 uode
119 1291 209 1378 punit,
224 1289 320 1358 finem
339 1292 437 1359 habet
453 1292 485 1358 id
507 1292 594 1381 quod
610 1294 733 1362 bonum
749 1303 810 1370 est,
830 1303 865 1360 ut
884 1294 937 1380 qui
951 1294 1022 1383 ejus

37 1399 132 1487 inperio
145 1401 281 1479 subsunt,
304 1403 404 1470 duces
427 1404 668 1469 admoneantur.
695 1403 742 1469 Ito
769 1403 865 1470 etiam
889 1427 1021 1494 magnus

37 1505 71 1575 tte
84 1521 170 1574 noster
187 1513 374 1600 Imperator,
394 1514 614 1580 universorum
633 1512 698 1578 dux
715 1511 872 1590 Verbum,
890 1537 945 1582 eos
964 1515 1020 1603 qui

37 1641 80 1684 m
93 1619 141 1708 legi
154 1643 211 1686 non
226 1635 352 1712 parent,
367 1637 403 1688 ut
419 1650 437 1692 a
454 1624 604 1690 servitute
620 1635 653 1690 et
667 1647 789 1701 errore,
801 1637 834 1691 et
851 1627 890 1690 ab
908 1624 1022 1690 adrer-

37 1729 85 1792 rarii
99 1731 252 1819 captivitate
269 1732 462 1811 liberentur,
485 1746 519 1799 ut
541 1734 638 1800 animi
656 1735 912 1823 perturbationes
928 1741 1021 1802 eoe'r-

37 1839 270 1919 uemtsdmonens,
282 1843 325 1910 ud
342 1867 464 1911 onerem
477 1843 657 1934 reipublicae
669 1844 877 1912 concordiam
887 1843 1021 1934 pacifice

37 1945 145 2014 utnon
156 1949 425 2030 Quemadmodum
436 1978 512 2044 ergo
522 1955 656 2022 orationi
672 1956 821 2021 suasoriae
832 1955 1020 2045 adjunctum

38 2068 77 2122 ast
88 2079 165 2144 genus
176 2061 415 2130 cohortatoriam
427 2077 460 2130 et
472 2065 693 2140 monitorium,
706 2065 748 2129 ita
759 2067 856 2134 etiam
874 2064 1020 2132 laudato·

38 2165 82 2238 tdae
91 2167 307 2258 vituperatorium
322 2187 358 2241 et
369 2176 657 2264 exprobratorium.
668 2177 837 2242 Estautem
848 2177 910 2243 hoe
922 2199 1020 2266 genus

38 2295 80 2342 tra
92 2281 202 2364 quedam
220 2285 472 2375 reprehensoria.
488 2283 724 2354 Benevolentise
739 2297 859 2363 autem,
875 2309 941 2352 non
957 2285 1021 2353 odii

39 2382 134 2474 sunum
143 2402 191 2468 est,
202 2396 444 2484 reprehendero.
460 2394 567 2463 Ambo
581 2395 668 2462 enim
682 2397 839 2486 probrum
853 2396 1022 2484 objiciunt,

38 2505 62 2558 et
74 2499 166 2567 amicus
178 2517 206 2568 et
216 2505 378 2580 inimicum
396 2506 453 2572 sed
469 2505 619 2572 inimicus
634 2504 764 2596 quidem
777 2505 925 2582 irridens,
940 2507 1023 2574 ami-

38 2625 78 2673 ma
93 2619 178 2676 autem
189 2613 388 2682 benevolens.
411 2615 482 2682 Non
498 2639 576 2705 ergo
591 2628 721 2705 propter
740 2615 850 2681 odium
865 2615 1021 2682 Dominus
1063 2691 1065 2696 ,

38 2709 144 2784 nmine
153 2721 312 2814 vituperat,
326 2749 405 2813 quos
416 2725 893 2816 eumpropternostraipsorum
901 2723 1019 2792 seelera

39 2815 140 2894 ioubset
147 2833 280 2920 perdere,
296 2836 367 2924 ipse
380 2859 439 2924 pro
451 2835 542 2902 nobis
553 2836 650 2902 etiam
662 2860 770 2926 passus
788 2849 847 2901 est.
862 2837 942 2904 Nem
954 2847 1008 2902 tan

39 2939 197 3020 mambonus
205 2945 408 3036 pedagogus,
420 2946 595 3012 admodum
611 2945 780 3014 artificiose
794 2945 843 3014 rel
851 2969 909 3036 per
920 2945 1022 3012 meie-

39 3037 411 3145 dictumadrituperandum
420 3057 542 3145 irrepit,
552 3055 722 3124 maledicto
734 3068 885 3144 tanquam
895 3052 1022 3144 flagello

39 3154 296 3242 muneratam
313 3167 465 3234 excitans.
483 3165 603 3232 Rursus
619 3179 727 3232 autem
742 3167 874 3233 eosdem
887 3165 1024 3232 vicissim

40 3275 136 3332 meatur
147 3273 306 3342 adhortari.
323 3277 413 3358 Quos
432 3277 519 3343 enim
536 3275 603 3343 laus
622 3301 687 3343 non
705 3278 818 3353 movit,
840 3299 895 3342 eos
913 3274 1024 3340 incitat
1072 3329 1074 3334 ,

40 3367 182 3462 dupondio
192 3405 199 3447 :
209 3397 240 3450 et
253 3410 334 3475 quoa
345 3399 497 3475 tanquam
508 3398 651 3452 mortuos
665 3385 854 3474 vituperatio
866 3407 930 3449 nen
943 3385 1023 3450 exei-

40 3487 72 3572 ,¹⁸¹
82 3485 111 3550 ad
122 3487 252 3574 sdutem,
262 3521 319 3565 eoa
335 3500 376 3566 ad
396 3501 561 3565 veritatem
576 3497 789 3588 expergefacit
804 3493 1018 3562 meledictum.

40 3589 170 3688 attagen
183 3608 318 3674 enimet
336 3608 499 3699 disciplina
518 3611 551 3676 in
574 3608 661 3674 omni
681 3621 826 3696 tempore
848 3606 1018 3696 sapientiae·

41 3701 103 3781 ’Qui
112 3721 210 3782 usum
224 3717 430 3808 conglutinat,
448 3733 480 3785 et
490 3719 629 3796 ¹stultum
644 3717 752 3794 docet,
765 3716 954 3793 adsensum,
969 3718 1023 3782 in·

41 3813 120 3896 'ttfb
139 3831 244 3892 terram
262 3827 393 3905 ducens,
416 3839 448 3894 et
467 3851 543 3896 eum
562 3828 616 3916 qui
636 3839 684 3894 est
709 3826 890 3918 desperatus
905 3849 1024 3894 aenens

41 3921 90 3988 ’td
101 3931 290 4014 prudentiam.
308 3970 321 4005 s
339 3940 509 4032 Propterea
525 3951 633 4031 aperte
648 3938 827 4029 subjunxit:
848 3937 1024 4005 «Excitans
