2596 4602
405 265 595 310 srnousruu
618 267 680 310 cut.
708 267 754 309 ut.
1040 269 1101 332 127

45 389 83 452 in
109 389 358 454 resurrectione.
386 388 560 469 Quomodo
584 411 663 477 ergo
682 387 847 463 esuriunt,
872 401 905 453 et
924 389 1052 466 sitiunt,
1069 401 1102 454 et

51 497 159 561 carnis
175 497 342 585 patiuntur
354 494 557 572 affectiones,
576 508 609 560 et
621 494 701 572 alia,
719 519 789 584 quae
801 497 1031 584 nonpatietur,
1045 498 1101 584 qui

48 626 114 692 per
130 603 298 670 Christum
319 598 444 692 accedit
458 603 652 692 perlectam,
672 626 742 691 quae
755 616 921 691 speratur,
940 627 1103 670 resurrec-

50 711 203 776 tionem?
225 711 409 794 Quinetiam
428 711 469 786 ii,
487 711 540 797 qui
562 708 671 776 colunt
690 709 790 787 idola,
812 711 924 776 acibis
939 723 972 775 et
988 733 1102 777 venere

53 819 229 884 abstinent.
259 819 333 885 Nou
359 831 403 884 est
432 829 560 894 autem,
593 818 715 904 inquit,
747 841 875 906 regnum
896 817 958 882 Det
981 819 1103 884 cibasset

49 938 141 1010 potus
156 925 181 987 ¹.
202 927 297 991 Certe
312 926 410 1014 Magis
429 947 556 1014 quoque
579 947 663 991 curae
677 937 744 1000 est,
762 927 816 1015 qui
839 924 976 1014 Angelos
991 925 1103 992 colunt

54 1044 91 1097 et
107 1033 301 1110 Daemones,
318 1031 412 1100 simul
431 1033 538 1099 avino
561 1043 594 1097 ct
609 1033 753 1099 animatis
769 1045 802 1098 et
824 1035 919 1098 rebus
942 1035 1102 1100 abstinere

55 1142 213 1207 venereis.
229 1140 511 1223 Quemadmodum
528 1151 635 1206 autem
646 1139 809 1207 humilitas
820 1153 867 1206 est
878 1141 1102 1218 mansuetudo,

55 1271 122 1314 non
152 1262 260 1315 autem
284 1249 412 1315 afflictio
438 1248 580 1336 corporis
602 1248 674 1313 :ita
698 1248 795 1315 etiam
829 1249 1025 1314 coutinentia
1057 1259 1128 1315 est·

57 1357 174 1423 animae
198 1358 317 1434 virtus,
333 1379 405 1444 que
426 1379 491 1422 non
506 1367 556 1421 est
577 1355 610 1420 in
625 1355 810 1431 manifesto,
831 1357 887 1422 sed
910 1357 942 1422 in
962 1355 1102 1425 occulto,

58 1464 141 1529 Sunt
158 1477 268 1530 autem
285 1465 402 1540 etiam,
423 1463 478 1551 qui
497 1462 736 1555 matrimonium
754 1475 861 1553 aperte
876 1464 988 1531 dicunt
1006 1465 1106 1531 lomi-

57 1573 240 1647 cationem,
256 1584 289 1637 et
307 1572 483 1638 decernunt
494 1571 527 1635 id
543 1561 694 1637 traditum
710 1594 808 1637 ossea
824 1571 968 1639 Diabolo.
987 1573 1106 1640 Dicunt

59 1692 167 1744 autem
195 1678 324 1770 gloriosi
349 1680 399 1744 isti
432 1681 603 1768 jactatores
626 1702 661 1743 se
685 1679 802 1744 imitari
827 1681 1022 1756 Dominum,
1052 1682 1106 1767 qui

59 1809 165 1875 neque
189 1809 322 1852 uxorem
347 1787 454 1862 duxit,
478 1786 630 1874 usquein
653 1783 774 1850 mundo
804 1784 923 1875 aliquid
950 1789 1104 1876 possedit3

58 1917 94 1960 sc
113 1895 213 1984 magis
231 1918 328 1984 quam
345 1893 397 1961 alii
416 1891 621 1983 Evangelium
641 1891 833 1958 intellexisse
854 1893 1035 1983 gloriantes.
1055 1896 1108 1962 Eis

60 2014 173 2068 autem
199 2003 276 2070 dicit
303 2003 468 2092 Scriptura
490 2002 600 2066 :Deus
624 2001 757 2087 superbis
783 1999 913 2079 resistit,
946 2003 1108 2070 humilibus

59 2122 165 2175 cutem
179 2110 234 2175 dat
246 2111 381 2199 gratiam
393 2110 415 2176 ².
431 2110 555 2178 Deinde
566 2109 712 2176 nesciunt
724 2132 871 2187 causam,
886 2134 946 2177 cur
952 2113 1108 2178 Dominus

65 2241 199 2284 uxorem
219 2241 284 2284 non
302 2218 435 2284 duxerit.
457 2219 601 2284 Primum
617 2216 765 2305 quidem,
781 2219 945 2307 propriam
961 2243 1110 2307 sponsam

62 2327 175 2392 habuit
194 2325 370 2393 Ecclesiam
387 2349 395 2392 τ
414 2325 636 2401 deluderem,
654 2347 714 2391 neo
728 2324 826 2390 homo
838 2338 905 2393 erat
916 2328 1108 2402 communis,

68 2449 102 2501 ut
117 2459 201 2525 opus
221 2434 354 2501 haberet
366 2435 461 2500 etiam
482 2433 627 2522 adjutore
641 2431 746 2520 aliquo
762 2433 940 2499 secundum
953 2457 1084 2500 carnem
1099 2458 1107 2499 ε

61 2568 166 2633 neque
178 2557 247 2611 erat
266 2544 296 2608 ci
312 2565 441 2608 necesse
457 2561 627 2631 procreare
647 2539 748 2617 filios,
766 2542 821 2629 qui
841 2553 953 2608 manet
968 2542 1002 2607 in
1017 2554 1112 2608 aeter-
1177 2624 1180 2631 Ι

66 2675 166 2728 num,
184 2664 218 2717 et
233 2663 326 2718 natus
341 2662 390 2716 est
402 2648 486 2715 solus
499 2650 558 2716 Dei
570 2633 663 2713 lilius.
680 2649 740 2714 llic
755 2649 822 2738 ipsc
837 2661 944 2716 autem
956 2650 1111 2716 Dominus

64 2760 164 2826 dicit:
187 2787 201 2819 ι
218 2759 315 2840 Quod
329 2759 415 2824 Deus
430 2757 617 2847 conjunxit,
633 2755 731 2822 homo
747 2779 787 2822 ne
802 2770 927 2846 separet
939 2758 1031 2825 ¹.»Et
1042 2783 1111 2824 rur-

63 2891 116 2933 sus
130 2892 140 2932 :
152 2894 166 2928 a
179 2868 271 2934 Sicut
287 2879 394 2933 autem
409 2877 477 2932 erat
496 2866 529 2930 in
540 2865 653 2930 diehtm
673 2863 762 2940 Noe,
777 2876 868 2930 eraut
887 2865 1061 2943 nubentes,
1078 2879 1113 2932 ot

65 2975 201 3064 »nuptui
215 2975 346 3051 dantes,
362 2973 575 3048 aedificantes,
596 2983 628 3037 'et
644 2970 823 3060 plantantes
829 2997 839 3046 ς
858 2985 891 3038 et
902 2973 985 3039 sicut
1000 2985 1067 3040 erat
1079 2975 1112 3040 in

65 3085 201 3149 »diebus
216 3083 317 3161 Loth,
344 3084 387 3149 ita
402 3082 463 3147 erit
490 3081 644 3146 adventus
662 3078 717 3144 lilii
740 3077 881 3146 hominis
899 3079 947 3144 ⁴.»
971 3082 1011 3145 Et
1027 3081 1114 3168 quod

64 3191 129 3258 hoc
140 3213 207 3256 non
223 3191 299 3256 dicit
312 3191 351 3256 ad
371 3191 509 3264 Gentes,
525 3186 683 3261 ostendit,
704 3209 779 3252 cum
795 3187 961 3278 subjungit
980 3205 987 3253 t
1004 3188 1113 3255 «Num

66 3321 166 3368 acum
181 3299 303 3363 venerit
318 3295 401 3363 lilius
416 3296 573 3372 hominis,
592 3295 731 3360 inveniet
743 3293 841 3361 fidem
859 3296 892 3360 in
908 3295 1012 3362 terrn⁶
1026 3296 1062 3360 l»

109 3406 186 3474 Jsm
203 3405 243 3470 de
259 3405 331 3482 iis⁶,
348 3405 402 3492 qui
418 3402 658 3471 matrimonium
683 3402 872 3478 abhorrent,
898 3402 976 3470 dicit
1002 3405 1112 3470 beatus

65 3512 186 3581 Paulus
205 3537 243 3577 :r
265 3513 301 3579 ln
325 3512 500 3577 novissimis
524 3511 636 3578 dicbus
666 3509 815 3577 deficient
843 3512 1006 3601 quidama
1029 3512 1112 3589 lide,

67 3621 290 3690 »attendentes
314 3620 475 3709 spiritibus
490 3619 625 3695 erroris,
642 3630 674 3683 ct
693 3619 843 3684 doctrinis
861 3621 1113 3697 Daemoniorum,

105 3730 196 3781 ‘Rom
206 3749 270 3795 xiv,
289 3749 329 3800 ¹7·
339 3733 450 3780 -¹Jac·
460 3747 499 3792 iv,
512 3731 543 3791 63
558 3745 569 3779 r
583 3729 636 3780 Pct.
647 3747 671 3790 v,
693 3725 759 3779 5.-·
771 3728 779 3753 ¹
790 3727 880 3780 Matth.
896 3749 958 3794 xxx,
978 3733 994 3782 6
1034 3731 1114 3784 Marc.

68 3836 102 3879 x,
113 3835 138 3884 9.
149 3845 181 3856 -
193 3817 202 3842 ⁸
214 3817 384 3880 Mannum,
397 3815 447 3886 37;
460 3821 518 3866 Luc.
532 3815 659 3881 xv11,28.
672 3843 700 3852 --
713 3813 720 3838 ¹
734 3818 792 3864 Luc.
803 3831 884 3879 xrm,
895 3815 920 3866 8.

104 3904 113 3926 ⁰
128 3903 189 3968 Peg.
202 3901 261 3966 534.
