2382 4592
132 141 134 148 ·
204 117 216 156 Ι

305 251 493 298 traorraruu
515 249 577 296 urr-
604 253 651 296 ur.
939 237 994 302 ιὸι

12 383 232 466 crepatores
249 385 354 440 autom
369 397 387 442 ι
403 371 491 461 prius
504 391 633 463 quoquo
648 371 741 440 dictis
755 375 947 454 haeresibus,
964 391 1001 446 ut

12 483 139 554 nmundis
158 494 190 548 et
211 481 332 570 impiis,
346 480 532 569 prophetice
548 501 607 546 nos
627 483 719 570 jubet
735 486 893 572 soporari..
909 487 1005 554 Unde

12 592 73 660 tiam
86 588 192 658 Paulus
207 611 334 677 quoque
348 590 444 654 verba
465 588 601 677 dirigens
617 589 658 656 ud
671 613 748 667 eos,
766 591 821 679 qui
837 605 929 662 erant
943 595 980 662 iis
989 643 1004 671 ..

12 701 39 787 ui
60 699 128 764 dicti
142 710 231 774 suut,
255 694 393 772 similes,
418 695 507 762 «Has
530 717 606 786 ergo
623 698 847 786 promissiones
861 699 1006 778 habete..

13 791 108 894 iuquit,
121 802 221 872 dilecti
235 828 244 870 ε
260 805 453 872 mundemus
466 804 564 874 corda
579 817 685 872 nostru
702 807 743 874 ab
758 808 845 877 omni
858 808 1002 896 inquina-

12 926 103 982 mento
123 913 223 980 cornis
245 923 279 977 et
299 913 446 1001 spiritus,
469 911 669 1002 perficientes
691 915 893 990 sanctitatem
912 917 949 986 in
965 917 1005 986 ti·

12 1045 85 1090 nore
97 1021 150 1088 Dei
158 1019 180 1086 ¹.
198 1018 275 1088 Zelo
296 1020 382 1088 enim
397 1041 453 1088 vos
469 1018 538 1086 zelo
554 1020 612 1087 Dci
631 1044 640 1086 ε
667 1021 821 1110 despondi
841 1024 927 1090 enim
947 1047 1006 1094 vos

14 1131 58 1194 uui
67 1129 144 1206 viro,
160 1128 313 1217 virginem
321 1140 441 1196 costam
452 1127 602 1194 exhihere
616 1128 792 1196 Christo².»
807 1133 847 1200 Et
860 1130 1002 1202 Ecclesia

12 1237 99 1324 unm
113 1233 161 1303 aiii
176 1260 239 1302 non
261 1237 406 1326 jungitur
429 1237 655 1316 matrimonio,
679 1259 757 1304 cum
776 1263 927 1328 sponsum
948 1239 1006 1308 hc·

12 1356 73 1410 ert:
90 1345 141 1410 sed
154 1345 370 1432 unusquisque
389 1355 533 1410 nostrum
547 1342 645 1412 habet
659 1357 848 1434 potestatem
866 1347 1005 1416 durand

12 1472 201 1540 [cuneumque
213 1447 287 1516 velit
298 1497 308 1526 ,
321 1447 638 1538 legitimamuxorem
651 1501 661 1526 ‚
674 1451 847 1540 inprimis,
859 1453 1007 1542 inquam,

12 1558 102 1645 uptiis,
126 1555 267 1624 «Vereor
285 1569 414 1634 autem.
436 1579 495 1632 ne,
517 1557 599 1624 sicut
615 1579 745 1647 serpens
760 1559 885 1626 seduxit
906 1561 1006 1629 Erum

14 1663 166 1739 inostutin,
179 1676 428 1754 corrumpantur
439 1687 548 1731 sensus
562 1666 656 1731 vestri
668 1691 687 1732 a
698 1665 917 1754 simplicitate,
935 1691 1007 1756 qun

12 1770 156 1838 ,iuChristo
167 1784 248 1848 est,»
263 1773 320 1861 pie
332 1772 504 1838 admodum
515 1784 548 1837 et
559 1771 698 1838 doctoris
710 1773 807 1840 instnr
820 1774 898 1843 dixit
910 1774 1008 1864 Apos-

12 1877 73 1944 olus.
99 1881 250 1961 Quocirca
263 1879 461 1948 admirabilis
477 1902 604 1969 quoque
621 1879 752 1958 Petrus,
779 1879 1009 1958 «Charissimh

12 1985 110 2075 »oquin
126 1990 255 2056 obsecro
267 2011 326 2056 vos
341 1999 491 2075 tanquam
506 1988 643 2054 advenas
654 2000 687 2052 et
699 1989 898 2077 peregrinos,
916 1990 1010 2062 altsti-¹

12 2107 75 2162 octe
87 2121 135 2162 vos
156 2122 173 2164 a
195 2093 379 2162 carnalibus
405 2093 586 2170 desideriis,
607 2117 678 2181 que
699 2094 837 2165 militant
859 2097 1008 2170 advorsus

12 2204 149 2281 unimam,
165 2204 441 2272 conversationem
456 2212 593 2267 vestram
609 2203 692 2268 inter
714 2202 833 2270 Gentes
853 2203 1008 2274 habentos

12 2312 135 2378 donam:
150 2313 303 2401 quoniam
318 2311 364 2376 sic
387 2321 434 2374 est
457 2307 600 2376 voluntas
621 2309 702 2388 Dei,
726 2321 762 2375 ut
777 2310 1009 2378 benefacientes

13 2419 211 2486 rohmutescorc
220 2418 345 2486 nostis
351 2416 601 2506 imprudentium
609 2416 777 2484 hominum
786 2419 1009 2507 ignorantiam

13 2528 93 2614 quasi
103 2525 205 2603 libori,
221 2540 254 2593 ct
267 2548 334 2592 non
347 2525 434 2614 quasi
450 2523 594 2592 velamen
609 2524 763 2591 habentos
779 2524 907 2592 malitise
919 2525 1012 2599 libers

13 2643 119 2711 ntem,
133 2637 189 2702 sed
203 2648 239 2700 ut
251 2633 335 2700 servi
350 2632 466 2699 neit»
489 2631 641 2700 Similiter
655 2635 752 2700 etiam
770 2634 880 2702 scribit
895 2634 1010 2704 Paulus

13 2741 150 2830 espistola
163 2745 202 2810 ad
213 2744 395 2812 Romanos:
420 2741 505 2822 «Qui
520 2741 638 2806 mortui
653 2763 762 2808 sumus
773 2755 1010 2832 peccato,quo

13 2851 97 2916 modo
113 2853 215 2918 adhuc
227 2853 370 2918 vivemus
384 2850 417 2916 in
433 2850 502 2938 ipso
515 2849 531 2913 ἓ
547 2850 707 2930 Quoniam
723 2861 812 2916 vetus
827 2851 930 2918 homo'
941 2872 1011 2921 nosv

13 2965 58 3022 tu
69 2958 153 3023 simui
170 2971 217 3025 est
238 2958 430 3032 crucifixus,
457 2969 492 3022 ut
516 2957 697 3036 destruatur
712 2980 827 3046 corpus
842 2957 1011 3045 peccati‘,

13 3087 92 3149 *usque
105 3065 145 3130 ad
163 3065 259 3143 illud,
278 3067 386 3154 Neque
401 3063 547 3158 exhibete
563 3067 709 3131 membra
723 3077 845 3141 vostra,
863 3087 950 3132 arma
962 3066 1013 3132 in-

18 3169 125 3258 justitias
138 3173 318 3264 peccato⁶.»

38 3319 77 3389 α’.
91 3323 139 3392 Ex
156 3346 334 3394 consensu
352 3320 396 3392 ad
413 3335 556 3416 tempus
571 3322 728 3390 orationi
743 3317 993 3390 vacandum‘:
1090 3357 1093 3364 =

37 3471 119 3552 Quod
127 3487 232 3544 autem
247 3499 285 3540 ec
300 3495 442 3541 consensu
454 3469 497 3536 od
511 3484 624 3557 tenpus
639 3471 772 3537 orationi
782 3469 887 3538 oacot⁷
905 3474 1014 3563 conju·

32 3609 194 3681 'acorum
210 3615 664 3683 1.-·1o.11,2‚3.-·1Per.n,
680 3595 1014 3681 ternosve-‘noia

13 3701 238 3766 *md-'ibid-
254 3709 295 3761 13.
578 3701 581 3708 ¹
672 3697 673 3700 Ἴ

30 3789 168 3859 ‘natac

30 3877 226 3948 '1Cor.vrr‚5.
