2412 4596
362 235 550 281 cruentarum
572 237 633 279 tte.
659 237 693 280 1'1.
723 240 729 262 ¹
1001 239 1044 306 99

11 359 154 446 puisieris
166 385 175 436 ,·
186 360 242 426 iac
257 359 290 424 in
306 359 485 450 cognitione
498 351 657 425 virtutem.
675 358 736 427 Per
750 357 819 426 he
836 359 921 426 enim
937 371 1044 440 osten,-

11 463 55 532 tit
68 480 104 534 et
115 463 197 534 bona
209 479 241 534 et
253 466 336 534 (lona
348 493 365 534 a
376 469 444 533 Deo
455 467 664 556 suppeditari,
676 476 709 532 et
719 477 866 556 oportere
877 491 935 534 nos
946 501 956 544 ,
968 491 1044 538 cum

11 575 147 644 ninistri
162 577 235 644 iacti
247 577 343 642 simus
359 576 470 642 divinae
482 575 608 665 gratia,
625 576 779 642 seminare
794 576 853 643 Dei
865 576 1042 654 beneficia,

12 693 35 747 t
52 707 113 750 eos
126 735 136 760 ,
147 685 202 772 qui
218 684 491 774 appropinquant,
508 685 608 750 bonos
623 695 656 750 et
670 682 818 750 honestos
832 683 989 750 reddere:
1007 698 1043 753 ut

12 814 106 880 [uam
133 793 270 858 maxime
291 791 419 880 quidem
445 804 640 881 temperans,
666 792 884 868 continentem
911 793 964 883 qui
994 807 1043 859 est

15 911 118 964 ,utem
134 899 242 976 sortis,
261 921 445 988 generosam
463 912 497 965 et
507 898 629 989 sapiens
645 898 872 989 intelligentes,
888 911 921 966 et
936 901 1040 989 justus

13 1017 108 1085 ustos
120 1005 247 1073 efficiat.
637 1013 640 1024 '

13 1112 15 1115 ’
42 1114 1038 1206 Hicest,quiadimaginemetsimilitudinemDeiestGnosticus,

19 1222 173 1290 uiDeum
180 1224 430 1313 imitaturquoad
437 1227 504 1315 ejus
511 1225 579 1291 fieri
585 1237 704 1316 potest,
713 1223 1037 1314 nihilpraetcrmittens

17 1355 136 1409 orum,
149 1355 219 1419 qum
225 1332 344 1399 iaciunt
351 1333 392 1400 ad
401 1332 653 1410 conciliandum,
669 1347 822 1424 quatenus
834 1333 903 1400 lieri
914 1347 1036 1424 potest,

15 1437 262 1516 militudinem,
278 1440 454 1518 continens,
467 1441 635 1518 sustinens,
651 1441 863 1532 justevivens,
877 1443 1035 1532 imperans

21 1549 104 1614 nimi
112 1550 549 1639 perturbationibus,ea,quae
557 1550 667 1626 habet,
682 1551 879 1640 impertiens,
886 1575 944 1642 pro
957 1553 1034 1620 viri-

19 1679 65 1722 nus
77 1656 292 1733 benefaciens,
302 1669 335 1724 et
344 1659 453 1733 verbo,
468 1671 611 1747 etopere.
622 1659 682 1724 llic
691 1669 751 1734 est,
761 1659 874 1748 inquit,
886 1659 1035 1726 munimus

18 1787 164 1854 unguo,
183 1765 234 1852 qui
245 1765 350 1857 fecerit
363 1777 391 1830 ct
403 1764 568 1842 domate,
585 1766 690 1833 Deum
701 1766 845 1842 imitans,
861 1767 1034 1834 consimili·
1127 1821 1133 1832 .

18 1893 57 1936 er
66 1873 219 1940 beneficia
234 1873 434 1941 conferendo.
454 1873 536 1940 Sunt
546 1873 632 1940 enim
646 1874 861 1940 communiter
877 1873 964 1942 utilia
975 1876 1034 1942 Dei

16 1979 97 2046 lona.
113 1982 338 2070 rQuicumque
353 1993 460 2048 autem
474 1981 621 2069 superbia
633 1978 751 2068 aliquid
769 2003 860 2069 agere
872 2003 1033 2071 aggressus

25 2087 137 2166 firerit,
163 2091 286 2166 Deum,
307 2089 421 2188 inquit,
443 2087 576 2155 irritat².
595 2117 608 2152 s
628 2070 684 2156 Eit
708 2101 814 2155 autem
837 2093 1030 2180 arrogantia,

16 2196 111 2264 nimae
126 2197 257 2263 vitium:
276 2198 366 2286 eujus
384 2210 417 2263 et
432 2195 566 2264 aliorum
577 2197 726 2262 vitiorum
737 2197 827 2285 jubet
839 2197 911 2265 duci
928 2202 1032 2288 poeni-

15 2307 116 2383 entia,
131 2329 172 2371 ex
190 2305 437 2373 inconcinnitate
454 2305 673 2372 concinnando
691 2304 789 2382 vitam
807 2304 848 2370 ad
865 2305 1031 2375 meliorem

11 2414 231 2490 nutritionem,
255 2437 312 2503 per
331 2412 400 2480 bec
422 2413 502 2489 tria,
522 2436 557 2479 os
574 2461 584 2489 ,
603 2435 671 2489 cor,
693 2435 815 2479 manus.
840 2412 1030 2502 Symbolum

12 2533 101 2588 ,utem
123 2523 308 2612 signumque
328 2520 399 2588 baec
419 2519 554 2597 fuerint,
576 2519 708 2588 actionis
727 2519 874 2609 quidem
893 2545 1026 2590 manus:

12 2641 193 2707 arautem,
210 2628 354 2698 consilii:
368 2641 401 2695 et
415 2653 471 2705 os,
487 2629 649 2696 sermonis.

47 2811 114 2878 10⁰.
126 2810 308 2895 Amicitia,
325 2806 462 2901 cujus⁸,

42 2972 165 3062 Triplex
175 2997 273 3064 genus
287 2998 297 3039 t
310 2986 464 3039 eteorum
479 2973 617 3062 primum
629 2972 823 3060 quidemest,
842 2972 937 3061 idque
946 2977 1024 3064 opti·

11 3101 80 3150 uum
88 3107 127 3148 ac
135 3083 439 3172 praestantissimum,
447 3081 584 3170 id,quod
591 3079 705 3147 virtute
713 3080 910 3157 conciliatum
922 3082 1023 3152 valida

11 3191 76 3257 nim
92 3203 160 3268 est,
180 3215 251 3279 quae
268 3213 306 3256 ex
328 3191 451 3258 ratione
471 3189 589 3265 oritur,
606 3187 742 3256 dilectio.
762 3189 946 3256 Secundum
965 3215 1023 3258 au·

11 3319 57 3364 em
71 3322 110 3366 oc
122 3300 286 3376 medium,
306 3322 346 3364 ex
365 3299 619 3366 remuneratione
637 3321 645 3362 ε
664 3309 711 3362 est
726 3309 832 3365 autem
850 3297 913 3364 hoe
925 3321 1022 3388 genus

11 3417 101 3492 ptum
118 3409 158 3476 nd
179 3408 362 3474 societatem
383 3430 420 3474 ae
440 3405 779 3482 communicationem,
807 3403 942 3472 libenter
960 3408 1021 3476 im-

11 3517 145 3600 pertiens,
163 3529 196 3584 et
207 3517 278 3582 vitae
290 3513 500 3582 conducibile.
525 3513 710 3580 Communis
726 3513 811 3580 enim
823 3525 887 3592 est,
904 3539 1021 3604 quaet

11 3627 89 3708 gratia
114 3627 233 3704 oritur,
250 3625 397 3694 amicitia.
423 3623 576 3692 Ultimum
599 3635 706 3692 autem
727 3645 765 3690 nc
782 3623 932 3702 tertirun,
959 3649 1016 3694 nos

36 3781 43 3805 ¹
54 3785 137 3837 blattb.
147 3807 171 3850 v,
189 3805 230 3857 ¹9·
239 3817 270 3828 -
283 3787 292 3813 ¹
302 3790 426 3852 Numan,
438 3789 477 3838 30.

35 3873 42 3896 ¹
54 3878 104 3944 Peg.
116 3881 174 3942 483.
