2522 4608
311 249 504 304 anomocus,
529 253 589 294 nin.
616 253 649 294 n.
936 231 994 294 551
1113 308 1117 320 Ι

43 358 189 448 inponere,
197 370 401 449 preterquam
416 362 591 428 necessaria
607 345 676 428 haee
691 384 698 425 :
716 372 751 425 ut
765 361 948 427 abstineatis
960 363 1000 427 ab

39 467 188 542 immolatis,
208 481 239 534 et
259 470 422 558 sanguine,
439 481 474 536 'et
488 470 664 547 suffocatis,
683 484 716 538 et
737 469 946 537 fornicatione
960 495 1000 538 :a

37 580 127 667 quibus
139 578 162 644 si
176 580 256 644 robis
270 581 418 656 caveatis,
436 594 525 648 recte
541 581 719 649 iacietis¹.»
740 580 877 671 Oportet
892 595 999 647 autem

29 688 178 756 inolentiam
191 711 252 756 non
269 713 360 758 secus
378 691 499 780 sugere,
517 715 613 780 quam
626 692 786 758 cicutam:
803 693 898 758 ambo
912 693 1000 758 enim

29 799 173 866 dmortem
190 799 388 866 subtrahunt.
409 799 547 891 Oportet
569 824 643 867 vero
665 813 697 867 et
712 801 878 890 profusum
900 801 999 868 risum

29 908 331 982 reuomentes
347 907 525 997 lacrymas:
544 932 628 1000 sape
642 911 730 978 enim
744 909 909 977 temulenti
924 934 1001 978 cum

29 1016 149 1084 ruinam
172 1015 362 1084 cachinnum
384 1017 582 1102 sustulerint,
605 1019 722 1086 deinde
743 1044 864 1097 rursus,
888 1023 996 1089 nescio

29 1128 194 1214 papenuasi
220 1128 282 1194 vini
303 1126 485 1205 insolentia,
502 1128 702 1196 descendunt
722 1131 764 1196 ad
785 1129 950 1218 lacrymas.
973 1131 1001 1197 A

29 1236 106 1300 atione
122 1237 196 1301 enim
224 1233 365 1303 alienum
394 1248 455 1313 est,
477 1259 552 1306 cum
569 1261 639 1304 esse
659 1237 905 1311 effeminatum,
930 1251 1000 1305 tum

29 1343 88 1410 tion
97 1368 151 1410 esse
164 1343 367 1435 petulantem.
382 1329 482 1414 Senes
497 1359 605 1414 autem
617 1347 835 1416 adolescentes
848 1360 1000 1437 tanquam

29 1452 77 1518 'dios
87 1457 277 1543 respicientes,
293 1457 456 1522 rarissime
474 1456 618 1546 quidem,
634 1457 690 1522 sed
707 1456 877 1546 aliquando
893 1469 1001 1524 tamen

29 1585 73 1628 nn
80 1563 114 1628 eis
126 1563 254 1639 luserint,
269 1565 391 1634 salsum
402 1565 532 1656 aliquod
546 1567 670 1636 dictum
684 1567 718 1633 in
732 1592 787 1634 eos
802 1579 998 1656 torquentes,
1096 1582 1108 1600 ·

29 1673 82 1758 pud
92 1696 135 1740 eos
149 1677 291 1742 decorum
308 1677 436 1744 doceat.
455 1675 611 1744 Videlicet
626 1701 701 1745 cnm
721 1680 882 1746 taciturno
897 1692 931 1746 et
946 1701 994 1746 re·

29 1782 125 1848 acnndo
144 1783 233 1852 latete
262 1797 295 1851 et
324 1788 449 1855 urbane
469 1785 544 1855 licet
565 1788 629 1855 hoc
654 1790 750 1856 modo
772 1812 865 1879 agere
885 1813 894 1854 :
912 1787 1002 1854 Meus

29 1903 102 1960 ioum
114 1889 179 1960 ilius
196 1897 206 1980 (
217 1918 291 1964 eum
311 1897 368 1985 qui
393 1909 491 1974 tacet,
506 1896 670 1987 intelligo)
688 1922 753 1965 non
777 1911 880 1964 cessat
900 1896 997 1986 loqui.

29 2001 186 2084 ldolesceotis
205 2007 291 2074 enim
314 2008 543 2074 verecundiam
555 2020 651 2097 auget
664 2007 735 2076 talis
755 2007 943 2084 ludificatio,
960 2006 1001 2075 le·

29 2107 79 2172 ride
93 2113 226 2182 atenim
238 2117 324 2184 bona
340 2141 413 2206 que
428 2117 462 2183 in
481 2140 521 2184 eo
536 2117 658 2194 insunt,
673 2141 732 2207 per
746 2115 856 2184 alsam
871 2117 1001 2182 insimu-

29 2219 279 2292 ationenmlorum
296 2249 373 2316 qnae
390 2227 419 2294 ei
434 2251 500 2294 non
510 2227 629 2294 insunt.
641 2227 697 2293 Est
713 2228 799 2293 enim
809 2226 874 2294 hoc
891 2238 1001 2316 aptum

29 2325 53 2390 a
67 2327 207 2402 dcundum
224 2337 414 2413 artificium,
429 2360 487 2426 por
507 2337 540 2402 id
558 2337 646 2424 qnod
659 2360 726 2403 non
742 2335 843 2411 adest,
860 2335 893 2401 id
915 2335 1002 2422 quod

29 2433 86 2500 idest
101 2441 276 2512 confirmans.
306 2445 405 2512 Certe
426 2445 489 2511 tale
511 2445 590 2533 quid
609 2445 707 2512 etiam
726 2446 830 2512 faeere
851 2446 1002 2535 proponit

29 2541 72 2618 ili,
84 2550 125 2635 qui
137 2573 202 2618 eum
215 2557 268 2642 qui
286 2578 408 2643 aquam
419 2554 501 2622 bibit
519 2569 552 2620 et
566 2567 615 2621 est
634 2556 771 2634 sobrius,
790 2553 1002 2624 temulentum

29 2651 73 2720 itit
92 2681 146 2724 esse
169 2676 199 2728 et
224 2664 438 2755 petulantem.
468 2667 565 2750 Quod
591 2665 616 2730 si
646 2667 709 2732 sint
733 2667 830 2734 etiam
855 2664 1000 2735 nonnulli

29 2765 128 2850 pislios
143 2768 270 2840 libenter
287 2774 463 2852 irrideant,
481 2777 573 2842 nobis
591 2776 721 2864 quidem
741 2775 913 2843 tacendum
931 2786 998 2847 est.

29 2880 128 2944 traria
144 2884 296 2972 superflua
320 2897 407 2961 sunt,
431 2897 583 2975 tanquam
604 2885 700 2976 plena
722 2883 884 2975 pocula,a
909 2887 1001 2952 nohis

29 2989 228 3059 nnnittenda:
247 2993 393 3062 lubricus
407 2996 494 3062 enim
514 3007 549 3062 et
566 2995 762 3085 periculosus
779 3007 828 3062 est
840 2994 1001 3086 ejusmodi
1117 3063 1131 3091 ἢ

29 3093 102 3163 litt:
119 3129 129 3160 ι
145 3102 184 3169 Os
199 3119 307 3172 autem
323 3106 482 3172 temerarii
496 3109 730 3197 appropinquat
744 3107 927 3177 contritioni
937 3105 960 3171 ².
979 3133 992 3166 ι

29 3205 94 3274 rllon
104 3216 239 3306 suscipies
253 3229 365 3284 autem
376 3218 504 3285 inanem
518 3218 712 3286 auditionem
727 3242 735 3282 t
752 3240 856 3306 noque
868 3239 943 3283 cum
958 3217 1004 3280 in-

39 3315 101 3400 justo
109 3327 287 3404 consenties,
301 3339 337 3394 ut
348 3327 389 3394 sis
406 3325 501 3394 falsus
512 3328 629 3404 testis⁸,
641 3357 655 3390 s
665 3350 769 3415 neque
779 3326 812 3392 in
821 3323 1002 3400 columniis,

29 3433 130 3514 *quen
144 3435 331 3513 maledictis,
347 3440 403 3505 sed
416 3461 520 3526 neque
539 3439 572 3504 in
588 3438 802 3528 improbitate.
823 3436 927 3524 Atque
942 3458 1002 3525 ego

29 3535 193 3622 pdmmihi
214 3547 326 3615 videor
342 3549 562 3616 modestorum
581 3549 650 3616 roci
671 3569 764 3637 posse
785 3545 918 3612 modum
938 3547 1001 3612 im-

29 3663 115 3724 m.
133 3655 241 3740 qnihm
262 3655 458 3745 permittitur
473 3667 510 3721 ut
528 3658 554 3721 is
569 3655 624 3744 qui
639 3677 715 3721 cum
730 3651 793 3720 alio
813 3653 937 3720 disserit
952 3653 1003 3721 lo-

29 3765 112 3840 μων.
127 3788 139 3822 ι
154 3761 317 3834 Silentium
334 3766 420 3833 enim
434 3777 483 3832 est
498 3765 598 3832 virtus
611 3763 804 3831 mulierum:
823 3787 840 3830 a
859 3764 1003 3856 periculo

42 3933 101 3992 ¹tu.
111 3959 146 4006 xv,
157 3947 194 4010 23,
203 3951 242 4012 28,
253 3969 291 4020 ²9·
302 3979 334 3994 ·-
345 3950 357 3988 ¹
367 3951 440 4006 Prov.
451 3967 477 4014 x,
489 3951 527 4012 tl·
538 3979 569 3993 ···
582 3947 591 3987 ⁸
605 3949 674 4004 ibid·
686 3949 768 4003 5¹⁰⁶·
781 3968 853 4013 ”¹¹¹²
869 3969 892 4000 ¹·
