2412 4596
288 297 474 368 sraou'arou
497 321 568 365 urar
586 322 621 366 u.
852 371 854 376 ,
933 301 975 368 85

7 429 100 520 tidem,
115 440 420 536 contemplationem:
435 443 576 510 secundo
596 453 726 519 autem,
742 457 977 534 praceptorum

7 551 295 638 acutionem'ftertio
315 573 409 626 vcro,
435 552 594 618 honorum
613 551 755 617 uirorum
776 553 976 620 constitutio·

7 683 46 730 m.
59 653 258 750 Quaquidem
273 681 349 726 oum
361 653 589 737 convenerint,
602 659 745 726 efficiunt
756 659 861 726 virum
877 661 979 729 Gnos-

7 789 67 834 arm.
82 767 111 833 Si
125 760 316 855 quid‘autem
333 767 484 834 deiecerit
497 789 536 833 ex
550 768 635 844 istis,
648 765 805 835 claudicat
823 771 974 859 cognitio.

7 875 52 944 tie
63 875 157 942 ditius
170 875 245 940 dixit
262 874 446 964 Scriptura:
472 877 536 942 «Et
552 875 630 943 dixit
643 875 798 942 Dominus
807 877 847 943 ad
857 878 977 956 Mosen,

7 983 109 1051 trouu
131 985 271 1073 Loquere
287 982 359 1050 filiis
374 983 488 1062 Israel,
512 996 546 1050 et
567 985 653 1051 dices
675 983 735 1052 illis
750 1007 759 1052 ε
777 987 844 1076 Ego
865 984 979 1055 Domi-v

8 1117 43 1160 ros
54 1093 127 1160 licus
141 1105 249 1160 vester.
268 1093 453 1161 Secundum
472 1093 575 1161 studia
594 1107 686 1160 terrae
703 1093 850 1184 AEgypti,
865 1095 900 1163 in
916 1120 980 1185 qua

9 1202 132 1270 otiosas
147 1203 178 1268 in
192 1225 245 1278 ea,
271 1225 337 1268 non
353 1201 498 1278 facietis,
521 1215 555 1268 et
573 1203 750 1270 secundum
766 1204 869 1270 studia
888 1215 981 1270 terrae

10 1307 136 1387 tuan,
151 1309 183 1376 in
197 1332 293 1399 quam
309 1333 365 1376 vos
385 1333 444 1399 ego
459 1307 535 1376 illuc
557 1310 749 1389 introduco,
764 1335 831 1378 non
847 1311 981 1389 iacietis,

7 1417 60 1496 ¹tiu
73 1441 174 1484 eorum
188 1416 335 1508 legitimis
351 1441 416 1484 non
434 1416 597 1484 incedetis.
617 1419 744 1488 iudicia
759 1443 830 1488 mea
845 1404 981 1502 facietis,

10 1537 178 1618 tpnecepta
208 1551 281 1595 mea
302 1527 474 1594 servabitis.
498 1526 668 1596 Ambulate
690 1529 723 1595 in
747 1529 801 1596 eis.
822 1529 890 1620 Ego
915 1529 985 1596 Dat
1042 1619 1044 1626 Ι
1142 1625 1147 1634 ,

10 1635 80 1705 tium
93 1638 170 1704 Deus
190 1650 306 1705 vester.
337 1637 377 1704 Et
400 1636 562 1728 seruabitis
588 1637 695 1705 omnia
717 1651 874 1727 praecepta
889 1663 982 1716 mea,

10 1745 137 1812 tiaciatis
163 1771 210 1813 aa.
240 1748 307 1829 Qui
334 1746 445 1812 iecerit
471 1769 508 1814 en
531 1747 648 1825 homo,
676 1747 759 1814 uret
777 1747 811 1813 in
838 1748 893 1812 eis.
917 1749 984 1837 Ego

11 1853 122 1921 tonina
136 1857 220 1923 Deus
235 1867 340 1924 vester
348 1853 371 1920 ¹.
388 1884 401 1917 a
422 1855 536 1921 Utrum
556 1867 662 1923 autem
682 1854 795 1922 mundi
810 1867 843 1920 et
868 1854 986 1944 decep-

12 1963 78 2038 onia,
92 1989 122 2030 an
139 1965 234 2032 animi
254 1964 534 2055 perturbationum
557 1975 589 2030 et
610 1965 759 2032 vitiorum
777 1964 840 2029 sint
854 1967 986 2054 symbo-

11 2069 178 2161 rnAEgyptus
193 2086 226 2138 et
238 2085 326 2139 terra
342 2070 512 2146 Chamon,
528 2096 546 2138 n
562 2071 676 2160 quibus
692 2071 916 2138 abstinendum
933 2073 985 2152 ait,

11 2178 74 2244 aaa
89 2193 186 2248 autem
212 2183 312 2247 rebus
329 2180 432 2246 danda
447 2179 487 2244 sit
507 2203 621 2269 opera,
641 2180 729 2270 quod
755 2181 866 2247 divinis
881 2180 988 2271 potius

11 2309 59 2354 um
82 2291 268 2366 mundanis,
292 2289 384 2354 nobis
407 2288 546 2355 ostendit
573 2287 751 2356 oraculum.
778 2289 861 2356 Cum
880 2303 988 2357 autem

10 2395 61 2462 cit:
77 2398 132 2480 Qui
148 2399 255 2490 soacerit
275 2400 383 2474 tomo,
402 2397 478 2463 viaet
497 2397 528 2461 in
545 2396 588 2462 eis
602 2420 613 2462 .·
627 2410 659 2464 et
679 2398 821 2487 ipsorum
835 2399 990 2464 Hebraeo-

7 2523 39 2568 m
57 2508 297 2583 correctionem,
321 2519 353 2572 et
379 2505 599 2596 proximorum
627 2517 810 2572 nostrorum
835 2507 991 2574 exercita-

8 2628 127 2683 memet
151 2618 354 2708 profectum,
381 2615 523 2703 ipsorum
549 2613 648 2680 vitam
673 2613 751 2680 dicit
775 2625 808 2680 et
836 2627 987 2682 nostram.

12 2719 137 2801 Quieuim
148 2723 349 2791 suntmortui
361 2721 505 2800 delictis,
523 2721 785 2789 convivificnntur
798 2722 982 2800 Christo²,»

7 2845 159 2900 transtrum
173 2835 428 2900 Testamentum.
437 2831 532 2922 Saepe
544 2844 651 2897 autem
666 2844 812 2921 repetens
826 2833 991 2921 Scriptura

7 2931 48 3002 tat
60 2964 67 3005 :
80 2940 146 3031 Ego
165 2941 319 3008 Dominus
346 2940 430 3006 Deus
452 2952 564 3016 aester,
588 2940 712 3030 pudore
729 2940 895 3006 afficiendo
918 2937 993 3029 pul-

7 3039 111 3116 tutae
129 3049 297 3127 hortatur,
326 3050 445 3116 docens
465 3049 554 3138 sequi
573 3048 696 3127 Deum,
721 3049 776 3138 qui
803 3049 890 3115 dedit
914 3071 995 3138 prae-

7 3165 64 3240 apa.
87 3159 268 3241 Quinetiam
295 3157 391 3224 tacite
417 3161 621 3234 commonet,¹
639 3158 743 3224 Deum
763 3179 923 3247 quaerere,
942 3170 993 3234 et,

7 3266 69 3344 troad
85 3267 149 3334 {ieri
171 3279 296 3358 potest,
312 3266 421 3332 conari
436 3287 648 3355 cognoscere:
671 3290 741 3355 quae
760 3266 890 3355 quidem
901 3265 996 3332 fuerit

7 3374 95 3442 ttxirna
118 3374 369 3467 contemplatio,
405 3398 493 3444 sacra
522 3374 671 3464 mysteria
700 3375 893 3464 inspiciens,
922 3397 996 3442 vero

7 3479 113 3562 nentia,
144 3499 233 3553 certa
260 3497 292 3550 et
318 3480 524 3550 immutabilis
555 3483 677 3550 ratione
699 3483 792 3548 iacta.
824 3484 902 3550 Haec
931 3481 996 3550 sola
1104 3497 1109 3510 '

7 3593 174 3681 rtsapientioe
181 3593 339 3686 cognitio,
353 3616 446 3682 aqua
461 3613 626 3679 uunquam
639 3603 804 3680 separatur
826 3593 909 3680 justa
923 3581 996 3686 ope-

7 3697 58 3764 ttio.
932 3696 933 3702 ¹
993 3691 998 3703 “

18 3942 24 3966 ¹
39 3951 195 4052 taurana:
210 3973 233 4020 r,
247 3972 273 4018 π,
288 3952 313 4020 3,
323 3957 351 4018 4,
361 3949 386 4005 5.
397 3981 428 3990 -
440 3949 542 4018 'Epiron
554 3964 590 4014 rr,
609 3948 633 4001 ὅ.
