2614 4628
107 250 113 258 “
208 259 250 324 pa
350 287 354 295 ,
561 263 594 306 u.
622 263 749 333 ururru
773 263 890 309 raucas

222 422 225 432 -
251 373 377 442 XXlll.
398 375 546 442 Otiosum
565 392 613 444 est
631 380 676 444 ire
699 377 926 468 persingulas,
945 387 978 442 et
997 373 1271 441 totam-seriem

206 488 330 575 generis
349 487 437 554 istius
452 487 623 578 explicare,
640 511 716 556 cum
730 491 762 555 in
780 489 889 578 primis
904 487 1087 577 parentibus
1105 487 1270 574 probata

206 596 392 675 mortalitas,
416 599 450 665 in
468 612 598 666 cataros
617 601 684 689 ipso
707 600 819 666 ordine
848 598 1047 666 suscessionis
1063 595 1268 662 influxerit.

207 706 271 773 Nisi
283 707 364 773 sorta
380 722 599 797 postmortem
611 711 686 777 deos
702 710 818 800 lingitis
832 731 840 774 :
855 721 900 786 et,
912 709 1075 798 pejerante
1086 703 1268 778 Proculo,

208 815 287 882 deus
306 817 461 885 Romulus
476 843 484 884 ε
499 832 531 886 et
549 819 646 894 Juba,
667 820 783 886 Mauris
801 819 991 894 volentibus,
1012 818 1090 882 deus
1110 827 1169 879 est
1198 839 1208 879 :
1231 827 1272 878 et

206 926 284 1003 divi,
297 929 403 994 caeteri
416 951 505 1018 reges
517 931 570 1018 qui
586 941 826 1006 consecrantur,
839 953 903 996 uon
920 929 961 994 ad
977 926 1074 1020 ¹iidem
1084 925 1269 1000 numinis,

206 1037 263 1102 sed
274 1037 314 1102 ad
328 1037 484 1105 honorem
495 1041 635 1106 emeritae
652 1042 824 1130 potestatis.
841 1040 949 1106 Invitis
965 1037 1013 1103 his
1026 1035 1174 1126 denique
1192 1035 1270 1102 hoc

206 1169 324 1213 nomen
347 1150 534 1224 ascribitur;
550 1163 661 1241 optant
680 1153 711 1217 in
730 1151 1093 1240 homineperseverare,
1112 1145 1199 1212 fieri
1228 1169 1268 1212 se

206 1257 283 1322 deos
298 1271 447 1325 metuunt
454 1283 464 1334 ς
484 1273 530 1339 et,
543 1263 568 1327 si
587 1263 653 1351 jam
671 1284 774 1338 senes,
791 1259 913 1326 uolunt.
926 1263 1009 1348 Ergo
1029 1281 1089 1324 nec
1102 1257 1148 1322 de
1164 1281 1267 1324 mor-

208 1367 270 1433 tuis
289 1367 346 1445 dii,
362 1371 512 1458 quoniam
525 1372 602 1440 deus
613 1373 695 1438 mori
710 1395 773 1438 non
792 1371 906 1460 possit;
922 1393 982 1435 nec
993 1369 1033 1434 de
1044 1370 1145 1444 natis,
1164 1391 1265 1457 quo-

206 1478 293 1544 niam
311 1481 446 1545 moritur
463 1504 557 1546 omne
569 1481 655 1569 quod
671 1482 813 1548 nascitur
827 1505 835 1546 :
849 1481 991 1547 divinum
1006 1489 1113 1544 autem
1132 1479 1169 1544 id
1188 1490 1262 1554 est,

208 1589 295 1676 quod
316 1611 377 1657 nec
399 1602 506 1656 ortum
527 1591 636 1666 habet,
660 1613 721 1658 nec
740 1613 900 1657 occasum.
925 1591 992 1655 Cur
1017 1589 1102 1654 enim
1128 1589 1155 1654 si
1173 1589 1263 1653 'nati

208 1711 294 1774 sunt,
307 1718 371 1766 non
391 1701 548 1789 hodieque
567 1700 763 1768 nascuntur?
777 1701 837 1766 nisi
859 1699 943 1765 sorte
959 1701 1024 1789 jam
1044 1699 1172 1786 Jupiter
1196 1721 1263 1763 se-

209 1810 291 1886 nuit,
308 1821 340 1876 et
354 1824 462 1899 partus
477 1812 510 1877 in
528 1812 656 1878 Juuone
669 1811 800 1884 desocit3
820 1822 852 1877 et
866 1810 1004 1877 Minerva
1026 1809 1132 1875 canuit
1150 1821 1260 1874 ante-

210 1943 307 2008 quam
328 1922 452 2009 peperit
476 1944 485 1986 :
508 1922 641 1987 enideo
663 1923 797 1988 cessavit
818 1922 876 1987 ista
897 1919 1072 2010 generatio,
1089 1919 1263 2006 quoniam

211 2027 298 2095 nulla
316 2029 499 2118 hujusmodi
515 2030 629 2099 fabulis
645 2033 805 2120 praehctur
815 2031 953 2098 assensio
963 2030 977 2095 l
989 2029 1153 2095 Caeterum
1165 2030 1195 2094 si
1210 2029 1264 2094 dii

211 2162 319 2208 creare
335 2153 476 2231 possent,
496 2142 625 2208 interire
641 2166 706 2208 non
725 2154 865 2232 possent,
885 2139 992 2230 plures
1007 2140 1081 2207 totis
1103 2138 1264 2204 homini-

209 2252 269 2318 hus·
290 2251 367 2318 deos
387 2252 592 2327 haberemus;
615 2265 650 2317 ut
670 2254 735 2342 jam
759 2273 890 2318 cosnec
909 2247 1027 2317 coelum
1049 2250 1260 2325 contineret,

210 2384 270 2428 nec
286 2367 341 2428 aer
355 2376 496 2452 caperet,
517 2387 578 2431 nec
597 2375 680 2430 terra
697 2373 843 2453 gestaret.
861 2361 951 2427 Unde
966 2360 1176 2427 manifestum
1189 2371 1261 2436 est,

210 2472 355 2539 homines
367 2473 436 2540 illos
447 2473 555 2551 luisse,
568 2498 647 2562 quos
662 2486 695 2541 et
713 2486 804 2540 natos
821 2473 953 2563 legimus
965 2485 997 2538 et
1017 2483 1165 2539 mormos
1188 2473 1263 2539 sci-

210 2606 293 2648 mus.
310 2583 390 2663 Quis
402 2607 477 2672 ergo
490 2584 614 2649 dubitat
625 2584 742 2650 horum
756 2585 909 2675 imagines
921 2595 1120 2649 consecratus
1134 2580 1262 2672 vulgus

210 2714 314 2769 orare,
331 2705 364 2757 et
378 2693 505 2783 publice
520 2693 637 2768 colere,
651 2693 729 2760 dum
750 2697 857 2784 opinio
873 2707 905 2760 et
918 2715 1007 2758 mens
1023 2693 1263 2781 imperitorum

212 2801 286 2867 artis
302 2803 515 2870 concinnitate
530 2804 699 2894 decipitur,
715 2805 783 2871 auri
799 2804 921 2895 fulgore
936 2803 1185 2894 praestringitur,
1206 2827 1263 2869 ar·

212 2913 298 3001 genti
312 2912 415 2979 nitore
437 2926 469 2980 et
491 2913 630 2981 candore
645 2917 750 2982 eboris
766 2914 958 2981 hebetatur?
974 2911 1070 2992 Quod
1085 2913 1110 2977 si
1133 2913 1168 2977 in
1185 2914 1263 2979 ani·

212 3046 301 3089 mum
318 3025 387 3112 quis
403 3024 552 3120 inducat,
565 3027 732 3092 tormentis
753 3026 881 3115 quibus,
898 3037 930 3090 et
949 3025 1064 3113 quibus
1088 3023 1262 3089 machinis

214 3132 418 3202 simulacrum
432 3158 527 3204 omne
539 3136 705 3212 formetur,
720 3136 886 3202 erubescet
897 3135 1009 3201 timere
1020 3157 1054 3200 se
1065 3133 1262 3209 materiem,

214 3245 255 3308 ab
270 3245 404 3323 artifice,
421 3257 456 3312 ut
478 3246 573 3312 deum
589 3247 719 3324 laceret,
740 3245 874 3312 illusam.
892 3245 979 3310 Deus
1001 3245 1087 3310 enim
1109 3241 1261 3332 ligneus,

215 3353 283 3440 rogi
297 3351 427 3422 sortasse
441 3355 490 3423 rel
504 3355 646 3425 infelicis
661 3357 774 3446 stipitis
789 3355 903 3446 portio,
923 3353 1134 3442 suspenditur,
1155 3353 1263 3419 caedi·

176 3445 180 3453 ¹
216 3474 279 3536 tur,
298 3461 434 3541 dolatur,
452 3467 646 3534 runcinatur.
665 3470 705 3534 Et
724 3468 801 3533 deus
823 3487 922 3531 aereus
938 3463 988 3530 vel
1004 3474 1190 3552 argenteus,
1213 3463 1261 3530 de

216 3571 381 3638 immundo
397 3577 537 3654 vasculo,
550 3589 584 3644 ut
601 3579 712 3668 saepius
727 3577 846 3642 factum
864 3573 1012 3665 AEgyptio
1028 3573 1104 3662 regi,
1123 3572 1261 3640 conflu-

217 3695 280 3756 tur,
298 3682 443 3749 tunditur
463 3686 595 3763 malleis.
612 3701 645 3753 et
663 3688 831 3755 incudibus
847 3685 1002 3775 figuratur
1020 3707 1031 3749 t
1051 3694 1084 3776 et
1105 3681 1259 3770 lapideus

220 3791 364 3868 caeditur,
381 3791 541 3883 scalpitur,
561 3809 593 3862 et
608 3799 648 3863 ab
664 3799 822 3886 impurato
838 3797 966 3862 homine
982 3792 1143 3882 laevigatur
1161 3816 1169 3855 :
1187 3813 1259 3859 nec

219 3902 314 3969 sentit
328 3923 391 3969 suae
412 3903 581 3972 nativitatis
597 3907 754 3994 injuriam,
774 3909 816 3974 ita
832 3918 868 3972 ut
882 3927 942 3973 nec
962 3903 1130 3995 posteade
1146 3913 1257 3970 vestra
