2382 4592
341 255 530 302 eunomus!
552 257 614 302 ult.
639 258 669 301 V·
959 217 1016 300 22¹1

2 400 19 449 ··‚
32 398 54 425 ι»
76 389 118 434 ae
136 367 349 459 plebiscita,
364 397 469 463 neque
485 372 562 438 dum
584 371 846 462 promulgantur,
867 373 1017 448 audiuntr

3 500 80 542 mue
100 480 302 569 perscripta
315 505 391 548 eum
403 481 541 558 luerint,
558 482 688 548 omnino
700 481 832 570 rident:¹
850 480 1042 548 sodalitio--

0 618 36 643 »u
77 587 122 652 ad
150 586 374 678 Magistratus
397 589 551 658 creandos
570 591 743 667 lectiones,
764 602 958 666 conventus,
988 603 1021 656 et
1061 663 1065 674 p

0 698 277 764 mmessationee
290 722 370 766 cum
384 700 543 776 tibicinis,
556 699 672 766 horum
684 699 758 789 ipsis
771 699 945 787 quidquam
957 699 1021 768 sec·

0 844 1 847 ¹
20 828 82 882 re,
96 827 142 871 ne
155 829 223 896 per
239 809 410 874 somnium
423 808 551 894 quidem
564 807 596 872 in
604 819 744 872 mentem
756 807 853 875 venit.
862 807 1017 884 Rectene,

0 946 4 969 ι
28 937 124 980 secus
141 913 280 981 laetum
298 915 333 982 in
350 915 477 984 civitate
493 914 571 1004 quid
582 914 677 981 fuerit
691 937 699 980 ι
711 915 1017 1004 numeuipiammali

5 1021 194 1109 majoribus
203 1021 338 1112 aliquid
353 1024 535 1099 obvenerit,
548 1021 647 1113 magis
659 1025 742 1113 ipsos
753 1021 844 1101 latet,
857 1045 953 1113 quam
962 1049 1021 1090 nu-

16 1164 22 1187 v.
46 1151 103 1208 us,
122 1131 222 1220 quod
233 1131 354 1210 aiunt,
373 1154 552 1200 arenarum.
571 1132 676 1220 Atque
697 1131 767 1199 hee
780 1130 834 1198 ille
848 1133 956 1202 omnia
973 1134 1020 1200 sic

0 1251 123 1318 orat,
146 1251 188 1306 ut
209 1239 339 1307 eedem
355 1243 412 1308 ebs
430 1263 498 1307 sese
517 1240 654 1330 ignorari
669 1241 791 1318 nesciat
811 1265 819 1307 ι
836 1240 893 1307 sed
909 1263 1018 1309 revera

0 1382 3 1405 ·
22 1371 80 1414 um
92 1352 166 1438 ejus
182 1371 319 1440 eorpus
331 1351 365 1416 in
378 1350 507 1417 civitate
518 1362 661 1416 versatur
672 1350 853 1424 ethabitut;
872 1351 938 1439 ipse
954 1352 1021 1440 qui·

8 1477 55 1522 am
78 1459 204 1525 interea
232 1457 305 1546 (ut
317 1459 433 1526 cecinit
449 1457 624 1548 Pindarus)
642 1479 738 1548 supra
758 1470 876 1526 terram
897 1458 1017 1536 evolet,

1 1596 14 1623 v
31 1585 152 1653 umque
179 1565 373 1642 omleetium
399 1568 537 1634 rationes
563 1566 774 1634 Astronomiae
795 1569 826 1634 vi
848 1566 1019 1644 enucleat,

0 1706 2 1715 =
18 1686 196 1764 turamque
209 1676 303 1744 odeo
316 1687 415 1744 totam
423 1676 550 1765 penitus
565 1674 847 1765 investigandam
858 1699 1018 1744 varocum

28 1781 164 1850 Domini
178 1784 299 1862 dicto,
316 1784 367 1852 Sit
386 1795 607 1861 sermooester‚
634 1795 696 1860 est,
726 1794 770 1849 est
780 1810 791 1858 ς
820 1809 900 1860 ιιι,
917 1784 1017 1860 oon‘,

18 1913 101 1958 rum
126 1891 215 1959 illud
233 1894 376 1960 conferri
393 1894 509 1983 possit,
530 1893 580 1958 At
599 1891 674 1958 erili
704 1915 757 1958 ιιι
780 1894 893 1983 falsum
921 1915 1020 1960 coece

0 2035 1 2046 ι
37 2019 121 2072 ,nec
138 2022 253 2064 oerum
269 1999 417 2085 perimere
433 1999 496 2064 ullo
520 1995 611 2062 modo
626 1999 674 2088 sas
695 2009 746 2062 est.
768 1998 902 2063 Etcum
926 1997 1020 2072 iuter-

10 2114 42 2168 to
64 2105 164 2172 nohis
193 2105 432 2196 jurejurando,
455 2105 602 2195 congruit
624 2103 704 2170 illud
732 2103 846 2171 decimi
873 2101 1013 2196 Legum,

1 2213 97 2278 :omni
118 2236 155 2278 re
180 2215 256 2280 laus
277 2228 306 2280 et
327 2213 538 2302 juramentum
562 2215 655 2279 abest.
680 2215 721 2280 Et
739 2211 931 2303 Pythagoras
949 2214 1017 2303 qui-

0 2349 47 2395 u,
74 2322 262 2396 Socrates,
284 2333 377 2410 atque
397 2320 506 2398 Plato,
529 2320 585 2410 qui
601 2321 661 2388 Dei
680 2329 720 2386 se·
736 2343 848 2388 vocem
868 2323 1017 2389 exaudire

10 2463 12 2483 ι
45 2441 183 2505 rmant,
214 2429 295 2496 dum
316 2429 470 2496 fabricam
496 2428 592 2518 hujus
616 2431 774 2508 universi,
797 2453 896 2518 quam
913 2430 1017 2496 divina

1 2557 71 2602 mus
83 2548 120 2603 et
134 2537 289 2628 perfecte
304 2536 496 2614 elaboravit,
513 2546 546 2603 et
560 2549 727 2604 conservat
745 2551 919 2628 perpetuo,
942 2560 1017 2605 con-

1 2643 179 2732 mplanturs
199 2645 282 2714 illud
297 2647 429 2713 omnino
444 2646 538 2712 Mosis
554 2647 702 2723 audiere,
726 2647 837 2723 Desit,
854 2659 884 2712 et
897 2648 1014 2739 saetam

1 2749 44 2828 ι’,
60 2779 126 2843 quo
137 2756 202 2822 Dei
221 2777 332 2823 rocem
342 2777 421 2845 opus
436 2755 541 2845 ipsum
552 2779 621 2822 esse
636 2754 786 2823 declarat.
801 2757 886 2823 Dum
903 2768 1009 2823 eutem

12 2858 61 2928 illa
73 2862 221 2932 hominis
241 2890 281 2932 ex
295 2864 427 2956 pulvere
447 2863 614 2932 molitione
639 2878 822 2942 versantem,
848 2879 1011 2933 terrenum

2 2969 82 3035 assim
91 2971 284 3063 Philosophi
296 2997 411 3063 eorpus
423 2970 583 3063 appellunt
595 2997 603 3038 ι
617 2975 775 3042 Homerus
786 2997 863 3042 vero
875 2975 908 3040 id
916 2975 1011 3041 etiam

4 3081 206 3164 tpreeotionis
218 3081 293 3150 loco
303 3105 425 3172 ponere
439 3103 505 3148 non
521 3082 648 3148 dubitat
666 3105 674 3148 ι

51 3207 87 3266 At
98 3227 153 3269 vos
164 3211 196 3269 io
213 3221 326 3270 terrem
339 3212 441 3270 cunuti
456 3209 583 3270 radentis
594 3215 647 3283 ,et
660 3210 786 3270 undam.

5 3326 255 3396 luemedmodum
275 3329 380 3397 Esaias
397 3329 475 3396 dum
494 3329 554 3406 ait,
575 3329 620 3394 Et
638 3332 808 3396 conculcate
828 3328 905 3416 ipsos
927 3329 1012 3417 quasi

5 3429 99 3496 litun&
117 3433 384 3502 EtCallimechus
392 3434 525 3501 diserte:

70 3560 139 3620 Erat
153 3582 253 3624 annus
265 3563 332 3634 ille,
347 3582 407 3642 quo
421 3565 586 3624 volantium
599 3575 711 3634 coetrrs,
763 3643 768 3665 ¹

73 3661 109 3719 Et
127 3667 180 3740 qui
195 3665 253 3724 sub
269 3665 375 3739 undis,
394 3675 483 3742 atque
497 3663 686 3743 quadrupes,
705 3683 810 3724 vocem

50 3767 53 3778 “
76 3759 126 3821 Sis
143 3763 316 3844 proferebat
332 3777 364 3824 ut
376 3765 472 3824 lutum
486 3763 669 3824 Promethei.

21 3865 128 3930 'uentu
146 3901 174 3947 r,
187 3883 329 3946 aessens.
341 3901 372 3948 v,
386 3901 415 3934 ιι
436 3883 487 3922 -’
500 3885 561 3933 Gen.
572 3899 590 3935 1.
605 3911 634 3922 -
647 3883 761 3947 'lsai.x,
772 3885 797 3936 6.
