2532 4608
139 237 203 316 544
451 257 623 302 camuris
646 255 858 300 ιιιιιιιιιιιιι

138 393 172 448 et
185 379 477 472 praeexercitatione
488 429 499 458 ,
509 390 544 445 et
553 379 595 446 ad
604 403 643 446 ea
653 377 812 446 audienda
824 401 896 466 qun
907 377 1077 456 dimntru,
1092 389 1125 444 et
1135 377 1178 443 ri-

139 502 207 556 tam
220 487 474 577 componendam
485 537 494 564 ‚
506 500 538 553 ct
551 487 592 554 ad
605 487 804 554 considerate
817 486 1088 577 progrediendum
1099 487 1137 550 ad
1148 485 1177 550 id

141 595 230 688 quod
247 609 296 662 est
317 595 398 662 ultra
416 620 487 664 eam
507 619 577 685 quae
594 608 700 664 estex
721 595 790 685 lege
809 597 978 684 justitiam.
996 597 1045 660 Ea
1060 618 1118 660 nos
1132 591 1177 658 de-

142 707 232 774 ducit
245 707 287 774 ad
306 705 402 773 linem
424 705 663 770 interminatum
680 717 713 772 et
735 705 935 793 perlectum,
956 705 1050 793 prius
1071 701 1177 768 dooens

143 833 215 878 cam
233 835 304 900 quae
318 809 468 875 nobisest
483 809 611 887 lutura,
626 811 694 877 Deo
711 810 960 876 convenientem
977 832 1055 874 cum
1072 808 1129 872 diis
1142 809 1177 872 ri

143 919 237 986 vendi
256 919 430 995 rationem,
450 941 526 984 cum
543 919 582 986 ab
598 919 685 984 omni
697 941 794 1008 poeua
806 930 841 986 et
859 916 1022 1006 supplicio
1038 916 1177 980 fuerimus

143 1025 287 1104 liberati,
298 1049 370 1114 quat
385 1025 578 1096 sustinemus
593 1050 631 1094 cx
646 1027 786 1116 peccatis
800 1027 843 1092 ad
856 1023 1038 1092 smumrem
1053 1022 1177 1113 discipli-

145 1159 229 1202 nam.
243 1135 426 1224 Postquam
441 1134 714 1225 redemptionem,
729 1135 899 1225 praemitun
914 1145 949 1200 et
964 1134 1105 1200 honores
1115 1134 1177 1200 dan

145 1257 198 1310 tur
217 1242 465 1320 consummatis,
485 1267 561 1310 cnm
582 1244 771 1310 cessaverint
789 1243 923 1331 quidem
944 1268 964 1312 a
983 1242 1173 1332 paganam,

144 1353 334 1422 cessaverint
343 1364 449 1419 autem
455 1352 551 1418 etiam
559 1352 600 1420 ab
609 1348 670 1418 alio
681 1351 1090 1440 quocumquaminisrerio,
1096 1374 1172 1438 quan

145 1461 261 1528 tumvis
279 1472 409 1538 sancto,
432 1472 465 1526 et
487 1461 570 1528 inter
592 1471 718 1528 sanctos
743 1461 891 1528 tdoindc
917 1483 979 1526 eos
1003 1461 1060 1548 qui
1079 1461 1170 1525 finiat

145 1570 257 1638 mundi
275 1569 391 1646 corde,
413 1569 446 1634 in
468 1568 737 1659 propinquitatem
753 1568 883 1638 Domini
907 1580 1066 1644 evectos,
1081 1580 1163 1633 manet
1256 1579 1258 1616 ὲ

145 1689 309 1768 perpetum
329 1676 604 1767 contemplationis
624 1677 800 1756 restitutio,
821 1689 854 1744 ct
874 1677 1024 1744 deorum
1038 1675 1156 1764 appellu-
1254 1649 1258 1774 l

146 1799 201 1853 tur
216 1787 363 1862 nomino.
374 1787 429 1875 qui
441 1785 474 1852 in
489 1786 601 1852 iisdem
615 1784 743 1854 sedibus
757 1797 831 1852 sunt
842 1784 1004 1852 collocati
1015 1835 1026 1863 ,
1038 1786 1070 1851 in
1080 1786 1165 1873 quta
1256 1783 1257 1808 ³

123 1890 128 1900 ’
149 1893 201 1962 alii
213 1895 256 1961 dii
267 1895 321 1984 qui
334 1905 407 1960 sunt
419 1895 512 1984 primi
524 1897 583 1962 suh
596 1895 763 1964 servatore
771 1895 955 1961 constituti.
969 1895 1107 1982 Este-go
1117 1916 1173 1981 cog-
1256 1903 1258 1928 t

150 2005 251 2080 nitio,
272 2001 363 2069 velox
384 2002 424 2070 ad
443 2005 683 2093 purgationem,
709 2013 742 2070 ot
762 2015 835 2094 apta
858 2000 899 2072 ad
920 2002 1015 2070 illam
1033 2014 1174 2091 acceptam

149 2113 362 2178 mutationem
380 2111 414 2178 in
435 2111 558 2179 melius.
587 2111 677 2180 Unde
697 2113 794 2180 etiam
814 2111 907 2178 facilc
932 2113 1075 2179 traducit
1093 2111 1130 2178 ad
1149 2110 1177 2176 id
1257 2169 1258 2174 ,

150 2221 237 2310 quod
252 2231 300 2286 est
316 2220 429 2288 anime
447 2233 619 2312 cognatum
636 2245 673 2288 ac
688 2221 830 2288 divinum
848 2234 882 2288 et
899 2234 1072 2298 sanctum,
1085 2234 1116 2286 et
1131 2244 1177 2308 prr

149 2328 318 2419 cujusdam
332 2329 452 2419 proprii
463 2326 592 2398 luminis
603 2329 754 2420 mysticos
764 2328 928 2419 profectus
942 2329 1178 2396 transmittitlro

149 2438 287 2516 minem,
304 2438 407 2504 donec
421 2438 455 2506 in
470 2461 656 2528 supremum
670 2437 783 2530 quietis
797 2436 906 2506 locum
924 2439 1102 2506 restituerit
1115 2461 1177 2502 eam

150 2546 206 2637 qui
221 2557 269 2612 est
287 2545 410 2612 mundo
424 2547 542 2626 corde,
558 2545 677 2614 docens
695 2547 802 2614 Deum
816 2547 966 2621 ,scienter
980 2560 1016 2612 et
1030 2571 1088 2638 per
1100 2569 1173 2613 con-
1256 2569 1258 2634 J

151 2653 395 2744 prehensionem
415 2653 621 2744 contemplari
637 2653 718 2722 sacia
733 2655 775 2720 ad
792 2655 917 2722 facicm.
941 2657 1025 2722 Haec
1042 2669 1084 2722 est
1097 2657 1168 2719 enim

150 2763 260 2850 utiquc
275 2763 390 2830 animae
404 2763 623 2854 cognoscentis
636 2763 804 2855 perfectio,
824 2775 860 2830 nt
874 2787 952 2832 cum
972 2787 1175 2853 omnonpar-
1256 2753 1258 2802 ff

152 2867 311 2958 gationem
323 2880 356 2934 et
370 2868 580 2934 ministerium
594 2869 804 2958 superaverit,
820 2869 861 2935 sit
873 2892 949 2939 cum
965 2870 1118 2947 Domino,
1132 2869 1181 2934 ubi

152 2989 200 3042 est
214 2977 358 3067 proxime
372 2977 402 3042 ei
416 2977 571 3066 subjecta.
589 2975 684 3043 Fides
698 2999 795 3066 ergo,
812 2990 848 3042 ut
862 2977 905 3043 ita
921 2979 1051 3056 dicam,
1066 2992 1112 3044 est
1123 2981 1183 3044 hro

151 3086 198 3151 ris
218 3097 251 3151 et
274 3085 499 3176 compendiosa
524 3107 637 3153 eornm
655 3107 725 3175 que
750 3086 926 3152 necessaria
949 3100 1027 3152 sunt
1041 3089 1181 3178 cognitio
1256 3083 1258 3094 '

155 3193 302 3284 Cognitio
322 3207 430 3260 autem
452 3205 499 3259 cst
520 3193 612 3260 firma
630 3217 667 3260 ac
689 3191 808 3260 stabilis
829 3193 1064 3264 demonstratio
1080 3221 1184 3262 eorum

153 3325 224 3392 quae
241 3314 399 3391 assumpta
417 3314 491 3368 sunt
506 3325 564 3391 per
578 3301 696 3378 fidem,
714 3325 784 3390 quae
794 3325 853 3391 per
868 3299 1051 3372 docuinam
1064 3305 1186 3371 Domini

153 3434 248 3500 super
262 3410 360 3478 fidem
375 3409 566 3486 aditcuur,
582 3435 653 3499 quae
668 3410 853 3476 transmittit
876 3407 917 3477 ad
935 3411 1186 3478 infallibilitatem

153 3531 186 3584 et
197 3520 380 3595 scientiam,
392 3531 425 3584 ct
439 3517 611 3609 perfectam
628 3517 957 3608 comprehensionem.
972 3521 1022 3587 Ac
1037 3522 1114 3588 mihi
1126 3521 1187 3610 qui-

153 3627 228 3693 clem
243 3649 279 3692 ea
299 3628 424 3694 videtur
435 3651 503 3694 esse
514 3628 615 3717 prima
628 3626 772 3694 salutaris
787 3629 941 3707 mutatio,
954 3652 1026 3717 quae
1038 3630 1076 3696 {it
1091 3655 1186 3720 agen

152 3735 287 3801 tibusad
298 3735 408 3813 lidem,
421 3749 458 3802 ut
467 3737 556 3827 prius
567 3735 629 3802 dixi
645 3760 653 3802 :
668 3737 805 3804 secunde
817 3749 944 3813 autem,
957 3762 1029 3827 quae
1040 3751 1088 3804 est
1100 3765 1116 3805 a
1128 3739 1191 3804 lidev

154 3843 186 3910 in
206 3844 429 3932 cognitionem.
455 3845 510 3912 llla
533 3868 607 3910 vcro
629 3844 773 3911 desinens
789 3843 821 3910 in
836 3844 1015 3924 charitato,
1032 3848 1182 3924 amicum,
