2452 4602
83 300 105 334 ·.
201 275 265 352 4⁰²
517 267 689 318 cenunsrrs
714 259 925 309 emmonim

147 445 153 454 ·
203 427 278 496 opes
289 398 405 467 uimine
420 380 676 458 maledictorum.
693 381 763 447 Hoc
777 374 874 444 veluti
889 395 963 440 esce
979 370 1117 436 irretiunt
1128 371 1196 436 niso·

203 539 267 591 ros,
284 503 351 576 nuri
372 502 575 594 splendorem
595 517 651 560 ore
671 491 779 558 hiante
795 484 999 555 admirantes.
1022 483 1068 548 Ec
1080 480 1198 548 ennun-

202 628 288 693 tione
304 621 372 708 ejus
395 611 482 704 quod
497 609 669 678 honestum
682 613 731 667 est
752 600 879 688 ignaros
899 595 932 661 in
954 604 1114 680 stuporem
1124 590 1199 656 edlu

175 811 179 818 ,
201 747 322 808 centes,
335 739 370 795 ut
380 727 463 816 ipsas
472 722 630 788 mirentur
641 724 810 784 amatores,
823 705 939 774 callido
950 701 1199 772 comminiscuntur

203 843 350 917 artificio,
362 837 416 927 qui
427 835 473 899 eis
484 827 580 921 pnulo
591 838 665 916 post
675 821 768 889 nudis
778 817 941 886 insultent.
957 815 1042 880 Cum
1053 835 1200 880 coranus

107 955 121 964 ’
146 1028 151 1036 ,
201 959 268 1024 ritis
290 953 354 1020 suis
374 947 426 1014 rix
447 967 481 1010 se
501 938 659 1012 exuerint,
683 931 867 1023 opinionem
884 926 1015 1017 pudoris
1039 922 1199 990 simulatione

202 1067 399 1135 affectantes,
411 1051 550 1141 cuipiam
565 1045 618 1112 olii
633 1043 687 1132 qui
701 1039 776 1108 velit
791 1038 866 1104 lieet
879 1060 946 1112 ees,
958 1058 1031 1124 quae
1047 1033 1128 1100 domi
1143 1030 1199 1098 clrc

202 1178 334 1246 duntur,
351 1165 452 1233 nudes
467 1161 574 1226 videre
588 1155 621 1220 in
637 1151 782 1219 balneis-t
800 1147 855 1214 bic
868 1147 955 1212 enim
970 1167 1004 1210 se
1019 1164 1131 1208 exuere
1142 1163 1201 1228 spec

201 1283 369 1353 tatoribus,
381 1287 534 1361 tunquam
545 1287 717 1355 corporum
728 1258 939 1349 cauponibus,
952 1279 1019 1326 non
1029 1255 1199 1321 erubescent.

203 1394 268 1462 sed
282 1386 438 1458 Hesiodus
453 1380 597 1470 quidem,

364 1549 478 1619 Corpus
492 1535 628 1596 femineo
641 1553 700 1590 non
712 1528 874 1588 exhilarare
887 1525 1005 1584 lavacro

203 1692 326 1761 suadet,
339 1683 421 1752 Viris
436 1692 544 1745 nutem
558 1688 591 1741 et
605 1671 742 1740 soeminis
757 1666 940 1736 communia
953 1677 1063 1754 operte
1077 1675 1145 1728 sont
1159 1661 1202 1726 bel

203 1825 263 1870 nee
273 1799 298 1874 ¹,
311 1806 344 1862 et
355 1793 410 1858 bio
424 1796 584 1856 exuuntur
595 1784 636 1849 ed
648 1776 924 1868 intemperentiam
939 1774 999 1860 (ob
1010 1785 1134 1862 aspectu
1143 1771 1202 1836 enin

203 1905 385 1978 hominibus
402 1920 492 1964 emor
512 1889 757 1984 proficiscitur),
775 1883 905 1974 perinde
926 1905 965 1948 uo
980 1883 1006 1948 si
1021 1881 1066 1947 eis
1085 1878 1203 1969 pudoris

205 2017 335 2088 lavacris
357 2009 551 2079 ablueretur.
579 2004 659 2083 Quae
681 2009 788 2064 nutem
810 2018 874 2061 non
898 2016 998 2082 usque
1013 1993 1093 2058 adeo
1107 2011 1203 2056 omnen

202 2129 360 2220 podorem
375 2127 546 2190 exuerunt,
562 2121 708 2178 externos
730 2105 859 2194 quidem
880 2101 1080 2170 excludunt:
1097 2124 1153 2166 una
1165 2119 1205 2164 rn-

203 2255 269 2306 tem
291 2257 367 2302 oum
391 2229 454 2296 suis
476 2221 628 2292 ministris
650 2217 807 2291 lavantur,
830 2225 862 2279 et
891 2235 1002 2298 coram
1024 2212 1119 2279 servis
1139 2207 1205 2276 nate

204 2356 376 2418 exuuntur,
392 2352 426 2405 et
440 2339 480 2405 ub
496 2335 541 2401 eis
555 2332 723 2404 fricentur,
739 2325 876 2404 libidini,
893 2323 1110 2414 quaetsortssse
1122 2331 1206 2386 estse

204 2452 411 2551 pertimescit,
427 2467 577 2516 securum
592 2438 704 2506 saltem
727 2447 911 2502 contectum
931 2433 1146 2500 concedentes
1162 2425 1206 2508 Qu·

205 2568 292 2636 enim
305 2562 399 2631 nudis
412 2555 600 2628 dominnbus
613 2548 655 2614 ad
664 2544 827 2612 lavacrum
838 2541 1098 2616 introducuntur,
1109 2538 1207 2604 stutld

206 2700 240 2742 sc
254 2693 370 2740 exuere
385 2669 428 2734 etl
443 2659 626 2753 cupiditatis¹
639 2654 820 2728 eudociam,
836 2647 921 2718 melo
937 2673 1027 2716 more
1042 2661 1157 2716 metum
1168 2643 1207 2712 ὼ

203 2780 464 2853 cumscribentes.
486 2773 534 2840 Ac
557 2782 678 2838 veteres
697 2764 828 2855 quidem
851 2757 979 2828 othletae
998 2760 1103 2826 virum
1117 2757 1208 2824 nude!

205 2890 373 2962 ostendere
384 2885 621 2954 erubescentes,
635 2878 712 2943 dum
723 2885 886 2940 certamen
898 2871 1105 2960 peragebant,
1116 2865 1210 2935 sorim*

204 3005 244 3071 tio
266 2989 467 3086 subligocnlis
490 2988 658 3058 servabant
676 2982 929 3051 verecundiam:
948 2981 1016 3046 istae
1036 2991 1141 3046 nutem
1155 2993 1210 3041 ern

204 3111 298 3184 simul
313 3131 389 3177 cum
405 3105 512 3171 tunica
528 3103 685 3191 pudorem
698 3095 856 3170 exuerint,
873 3091 986 3169 volunt
999 3093 1127 3181 quidem
1137 3081 1210 3156 vien·

205 3222 364 3314 pulchrum
381 3225 601 3284 verumtamen
615 3205 708 3276 mule
728 3203 778 3274 rel
794 3203 899 3270 invitae
913 3203 1152 3272 convincuntur.
1169 3195 1213 3268 Β·

204 3334 291 3400 enim
305 3327 481 3419 peripsum
496 3341 613 3409 corpus
628 3315 766 3383 maxime
780 3324 911 3402 apparet
934 3309 1050 3380 lascire
1070 3305 1212 3396 concnp's·

204 3443 322 3517 centio,
331 3429 603 3527 quemedmodum
616 3421 803 3515 hydropicis,
814 3444 872 3510 per
886 3420 969 3486 cutis
981 3407 1212 3508 superficiemil

203 3550 373 3624 humidum
386 3543 475 3634 quod
489 3539 693 3608 continetur:
713 3532 800 3622 quod
815 3542 923 3598 notem
938 3532 972 3598 in
988 3541 1122 3617 utroque
1136 3543 1210 3612 agro

203 3673 263 3737 tot,
275 3683 315 3724 ex
329 3658 397 3724 visu
412 3648 625 3742 cognoscitur.
641 3644 776 3734 Oportet
790 3663 869 3730 ergo
881 3641 976 3718 viros,
988 3651 1211 3730 gener-usumve

205 3767 305 3836 ritotis
321 3763 458 3832 beminis
474 3759 649 3848 praebentes
665 3749 859 3842 exemplem»
873 3751 1064 3820 erubescere
1081 3770 1141 3814 unc
1154 3761 1210 3811 cun

238 3893 519 3974 tu‹1en.cunron,p.
533 3907 592 3968 teo.
