2412 4596
232 281 294 325 110
542 283 714 328 ctnttuttrts
742 283 951 327 ttnxtttuttlnl

225 405 336 470 stituit.
357 431 370 465 ι
386 403 456 471 Non
471 403 611 469 dimittes
626 387 776 481 uxorem,
792 405 999 494 praeterqnbm
1010 419 1123 495 propter
1133 407 1153 471 i·
1175 440 1184 463 r

227 513 407 579 »cntionem
417 511 439 577 ¹.
456 539 469 573 s
494 510 694 579 Adulterium
716 524 821 578 autem
840 513 996 578 existimat
1015 515 1143 604 conjungi
1169 550 1184 573 r

224 621 394 696 trimonio,
411 619 487 686 dum
509 619 584 686 vivit
604 619 683 686 alter
699 643 739 685 ex
761 620 920 709 separatis.
947 621 1181 711 Suspicione

224 741 256 794 et
271 729 491 794 criminatione
510 727 642 797 liberam
658 728 764 795 reddit
778 749 928 806 uxorem,
944 741 980 794 ut
994 753 1058 796 non
1069 743 1170 795 ornetu

223 849 369 903 cometus·
395 835 485 927 plus,
515 861 611 925 quam
633 839 673 904 sit
693 837 867 914 decorum,
892 839 948 904 sed
969 839 1089 907 assidue
1108 839 1197 904 πω

221 947 368 1034 precibus
389 957 422 1011 et
437 947 634 1012 orationibus
643 970 653 1020 ς
672 957 769 1034 utque
784 970 803 1012 e
820 947 916 1013 domo
933 970 1017 1036 saepe
1033 971 1096 1013 non
1108 960 1182 1022 exeat,
1198 989 1199 994 κ

222 1055 270 1121 sni
291 1067 402 1122 autem
429 1067 576 1143 aspectu,
592 1055 699 1144 quoad
714 1053 783 1120 fieri
802 1066 926 1144 potest,
946 1053 1092 1120 excludat
1107 1078 1158 1130 eos,

220 1163 344 1230 adeam
367 1185 433 1228 non
456 1163 606 1239 attinent,
629 1161 788 1251 ducetque
805 1162 919 1228 domus
942 1163 1114 1228 custodiam
1129 1187 1171 1226 ua

182 1297 185 1305 ·
218 1272 345 1362 pestivis
363 1272 454 1361 nugis
479 1269 771 1339 conducibiliorem.
791 1272 1012 1352 «Quiautem
1028 1273 1159 1339 dimissam
1181 1312 1184 1321 ν

219 1381 318 1470 »cipit
335 1404 484 1458 uxorem,
500 1379 697 1457 mechatur,
719 1380 814 1468 inquit
834 1380 977 1468 :siquis
997 1380 1078 1446 enin
1108 1379 1155 1437 ·''=1=
1177 1430 1179 1433 .

218 1511 389 1566 sonorem,
401 1487 580 1555 mechatur
590 1488 691 1577 ipsam
704 1486 730 1564 ²,
742 1517 756 1550 ι
770 1487 833 1554 hoo
845 1499 906 1564 est,
917 1489 1126 1578 eogiteamm
1143 1525 1150 1543 ·

217 1597 289 1666 Non
308 1595 411 1663 solum
434 1609 541 1663 autem
565 1595 620 1686 qui
642 1595 778 1674 dimisit,
803 1608 851 1661 est
872 1597 943 1687 ejus
956 1619 1073 1674 causa,
1088 1597 1148 1661 sol·

217 1706 273 1794 qui
291 1727 363 1772 eam
381 1705 538 1794 suscepit,
556 1704 700 1794 praebens
722 1701 846 1769 mulieri
862 1705 1020 1793 peccandi
1045 1738 1049 1763 ι
1085 1740 1102 1764 v
1116 1705 1126 1747 ·'
1148 1750 1150 1755 ,
1170 1736 1173 1746 >

218 1813 342 1880 sienim
352 1836 417 1880 non
426 1813 589 1902 suscipiat,
597 1823 772 1879 revertetur
784 1811 825 1878 ad
835 1813 949 1878 virum.
963 1813 1057 1893 Quid
1067 1837 1126 1878 vero
1148 1854 1154 1865 ν

217 1921 259 1988 Ut
279 1921 430 2010 reprimat
452 1920 494 1986 ad
513 1920 585 1988 vitia
605 1919 867 2010 propensionem,
885 1921 978 2008 jubet
994 1921 1039 1986 de
1061 1922 1159 1986 medlo
1186 1967 1191 1985 ,ι

216 2053 309 2107 eam,
322 2053 393 2117 quae
408 2027 607 2118 adulterata,
623 2040 657 2093 et
671 2026 817 2095 adulterii
832 2026 927 2094 luerit
943 2029 1090 2096 convicta
1101 2055 1108 2093 :
1119 2029 1191 2092 sia*

217 2150 282 2203 tem
311 2137 406 2202 suerit
427 2159 446 2202 e
464 2135 581 2204 familia
603 2136 803 2213 Sacerdotis,
830 2137 924 2225 jubet
947 2160 1022 2204 eam
1045 2138 1103 2228 igni
1119 2127 1191 2207 nti

147 2276 158 2294 ·
217 2245 375 2314 Obruitur
390 2259 497 2312 autem
518 2243 643 2311 adulter
665 2268 790 2334 quoque
812 2241 989 2335 lapidibus,
1004 2247 1062 2312 sed
1077 2245 1190 2317 nonin?

217 2355 291 2422 dem
308 2352 402 2430 loco,
417 2376 459 2440 ne
472 2376 559 2420 mors
573 2353 702 2442 quidem
719 2354 758 2418 sit
773 2353 817 2420 eis
835 2356 1027 2420 communis.
1049 2356 1119 2422 Nm
1146 2388 1160 2399 2
1196 2373 1197 2376 ’

216 2462 311 2553 igitur
324 2464 389 2530 Lex
404 2485 479 2530 cnm
493 2461 662 2552 Evangebo
673 2473 810 2554 pugnat,
828 2461 883 2528 sed
893 2462 923 2528 ei
934 2465 1099 2530 consentit

264 2633 387 2700 Paucis
404 2631 609 2725 concipitur
621 2627 740 2699 verbis
756 2627 989 2699 conclusio‘:

260 2799 462 2866 Terminetur
477 2798 530 2864 bic
542 2821 669 2886 quoqne
683 2798 822 2865 secunda
833 2797 1052 2876 stromatum,
1063 2820 1111 2863 seu
1142 2794 1148 2807 '
1163 2828 1167 2845 ν
1185 2805 1188 2846 ¹·

219 2905 412 2982 laneorum,
439 2907 634 2998 disputatio,
659 2919 788 2996 propter
812 2904 1023 2998 prolixitatem
1052 2902 1191 2994 capitoni

219 3016 464 3084 multitudinem.

258 3145 404 3209 'Matth.v,
416 3148 539 3210 323111,
553 3163 583 3211 95
603 3145 682 3198 Marc.
700 3161 794 3208 x,11,
817 3161 863 3204 125
881 3148 1010 3210 Lucan,
1024 3135 1186 3196 stela·

219 3236 895 3306 'levitam105Dent.m1,an.—⁴1aevit.xxm‚
909 3253 933 3301 9.

258 3324 334 3392 'Peg¹
347 3323 404 3388 ⁵⁰7·
