2452 4602
224 263 291 340 tro
538 283 712 328 eamearn
734 281 947 328 inanimam

225 413 330 477 erant,
344 401 522 470 remedium
538 405 661 481 attulit,
674 429 729 472 eoa
748 429 823 473 vero
841 405 896 492 qui
914 404 951 470 iis
968 403 1214 480 stutnadeut

226 513 418 601 prohibuit.
438 513 515 582 alios
529 517 570 583 ad
586 515 786 583 tolerantiam
801 514 972 582 fundavit.
991 513 1060 580 alios
1071 539 1088 581 a
1099 515 1190 582 ridere
1213 493 1215 590 l

225 624 359 711 pressit.
373 623 451 692 altos
462 649 538 694 vero
548 625 645 693 etiam
657 627 792 702 curant
804 649 863 716 per
877 623 1190 713 contemplationemque
1213 599 1215 634 l

224 733 311 819 qnod
331 747 380 801 eat
394 735 508 812 simile,
527 736 727 803 traducendo
749 735 792 801 ad
811 735 845 800 id
867 734 955 822 quod
970 747 1016 800 est
1030 733 1131 800 melius.
1144 733 1192 813 Qt'
1214 755 1215 810 j

222 843 310 909 enim
324 847 507 936 quempiam
518 846 551 913 in
563 847 612 913 via
626 869 777 935 sequens,
790 869 856 912 non
871 845 1001 920 caverit,
1013 844 1036 910 si
1047 843 1193 934 prioriniaa
1214 845 1215 876 ³

223 973 291 1018 eam
306 955 473 1032 ceciderit,
485 969 520 1021 ut
534 956 652 1023 devitet
668 955 859 1046 periculum,
875 965 1042 1044 peccatum
1053 955 1125 1042 sequi
1135 951 1194 1019 decli

223 1064 325 1129 nansi
341 1064 422 1144 Quis
440 1089 516 1130 vero
538 1065 670 1144 athleta,
689 1068 742 1157 qui
765 1068 935 1154 viamque
953 1065 994 1129 ad
1014 1063 1126 1153 glorian
1140 1063 1194 1128 dudt
1214 1081 1216 1092 ¹

223 1171 382 1250 didicerit,
405 1174 565 1264 aliumque
589 1177 703 1242 viderit
723 1175 890 1252 athletam,
913 1176 968 1263 qui
990 1195 1059 1242 eum
1074 1173 1216 1261 prot&¹

222 1284 389 1370 praemium
405 1286 564 1362 habuisse,
574 1307 642 1354 non
654 1285 819 1352 contendit
830 1286 872 1351 ad
882 1305 1044 1360 coronam,
1054 1284 1137 1371 ipsun
1146 1281 1195 1369 prio
1214 1311 1215 1314 ¹

223 1413 292 1457 rem
309 1393 458 1461 imitans?
472 1394 579 1461 Multe
594 1408 668 1462 sunt
682 1395 839 1486 ejusmodi
850 1393 1066 1461 similitudines
1074 1391 1195 1458 divincta

222 1500 359 1589 pientiae.
378 1503 478 1570 Unius
497 1515 605 1570 autem
625 1504 761 1595 exempli
776 1505 965 1582 meminero,
985 1515 1016 1569 et
1030 1502 1125 1592 paucis
1139 1519 1195 1587 erpa

222 1632 308 1677 nam.
328 1613 366 1679 ld
380 1614 467 1702 quod
481 1615 597 1683 accidit
611 1615 796 1692 Sodomitis,
809 1616 869 1682 luit
884 1615 1013 1704 quidem
1027 1614 1060 1680 iis
1075 1613 1119 1700 qui
1133 1607 1195 1676 soeln

224 1717 418 1785 admiserant
431 1722 603 1809 judicium3
621 1724 823 1816 pedagogica
845 1736 953 1788 autem
972 1721 1113 1787 institutio
1127 1715 1195 1802 iisqul

222 1827 410 1896 audiverint.
429 1830 601 1898 Sodomitae
621 1856 696 1899 cum
711 1856 768 1922 per
790 1832 906 1899 multas
927 1830 1050 1898 delicias
1064 1831 1094 1894 in
1106 1823 1196 1893 libidinis

221 1933 334 2000 vitium
345 1935 561 2026 impegissent,
575 1936 728 2004 adulteria
739 1939 869 2028 quidem
881 1962 993 2005 secure
1005 1935 1195 2005 committente.

220 2069 394 2136 puerorum
416 2061 523 2116 autem
543 2049 654 2117 insano
674 2073 782 2118 amore
801 2051 961 2127 ardentes,
977 2049 1105 2138 respexit
1114 2043 1196 2112 coslo

221 2179 290 2247 gos,
307 2157 360 2245 qui
376 2157 462 2224 videt
478 2159 597 2237 omnia,
613 2181 709 2250 quem
727 2159 826 2226 latere
840 2183 904 2226 non
919 2168 1050 2248 possunt
1064 2156 1111 2244 qni
1122 2151 1196 2219 nete

221 2266 433 2356 perpetrant¹.
451 2267 561 2358 Neque
580 2293 654 2336 aero
675 2293 787 2337 eorum
807 2268 931 2335 libidini
951 2266 1101 2356 acquievit
1114 2260 1197 2352 vtp‘tns

222 2375 354 2444 humani
372 2377 496 2467 generis
511 2376 652 2444 Custos:
674 2401 731 2445 nos
752 2389 858 2444 autem
875 2379 914 2444 ab
936 2375 1062 2443 illorum
1076 2372 1197 2442 imitation

196 2479 199 2490 ’
222 2497 380 2564 avertens,
392 2486 433 2553 ad
444 2509 596 2574 suamque
608 2485 859 2554 moderationem
870 2498 902 2552 et
913 2485 1138 2575 temperantiam
1146 2477 1197 2545 insti

220 2607 326 2672 tuens,
340 2594 460 2684 aliquos
475 2597 601 2663 interim
617 2597 769 2665 invadens
784 2609 982 2687 peccatores,
998 2619 1037 2663 ne
1053 2597 1076 2662 si
1093 2590 1197 2682 impulit

117 2789 120 2796 Ι
221 2701 454 2790 relinqueretur
475 2704 683 2794 impudicitia,
710 2730 748 2772 ea
771 2706 930 2772 frueretur
953 2705 1050 2772 nimia
1069 2703 1198 2770 securitate

220 2811 311 2897 jussit
322 2813 468 2877 comburi
480 2813 619 2880 Sodorm
633 2838 642 2880 ε
655 2815 778 2904 providi
790 2814 871 2881 illius
883 2815 963 2904 ignis
974 2815 1111 2903 exiguam
1120 2821 1197 2901 pantu

220 2915 387 2983 effundens
395 2919 429 2984 in
439 2919 776 3009 intemperantiam,nc
786 2922 811 2986 si
821 2943 885 2987 non
895 2922 1042 3012 castigata
1050 2931 1198 2987 essetecum

219 3023 331 3103 libido,
347 3026 431 3095 sores
447 3030 541 3096 nimis
558 3031 695 3118 aperiret
709 3031 746 3096 iis
760 3031 815 3118 qui
829 3030 977 3096 seruntur
990 3032 1031 3097 ad
1044 3030 1198 3118 volupiam

220 3135 296 3204 Fuit
306 3159 381 3226 ergo
387 3139 508 3228 justum
516 3138 729 3205 Sodomorum
737 3139 929 3228 supplicium
940 3140 1115 3207 hominihus
1122 3138 1200 3221 imp.

219 3271 282 3335 qua
296 3247 336 3313 de
350 3248 551 3338 adipiscenda
571 3247 673 3316 salute
693 3261 782 3316 recte
800 3249 982 3318 ratiocinari
997 3252 1147 3317 discerent
1161 3240 1199 3322 Qu·

220 3359 307 3424 enim
318 3381 383 3425 non
394 3358 538 3425 similiter
553 3361 719 3448 peccarint
729 3361 799 3427 acii
810 3362 863 3449 qui
874 3361 977 3450 puniti
989 3371 1074 3436 sunt,
1084 3373 1199 3443 nunqrss

219 3470 441 3555 peccatoribus
457 3467 573 3544 similes
587 3491 697 3559 poenas
707 3470 866 3545 dederint3
882 3483 918 3535 ut
932 3472 1062 3560 quinon
1072 3461 1199 3559 pmoerlt.

221 3599 348 3665 penam
363 3601 491 3667 quoque
505 3580 656 3646 caverint.
669 3605 683 3640 a
696 3578 778 3647 Volo
792 3581 878 3646 enim
893 3601 949 3647 vos
963 3581 1054 3655 scire,
1070 3569 1200 3664 iisquitlt

220 3713 233 3748 s
250 3687 322 3762 doe,
338 3688 424 3775 quod
437 3690 536 3766 Deus,
548 3693 604 3778 qui
620 3689 717 3758 werel
732 3691 866 3758 semovit
876 3689 1030 3781 populum
1046 3713 1084 3755 ex
1094 3685 1198 3773 AEgyplt·

221 3797 390 3864 »mcundo
416 3800 555 3889 perdidit
575 3823 630 3868 eos
650 3802 704 3890 qui
727 3824 792 3869 non
818 3801 1041 3874 crediderumt
1062 3809 1091 3863 tl
1107 3787 1199 3880 Atell*

248 3911 257 3946 ¹
269 3911 365 3966 (imos.
376 3929 417 3965 xv.
