2574 4628
324 295 523 340 carcerario
548 295 589 338 an
611 295 743 341 carras.
988 297 1047 362 ¹99
1081 297 1086 306 ·

3 411 108 498 quibam
123 433 167 476 ea
181 434 332 500 quorum
342 415 409 502 jam
420 413 503 480 lacta
515 415 636 480 mentio
655 425 704 479 est
720 413 825 481 omnia
838 411 1044 479 deliniuntur.

5 523 154 600 Quisnam
176 523 298 612 itaque
319 546 414 590 mnus
436 523 605 612 judicium,
628 537 660 588 et
676 522 881 614 supplicium,
900 536 932 589 ct
953 524 1047 611 justi·

4 631 82 706 fiam,
101 643 137 697 et
157 632 360 709 vindictam,
385 633 461 700 deos
480 657 549 700 esse
564 627 743 723 putaverit?
758 632 867 722 Neque
881 634 968 698 enim
982 633 1050 697 Fu-

3 741 61 816 ria,
76 761 188 829 neque
204 741 337 817 Parcae,
353 765 458 830 neque
473 741 604 816 Fatum
623 743 774 838 quoniam
785 765 846 809 neo
857 741 1048 831 respublica,

3 871 56 917 mc
80 849 200 942 gloria,
228 875 297 918 nec
320 849 444 926 Plutus,
468 875 563 939 quem
585 852 723 942 pictores
745 875 865 918 caecum
885 853 1048 928 exhibent,

2 959 129 1026 visorum
145 962 182 1028 in
202 985 347 1028 numeru
367 962 505 1028 habendi
521 973 604 1029 sunt.
628 961 795 1029 Sinantem
810 964 1055 1038 verecundiam,

3 1083 33 1136 el
51 1093 213 1148 amorem,
240 1085 278 1138 et
301 1069 460 1138 Venerem
482 1073 515 1138 in
532 1071 607 1138 deos
625 1071 761 1147 refertis,
774 1071 839 1138 hos
854 1095 1049 1161 consequen*

4 1189 51 1244 tur
61 1181 209 1258 inlamia,
219 1195 260 1248 et
273 1180 386 1258 libido,
398 1193 431 1247 el
442 1180 661 1272 pulchritudo,
677 1193 710 1246 et
721 1182 835 1248 coitus.
848 1183 942 1248 Haud
954 1184 1048 1271 igitur

6 1291 69 1378 ima
89 1290 222 1381 gemelli
251 1315 273 1356 a
300 1292 391 1358 robis
418 1291 461 1356 dii
486 1291 622 1382 posthac
641 1292 849 1359 habebuntur
866 1315 994 1360 somnus
1015 1306 1049 1358 et

5 1423 97 1476 mors,
111 1425 191 1468 cum
207 1425 249 1468 ea
268 1402 334 1468 sint
349 1401 533 1469 affectiones
547 1425 619 1490 quas
634 1415 747 1468 natura
763 1402 951 1470 animalibus
966 1404 1047 1470 accl-

9 1511 92 1578 inas.
106 1511 176 1580 Nec
190 1535 256 1601 par
276 1525 325 1579 est
341 1523 377 1580 ut
387 1511 435 1578 rel
446 1513 637 1588 Fortunam,
650 1511 700 1579 vel
712 1512 841 1591 Fatum,
854 1513 903 1580 rel
916 1513 1044 1589 Parcas,

8 1623 77 1688 deas
91 1621 276 1713 appelletis.
296 1622 354 1690 Sin
371 1635 479 1690 autem
501 1621 539 1690 lia
554 1633 587 1689 ct
605 1647 710 1712 pugna
727 1646 792 1690 non
813 1635 888 1691 sunt
906 1624 968 1698 dii;
984 1647 1055 1691 nec·

8 1726 87 1794 llars
98 1753 137 1794 eo
153 1730 306 1806 nomine,
322 1751 384 1796 nec
397 1732 489 1818 Enyo
505 1728 801 1818 dignandiluerint.
813 1729 1005 1810 Quinetiam
1022 1732 1049 1797 si

9 1835 144 1927 fialgura,
162 1853 196 1906 et
219 1838 371 1916 fulmina,
393 1853 426 1906 cl
444 1841 574 1917 imbres,
594 1864 662 1906 esse
684 1841 760 1908 deos
782 1843 923 1931 negatisa
941 1842 1050 1909 curin

13 1969 125 2014 eorum
138 1973 274 2016 numero
291 1949 398 2039 ignem
415 1961 447 2016 el
462 1973 577 2038 aquam
591 1951 767 2039 reponitis?
782 1973 841 2017 cur
854 1951 932 2018 item
943 1951 1047 2019 stellas

18 2056 243 2134 discurrentes,
261 2071 313 2124 aut
327 2072 481 2136 cometas,
499 2083 568 2148 quas
577 2084 623 2128 ,ex
638 2060 804 2128 allectione
816 2062 954 2150 quadam
965 2063 1049 2130 ueris

17 2169 218 2234 nascuntur?
233 2167 292 2249 Qui
308 2193 384 2236 vero
401 2170 497 2236 deam‘
508 2168 645 2259 appellat
659 2171 849 2248 Fortunam,
867 2173 960 2240 dcam
971 2195 1047 2261 qno·

20 2299 84 2363 que
96 2275 232 2366 appellet
242 2280 409 2352 actionem.
426 2279 647 2360 Quamobrem
661 2281 802 2368 sineque
813 2305 853 2347 ex
868 2282 930 2360 hia,
944 2307 1047 2372 neque

18 2409 56 2452 ex
69 2387 132 2454 istis
142 2387 334 2467 simulacris,
351 2414 422 2478 quac
432 2391 579 2458 humanis
592 2393 739 2458 manibus
750 2392 916 2470 fabricata,
928 2417 1049 2462 sensus-

16 2521 76 2585 que
84 2522 215 2587 prorsus
226 2499 369 2590 expertia
381 2512 468 2576 sunt,
481 2501 656 2589 quidquam
666 2501 753 2567 Deus
763 2503 901 2570 hahetur
909 2528 919 2577 ;
933 2504 988 2570 sed
1004 2506 1049 2570 in·
1145 2495 1151 2512 ⁸

13 2631 76 2674 csse
89 2612 184 2676 nobis
195 2621 323 2677 constat
335 2610 508 2698 quamdam
523 2611 636 2678 divinae
648 2612 771 2680 virtutis
784 2615 1046 2702 praeaensionem=

13 2717 53 2784 nil
63 2718 149 2786 aliud
164 2731 391 2831 reslat,'quam
404 2733 439 2786 ut
454 2722 517 2788 hoc
528 2721 696 2798 fateamur,
705 2723 796 2810 ¹quotl
811 2725 865 2812 qui
879 2721 964 2791 solas
975 2749 1048 2792 vere

11 2830 238 2906 existimem,
259 2853 332 2896 rere
355 2828 438 2896 solus
457 2831 557 2907 alsit,
578 2845 610 2897 et
623 2831 728 2898 luerit.
750 2833 813 2913 Qui
834 2837 960 2901 veroid
982 2859 1047 2902 non
1166 2908 1172 2917 ¹

12 2941 160 3018 sentiunt,
190 2938 368 3029 persimiles
394 2953 467 3006 sunt
496 2941 563 3008 istis
584 2943 638 3031 qui
659 2943 901 3033 mandragoram
923 2945 1048 3012 aliudve

12 3049 188 3118 isliunnodi
200 3050 411 3140 pharmacum
427 3051 588 3116 biberunt.
607 3053 692 3119 Deus
708 3067 814 3120 autem
830 3055 918 3120 vobis
930 3079 1049 3123 conce·

13 3159 73 3239 lat,
86 3174 121 3226 ul
131 3185 177 3228 ex
187 3161 254 3228 hoc
265 3183 379 3226 somno
391 3160 520 3228 tandem
531 3164 720 3250 experrecti,
732 3165 837 3253 ipsum
848 3163 1045 3254 percipiatisr

13 3293 68 3338 noc
83 3273 181 3338 robis
195 3293 324 3347 aurum,
341 3292 403 3336 nec
421 3269 512 3359 lapis,
528 3294 589 3339 nee
603 3274 710 3350 arbor,
732 3297 794 3340 nee
808 3274 904 3350 actio,
924 3297 985 3342 nec
1000 3275 1049 3340 al·-

15 3377 113 3459 lectio,
130 3404 199 3448 nec
212 3382 359 3458 morbus,
376 3401 437 3448 nec
447 3393 565 3458 melus,
581 3381 649 3450 Deo
665 3382 773 3450 similis
785 3382 939 3452 rideatur.
957 3383 1049 3454 llam

16 3487 92 3558 haud
106 3491 211 3560 dubie
886 3503 888 3509 '

86 3675 147 3730 Ter
163 3669 261 3728 decies
273 3669 353 3728 mille
365 3684 431 3729 suut
443 3671 473 3730 in
489 3684 567 3730 terra
577 3671 684 3730 multos
697 3685 832 3750 pascente
940 3695 982 3752 J

17 3823 184 3902 demones,
214 3827 303 3893 haud
324 3828 455 3916 quidem
480 3832 694 3906 immortales,
719 3831 774 3896 sed
798 3854 901 3920 neque
923 3847 1048 3900 morla-

16 3929 80 4000 les:
99 3956 161 4004 nec
176 3933 263 4004 enim
281 3957 406 4014 sensus,
423 3959 460 4006 ac
476 3937 608 4026 proinde
628 3939 750 4016 mariis,
772 3940 938 4029 participes
956 3954 1044 4015 sunm

323 4199 340 4255 l
