2738 4628
540 311 701 364 ocravrus.
1097 305 1135 388 75

134 441 194 508 lX.
216 441 272 508 Ac
293 443 376 529 jum,
396 451 431 504 ut
444 439 619 507 faecundius
634 440 785 529 nequiora
796 443 1136 533 proueniunt,serpen-

93 551 173 616 tibus
190 547 225 614 in
248 547 324 614 dies
345 545 477 634 perditis
496 547 650 622 moribus,
669 569 726 635 per
751 547 933 614 universum
957 550 1071 616 orbem
1091 573 1140 616 su·

96 660 197 726 uaria
215 659 277 723 ista
304 657 473 724 teterrima
494 656 601 746 impiae
617 655 762 724 coitionis
777 656 976 725 adolescunt.
994 659 1140 726 Eruenda

102 793 224 860 prorsus
243 769 332 843 baec,
355 780 390 834 et
404 768 582 834 execranda
594 767 770 834 consensio.
791 767 934 834 Occultis
949 791 983 833 se
1003 769 1087 835 notis
1109 780 1140 836 et

105 879 272 968 insignibus
287 889 449 954 noscunt,
461 891 494 944 et
509 891 617 944 ament
628 887 753 954 mutuo,
769 899 851 966 pene
867 891 1036 966 antequam
1047 901 1130 946 nore

109 993 166 1054 rint
177 1011 186 1050 :
199 988 324 1077 passim
339 989 439 1054 etiam
457 989 541 1054 inter
560 1010 613 1054 eos
628 985 714 1053 velut
725 986 873 1074 quasdam
888 985 1056 1052 libidinum
1071 984 1141 1052 reli·

103 1097 151 1188 gio
163 1098 321 1164 miscetur
330 1120 340 1169 ;
356 1119 398 1164 ac
412 1119 446 1161 se
467 1098 626 1185 promisce
640 1095 800 1187 appellant
815 1092 941 1171 lritres,
957 1107 990 1161 et
1002 1117 1138 1171 sorores,

105 1218 139 1272 ut
149 1209 242 1272 etium
260 1228 332 1271 non
347 1203 489 1274 insolens
505 1218 651 1298 stuprum
666 1206 891 1272 intercessione
906 1204 987 1272 seori
1006 1204 1142 1296 nominis

103 1313 154 1382 fiat
163 1315 338 1382 incestum.
358 1313 409 1379 Ita
428 1337 543 1380 eorum
557 1337 636 1380 vana
652 1326 684 1380 et
703 1315 834 1382 demens
848 1314 1031 1403 superstitio
1044 1313 1141 1382 seete

99 1427 182 1492 ribus
193 1425 368 1514 glorium.
382 1423 450 1491 Nee
459 1425 499 1490 de
511 1425 598 1513 ipsis,
608 1425 666 1491 nisi
675 1425 862 1492 subsisteret
872 1427 998 1502 veritus,
1007 1427 1144 1493 menime

98 1537 228 1602 etruria
242 1535 423 1600 ethonore
438 1534 599 1623 prielunda
614 1559 708 1623 sagax
723 1535 807 1602 sama
827 1535 1020 1623 loqueretur.
1039 1538 1144 1605 Audio

99 1667 153 1710 eos
162 1644 359 1732 turpissime
375 1642 508 1729 pecudis
524 1655 620 1729 eaput
634 1642 713 1708 asini
729 1655 951 1712 consecratum
964 1647 1070 1736 inepto
1085 1669 1144 1712 ne-

102 1755 166 1819 seio
177 1776 239 1840 qua
253 1753 466 1840 persuasione
479 1752 634 1818 venerari.
649 1752 748 1842 Digna
765 1765 797 1820 et
812 1766 886 1820 nate
901 1753 1013 1844 religio
1029 1754 1144 1822 telibus

103 1864 255 1932 moribus.
271 1861 335 1928 Alii
346 1885 403 1928 eos
414 1861 523 1928 ferunt
537 1860 633 1951 ipsius
650 1863 794 1930 antistitis
806 1887 845 1932 ee
856 1865 1030 1931 sacerdotis
1041 1863 1145 1932 colere

110 1971 267 2061 genitalia,
280 1985 313 2037 et
327 1973 417 2060 quasi
433 1971 573 2060 parentis
587 1972 635 2038 sui
651 1971 782 2038 adorare
797 1985 955 2040 usturam.
975 1974 1089 2042 Nescio
1103 1999 1144 2042 an

116 2080 206 2158 falsa,
217 2093 302 2148 certe
318 2080 450 2149 occultis
473 2103 512 2148 ac
533 2080 698 2148 nocturnis
715 2082 811 2148 saeris
828 2083 971 2171 appositu
991 2083 1141 2172 suspicio.

118 2192 160 2259 Et
176 2191 228 2278 qui
242 2190 398 2256 bominem
413 2211 540 2256 summo
552 2186 706 2279 supplicio
717 2213 776 2278 pro
787 2190 928 2258 facinore
938 2194 1098 2282 punitum,
1111 2208 1144 2261 et

114 2301 217 2368 erucis
230 2298 315 2388 lr'gns
328 2298 435 2364 feralia
447 2321 563 2364 eorum
574 2298 957 2376 ceremonieslnbulutur,
971 2324 1145 2391 congruen-

109 2411 151 2476 tin
165 2409 299 2500 perditis
319 2407 545 2496 sceleratisque
564 2406 677 2472 tribuit
697 2404 820 2482 altaria,
840 2420 873 2472 ut
891 2408 925 2474 id
940 2407 1046 2477 colant
1060 2413 1145 2498 quod

106 2533 282 2586 merentur.
302 2520 376 2587 er
393 2517 433 2584 de
456 2517 619 2585 initiandis
638 2515 805 2584 tirunculis
827 2515 930 2584 sabula
953 2531 1018 2584 tam
1040 2520 1146 2590 detes·-

102 2630 200 2696 tanda
211 2652 312 2717 quam
323 2639 400 2693 note
413 2639 471 2692 est.
487 2626 593 2692 luleus
604 2624 688 2692 ferre
702 2635 886 2704 contectus,
900 2640 935 2693 ut
947 2628 1084 2718 decipiet
1098 2631 1144 2698 in-

103 2753 231 2818 cautos,
248 2738 427 2828 apponitur
437 2739 466 2802 ei
482 2738 536 2825 qui
549 2737 644 2804 sacris
661 2737 832 2803 imbuetur.
852 2736 881 2802 ls
895 2737 997 2804 iulans
1011 2763 1030 2804 a
1045 2741 1144 2821 tirun-

102 2850 187 2929 culo,
212 2851 309 2916 fer-ris
329 2847 499 2937 superficie
518 2848 606 2936 quusi
630 2847 670 2912 ad
688 2848 832 2915 innoxios
858 2847 939 2914 ictus
958 2861 1142 2938 provocato,

104 2964 194 3030 caecis
206 2953 413 3047 occultisque
426 2957 607 3026 vulneribus
619 2957 775 3024 occiditur
792 2980 800 3022 :
816 2958 925 3047 hujus,
937 2960 1020 3048 proh
1034 2960 1140 3026 nelasl

9 3063 11 3068 ¹
103 3072 248 3138 sitienter
268 3068 461 3158 sanguinem
476 3066 631 3144 lambunt,
647 3068 744 3156 hujus
760 3069 905 3136 certatim
919 3071 1064 3134 membru
1080 3070 1146 3137 dis-

100 3183 271 3272 pertiunt,
289 3179 352 3245 hec
367 3177 563 3245 soederantur
583 3177 704 3254 hostie,
722 3178 783 3244 hac
806 3179 999 3246 conscientia
1019 3178 1144 3248 sceleris
1212 3161 1215 3170 ¹

101 3293 141 3358 a'd
163 3289 336 3357 silentium
358 3300 508 3354 mutuum
532 3287 750 3376 pignorentur.
769 3289 845 3355 Haec
868 3311 957 3354 sacre
978 3288 1144 3381 sacrilegiis

102 3401 259 3467 omnibus
280 3399 425 3463 tetriora.
440 3397 482 3462 Et
497 3395 536 3462 de
556 3397 699 3466 convivio
721 3409 834 3462 notum
858 3409 905 3462 est
920 3419 928 3460 :
945 3399 1058 3486 passim
1073 3423 1147 3466 om·
1253 3395 1257 3403 ’

102 3535 159 3578 nes
171 3510 380 3597 loquuntur:
396 3507 430 3572 id
441 3505 537 3572 etiem
550 3506 699 3572 Cirtensis
711 3507 810 3572 nostri
823 3516 956 3599 testatur
969 3511 1078 3576 cretio.
1093 3509 1145 3578 Ad

104 3620 218 3712 epulas
235 3617 374 3685 solemni
393 3617 444 3682 die
455 3624 585 3692 coeunt,
599 3617 831 3683 cumomnibus
842 3615 1149 3698 liberis,sororibus,¹

104 3732 278 3806 matribus,
297 3752 392 3795 sexus
407 3727 510 3794 omnis
525 3728 670 3794 homines
689 3741 722 3794 et
743 3727 844 3794 omnis
857 3731 977 3796 aetatis:
995 3730 1059 3800 illie
1072 3743 1144 3820 post

106 3840 226 3908 multus
248 3837 380 3930 epulas,
402 3837 458 3903 ubi
477 3837 657 3906 cousinium
684 3835 791 3914 caluit,
817 3850 849 3904 ot
869 3840 996 3909 incesta
1021 3839 1143 3910 libidini

109 3952 271 4018 ebrietatis
293 3947 404 4016 fervor
418 3947 556 4024 exarsit,
573 3945 661 4016 cenis
683 3947 737 4034 qui
756 3947 943 4015 candelabro
964 3970 1062 4016 nexus
1084 3963 1146 4027 est,
