2570 4614
392 275 591 330 recusatus,
615 277 677 320 aaa.
706 279 728 320 1.
1019 263 1082 350 ⁹59

15 413 70 465 tur
83 401 130 466 ad
147 400 398 490 poenitentiam,
417 413 450 466 et
468 401 546 468 dicit
565 425 621 490 per
632 398 803 468 Ewchiel:
826 400 910 469 «Fili
928 401 1080 480 bominis.
1113 461 1117 470 .

15 512 77 575 »in
102 512 230 577 medio
253 511 455 602 scorpiorum
477 524 514 576 tu
536 510 660 579 habitas
680 536 688 576 ε
710 524 933 580 verumtamen
951 513 1082 604 loquere

14 650 28 682 ι
45 621 138 709 ipsis,
154 623 184 686 si
199 621 292 686 sorte
305 621 462 687 audierint
479 619 501 686 ¹.
521 621 733 701 »Quinetiam
744 620 823 688 Mosi
834 622 934 690 dicit:
952 650 965 686 ι
980 622 1082 701 Vade,

15 743 75 796 »et
92 729 152 797 die
173 731 362 808 Pharaoni,
388 741 423 798 ut
441 731 566 800 emittat
588 729 765 822 populum:
784 755 843 821 ogo
866 745 972 812 autem
994 737 1081 812 novi,

16 840 135 929 ‚quod
160 863 243 908 non
265 841 392 908 emittet
414 841 499 930 ipsos
522 839 547 914 ἓ.
573 841 780 930 »Utrumque
800 843 886 910 enim
906 855 1015 931 aperte
1030 869 1084 911 os·
1164 863 1170 874 ’

16 951 138 1028 tendit,
155 965 197 1017 et
216 951 435 1028 divinitatem,
452 975 491 1018 ex
510 953 707 1042 prescientia
728 952 845 1027 futuri3
863 964 895 1018 et
909 954 1084 1044 benignita-

18 1073 99 1136 tem,
117 1085 161 1127 eo
179 1062 284 1150 quod
300 1059 401 1128 libero
415 1062 512 1128 animi
533 1059 666 1128 arbitrio
681 1060 812 1151 largitus
828 1062 868 1127 sit
883 1064 1083 1132 occasionem

17 1173 248 1262 poeuitentiae.
269 1173 429 1242 Admonet
444 1173 540 1238 etiam
555 1196 614 1262 per
629 1173 767 1249 Esaiam,
784 1171 893 1262 populi
908 1197 1018 1241 curam
1032 1199 1084 1266 ge-

20 1305 108 1358 rens,
134 1281 285 1370 quando
304 1280 379 1346 dicit
395 1302 402 1343 :
421 1279 511 1347 «Hic
528 1279 665 1370 populus
685 1279 776 1346 labiis
795 1303 847 1346 me
861 1281 1009 1359 honorat,
1027 1307 1084 1351 cor

23 1421 37 1456 ι
52 1405 165 1458 autem
184 1413 312 1458 eorum
328 1389 420 1479 longe
434 1402 514 1457 csta
531 1415 582 1456 me
595 1390 606 1425 ⁸
621 1413 629 1454 :
651 1390 745 1458 ›baec
760 1403 808 1456 est
823 1391 1011 1480 vituperatio
1027 1415 1084 1460 co·

24 1524 178 1591 arguens
214 1526 232 1560 ι
254 1500 387 1565 Frustra
407 1511 514 1565 autem
529 1521 580 1565 me
603 1498 725 1577 colunt,
741 1500 892 1566 docentes
910 1501 1082 1580 doctrinas,

23 1612 217 1677 amandata
243 1610 415 1675 bominum
434 1630 442 1672 :
461 1635 475 1670 ι
492 1608 545 1674 hic
566 1609 702 1683 curatio,
724 1631 798 1674 eum
816 1621 987 1698 peccatum
1013 1635 1084 1678 ma-

24 1723 213 1796 nifestavit.
233 1719 257 1787 e
268 1722 399 1810 vestigio
412 1719 548 1788 salutem
559 1719 713 1794 ostendit;
732 1721 906 1810 increpatio
916 1734 1025 1789 autem
1037 1734 1086 1789 est

26 1845 169 1925 propter
192 1831 309 1921 turpia
327 1831 530 1920 vituperatio,
547 1851 617 1918 quae
633 1829 674 1895 ad
687 1828 822 1895 honesta
838 1829 997 1898 conciliet.
1016 1833 1085 1900 Hoc

28 1945 225 2010 ostenditur
240 1964 301 2032 per
320 1941 514 2009 Hieremiam
532 1965 540 2006 ε
560 1966 574 2001 a
590 1941 671 2029 Equi
686 1941 719 2006 iu
734 1940 879 2008 soeminas
894 1942 1086 2009 insanientes

32 2085 48 2118 ι
66 2054 148 2120 facti
166 2065 270 2119 sunt:
285 2053 500 2140 unusquisque
511 2049 553 2116 ad
563 2072 696 2114 uxorem
707 2051 841 2139 proximi
852 2051 900 2116 sui
911 2051 1087 2120 binniebat.

33 2191 49 2228 a
67 2163 246 2253 Numquid
260 2175 390 2252 propter
405 2161 474 2228 hee
497 2183 562 2226 non
575 2160 723 2234 visitabo,
744 2159 826 2224 dicit
841 2160 1017 2236 Dominus,
1037 2161 1088 2228 vel

32 2307 48 2340 ι
64 2277 101 2342 in
118 2273 248 2365 populo
266 2271 322 2339 tali
344 2295 410 2338 non
430 2271 603 2337 vindicabit
623 2269 728 2334 anima
750 2291 821 2336 mea
838 2268 871 2332 Ῥ
885 2295 899 2332 t
914 2269 1088 2360 Gonjunp't

31 2399 149 2453 autem
174 2386 301 2474 ubique
323 2385 485 2459 timorem,
506 2382 623 2471 quod«
644 2381 740 2446 timor
756 2379 884 2445 Domini
908 2379 949 2444 sit
967 2380 1088 2468 prinei-

29 2529 44 2560 ι
57 2499 159 2588 pium
179 2517 298 2563 sensus
316 2495 338 2560 ⁵.
356 2523 369 2556 s
385 2495 426 2562 Et
442 2515 550 2558 rursus
566 2514 623 2580 per
641 2489 744 2556 Osee:
762 2515 775 2550 a
790 2489 861 2556 Non
877 2489 1022 2565 visitabo,
1040 2490 1090 2554 in·

29 2611 154 2698 spuit,
180 2604 297 2696 ipsos?
314 2603 464 2693 quoniam
482 2602 541 2692 ipsi
560 2623 636 2667 cum
657 2599 879 2666 meretricibus
899 2599 1089 2667 commisce-

29 2721 207 2792 »bantun
233 2727 268 2780 et
294 2735 368 2780 cum
389 2711 519 2778 initiatis
545 2709 782 2782 sacrificabant3
805 2720 837 2774 et
860 2707 1010 2799 populus,
1034 2710 1090 2799 qui

28 2825 290 2915 »intelligebat
318 2821 572 2911 conjungebatur
590 2840 671 2884 'cum
694 2819 861 2884 meretrice
881 2816 903 2884 ⁶.
932 2848 946 2882 s
967 2821 1090 2888 Eorum

30 2953 222 3028 peccatum
238 2935 379 3001 ostendit
394 2935 547 3024 apertius,
562 2932 639 2998 dum
653 2955 707 2998 eos
718 2929 892 3020 intelligere
907 2931 1036 3006 fatetur.
1053 2946 1090 2998 ut

29 3050 92 3140 qui
112 3071 175 3115 sua
195 3057 313 3136 sponte
332 3057 365 3110 et
385 3042 530 3113 consulto
549 3053 729 3132 peccarent.
752 3039 961 3131 inteliigeutia
981 3056 1089 3108 autom

27 3173 83 3228 cst
93 3162 225 3227 animae
240 3153 366 3230 oculus,
384 3167 417 3221 et
431 3154 503 3220 ideo
518 3150 613 3219 Israel
629 3162 689 3227 est,
706 3149 759 3240 qui
778 3151 986 3216 Deumeidot
999 3175 1011 3216 .·
1026 3149 1091 3218 hoe

26 3285 96 3349 est,
119 3271 186 3361 qui
213 3267 320 3335 Deum
345 3263 500 3355 intelligit.
524 3259 662 3345 Querela
685 3273 791 3327 autem
813 3271 862 3325 est
885 3259 1087 3348 vituperatio,

27 3395 204 3470 tanquam
219 3397 333 3441 eorum
348 3375 402 3462 qui
414 3383 636 3446 contemnunt,
654 3367 702 3438 vel
718 3367 891 3458 negligunt.
907 3369 977 3435 Hoc
993 3371 1089 3436 modo

28 3487 249 3579 Paedagogise
270 3507 346 3550 usus
366 3495 414 3548 est
434 3501 491 3571 per
511 3481 648 3556 Esaiam,
668 3479 778 3544 dicens
797 3500 805 3541 :
825 3475 936 3542 «Audi
956 3477 1087 3555 ooelum,

29 3615 97 3671 ‚ct
115 3595 272 3668 ausculta
295 3607 394 3670 terra,
412 3593 559 3682 quoniam
575 3592 730 3658 Dominus
749 3586 877 3654 locutus
897 3599 968 3654 est:
990 3587 1087 3656 Filios

29 3743 45 3776 ι
58 3711 173 3804 genui
189 3720 223 3774 ct
244 3701 356 3783 extuli,
378 3703 435 3793 ipsi
456 3723 533 3768 vero
551 3723 603 3767 me
623 3698 714 3766 nihili
735 3698 903 3766 duxerunt.
923 3697 1016 3766 Novit
1030 3702 1090 3766 bos

67 3870 239 3929 ussatei,
248 3868 276 3929 6,
285 3883 309 3932 7.
320 3891 353 3902 -
365 3861 377 3898 ²
389 3859 471 3914 Exod.
484 3879 524 3922 ur,
541 3861 580 3922 ι8,
596 3875 630 3927 ¹9·
647 3887 676 3898 -
696 3859 705 3892 ³
719 3860 777 3909 lsai.
792 3873 863 3924 xxix,
876 3861 914 3912 15.
927 3887 958 3898 —-
970 3858 980 3894 ⁶
990 3861 1044 3910 Jer.
1066 3877 1092 3921 v,

27 3953 58 4013 8,
72 3967 104 4017 9.
117 3973 158 3988 -·
172 3943 267 3995 *Pron
284 3962 302 4004 1,
313 3957 336 4008 7.
352 3967 382 3978 -
395 3939 405 3973 ⁸
419 3939 462 3989 Oa.
478 3955 512 4000 tv,
528 3937 564 3996 ad.
