2382 4592
294 287 483 335 ortoutntttt
505 289 567 332 tte.
593 289 621 332 V·
916 287 979 358 209

9 415 78 484 dtus
90 411 221 482 Domini.
241 407 455 478 Ptdchonrime
474 409 572 499 igitur
590 407 641 476 his
661 429 789 498 quoqne
813 410 984 501 Euripides

9 521 148 616 ipulutm,
163 519 303 588 scribens
318 542 327 584 :
710 535 713 538 ·

53 669 193 747 Quonam
207 667 314 727 domus
330 667 388 738 sit,
404 665 480 725 fabri
496 666 573 726 tacta
587 683 655 744 quae
667 685 776 741 manu,

56 772 118 846 Qua
128 767 273 830 contineri
288 767 384 847 possit
398 767 566 826 immensus
583 761 687 826 Dens?

13 907 47 974 de
57 903 209 973 sacrificiis
221 900 387 979 similiter,

58 1057 120 1118 Non
132 1053 177 1114 his
190 1052 308 1133 egebit,
322 1051 450 1113 simodo
465 1061 512 1112 est
527 1069 616 1112 tenos
629 1053 724 1110 Deus.

58 1197 259 1220 .......
275 1154 372 1232 ttugae
383 1169 451 1232 quae
463 1153 587 1233 poetico
597 1171 701 1218 metm.

9 1297 72 1364 iens
87 1293 168 1360 onim
182 1315 247 1358 non
267 1290 345 1356 iecit
359 1289 517 1356 mnndum
533 1288 676 1356 utilitatis
693 1288 815 1380 gratia,
832 1302 868 1356 ut
882 1289 988 1360 hono-

9 1425 34 1472 ω
47 1401 154 1468 scilicet
171 1401 210 1467 ob
224 1397 412 1466 hominibus
426 1448 436 1473 ,
452 1409 484 1463 et
500 1399 539 1463 ab
557 1395 624 1464 aliis
642 1397 701 1464 diis
722 1409 754 1463 et
770 1397 987 1477 daemonibus,

9 1511 78 1599 nquit
88 1511 183 1586 Pluto,
196 1508 376 1598 perciperet
386 1556 395 1583 ,
407 1504 504 1572 veluti
512 1504 673 1594 quoddam
686 1506 820 1596 vectigal
829 1506 988 1596 accipiens

19 1618 230 1708 generetiono:
256 1615 382 1682 anobis
402 1613 532 1702 quidem
554 1613 679 1692 fttmos,
705 1639 723 1680 a
743 1613 802 1680 diis
828 1627 937 1682 nutem
957 1627 991 1681 et

9 1727 170 1793 emcnibus
183 1724 312 1815 propria
327 1745 438 1789 comm
454 1743 587 1789 munera
604 1745 641 1788 ac
655 1721 864 1790 ministeria.»
881 1724 992 1814 Appo-

9 1833 101 1924 itsimo
114 1857 189 1924 engo
199 1846 234 1900 ct
243 1829 464 1899 efficacissime
480 1830 521 1897 ad
536 1830 718 1896 docendum
728 1829 844 1897 Paulus
859 1830 992 1899 indetis

9 1941 195 2018 tostolonnm,
211 1941 351 2016 «Deus,
371 1938 486 2027 inquit,
504 1938 558 2026 qui
573 1938 649 2004 fecit
667 1939 844 2016 mundum,
864 1951 898 2006 ot
919 1961 992 2006 om-

9 2049 36 2116 ia
49 2071 114 2138 quat
132 2050 164 2115 in
184 2073 223 2114 eo
245 2059 339 2122 stmt,
363 2046 390 2111 is
418 2069 493 2112 cum
515 2045 555 2110 sit
572 2045 728 2112 Dominus
739 2043 815 2112 'coeli
829 2059 863 2112 et
877 2059 990 2125 tornac,

9 2176 46 2222 tm
66 2158 97 2223 in
121 2155 311 2224 manufactis
330 2151 457 2242 templis
478 2152 622 2230 habitat,
658 2177 762 2242 neque
784 2155 823 2220 ab
845 2153 994 2224 humanis

9 2266 123 2331 mnibus
137 2255 255 2332 colitur
274 2261 378 2350 aliquo
399 2261 562 2350 indigens,
586 2283 662 2327 cum
683 2261 749 2351 ipsc
770 2261 825 2328 dot
846 2265 995 2332 omnihus

9 2371 124 2462 picitnm
140 2385 174 2437 ct
188 2371 331 2436 vitamet
345 2368 482 2436 omnis¹.
501 2395 515 2430 s
535 2368 621 2435 Dicit
639 2380 747 2435 autem
763 2367 852 2436 Zeno
870 2393 996 2462 quoqne

9 2477 69 2548 otor
84 2491 179 2546 sectae
194 2477 329 2553 Stoicae,
347 2475 379 2542 in
392 2475 475 2542 libro
494 2476 535 2543 de
548 2475 740 2566 Republica,
752 2503 765 2538 ι
777 2477 886 2566 Neque
901 2501 998 2569 opor-

9 2607 50 2655 tte
63 2585 183 2677 templo
203 2586 324 2661 facem,
339 2571 405 2651 'nec
423 2581 591 2652 simulacta
615 2609 624 2650 τ
644 2582 723 2651 nihil
746 2586 832 2653 enim
854 2587 941 2675 quod
958 2587 1000 2654 sit

9 2697 193 2787 ompositum
213 2715 281 2760 esse
303 2691 362 2760 diis
385 2693 527 2782 dignum.
543 2719 556 2754 a
572 2692 640 2760 Nec
662 2692 779 2760 veritus
795 2705 843 2761 est
862 2693 933 2762 haec
947 2693 998 2764 hie

9 2803 64 2870 tisis
84 2803 223 2870 scribone
241 2825 252 2868 :-
269 2801 406 2889 «Neque
427 2823 506 2890 opus
521 2801 582 2865 ecit
597 2801 668 2867 fana
686 2799 864 2882 aedificare,
887 2803 998 2872 fenum

9 2911 68 2978 nim
82 2935 145 2978 non
156 2910 263 3002 magni
278 2909 372 3000 pretii
384 2929 509 2997 ,neque
526 2931 576 2974 tes
588 2919 697 2976 sancta
711 2922 759 2976 est
774 2911 993 2980 existimanda.

9 3015 111 3086 iulium
126 3031 235 3086 nutem
258 3017 364 3106 magni
384 3016 476 3105 pretii
497 3028 530 3081 et
546 3027 692 3083 sanctum
706 3029 755 3083 est
768 3014 999 3088 aedificatotum

9 3146 64 3215 pus
74 3140 106 3192 et
116 3123 318 3193 illiberalium
330 3123 492 3213 opiticum„
508 3152 521 3186 ι
536 3123 649 3190 Merito
663 3147 740 3215 ergo
754 3125 844 3193 Plato
859 3151 999 3217 quoque.

9 3231 64 3300 iens
78 3234 236 3302 mundum
251 3255 318 3300 esso
333 3233 393 3299 Dei
407 3230 584 3321 tempium,
602 3229 724 3300 civibus
739 3235 878 3300 ostendit
893 3233 1001 3304 locum
1020 3253 1024 3260 '

9 3339 121 3419 vitatis,
150 3343 206 3409 ubi
229 3341 274 3408 eis
302 3352 409 3408 essent
435 3340 617 3430 reponenda
639 3339 820 3409 simulacra.
850 3341 1001 3413 Privatim

9 3459 69 3516 tom
96 3447 264 3540 prohibuit
291 3462 326 3515 ut
355 3471 450 3514 nemo
479 3447 613 3514 haberet
642 3449 784 3516 Deorum
810 3449 999 3521 simulacra:

9 3555 96 3626 Nemo
117 3583 193 3649 ergo
222 3556 321 3633 alius,
346 3554 465 3643 inquit,
488 3555 548 3622 diis
573 3554 693 3646 templa·
714 3572 889 3625 consecret.
919 3558 1001 3630 Nam

9 3687 100 3732 tutum
119 3666 252 3754 quidem
267 3676 301 3731 et
316 3675 503 3754 argentum,
518 3665 599 3730 etin
617 3662 684 3731 aliis
702 3665 881 3734 civitatibus
895 3669 1003 3759 priva-

9 3769 67 3849 im,
83 3775 163 3840 etin
179 3773 325 3863 templis.
345 3797 397 3846 tes
415 3785 464 3842 est
483 3773 657 3843 invidiosas
678 3785 748 3842 tum
770 3777 851 3846 ebur
872 3798 912 3845 ex·
933 3780 1004 3847 inn-

13 3916 237 3986 'Ao.m1‚2t,
254 3919 296 3972 25.

122 4033 163 4076 tv.
857 4019 895 4093 ¹4
