2522 4608
352 285 635 346 serueueram.
661 291 695 336 n.
960 279 1035 369 '519

16 409 172 500 lpnstolus
192 409 271 476 dicit
290 431 387 478 esse«
407 410 549 478 radicem
570 413 714 479 omnium
738 412 896 484 malorum
913 439 922 482 a
939 439 1036 506 quam

16 519 159 611 »quidam
175 531 373 608 appetentes,
390 543 407 585 a
423 518 488 585 lide
502 523 703 598 aben-sumt,
720 534 753 588 et
766 521 884 613 seipsos
899 525 1037 594 conlise-

15 643 103 698 srunt
117 629 230 696 multis
245 625 437 696 doloribus¹.
457 628 576 698 »Verre
591 642 698 698 autem
712 632 829 700 divitiae
850 647 936 711 sunt,
957 658 1039 725 pau-

13 751 104 831 pertas
127 737 361 828 cupiditatum²
383 763 392 804 :
414 751 448 807 at
466 761 540 806 vera
564 741 661 806 animi
683 741 867 832 magnitudo
888 755 949 823 est,
972 767 1045 815 non*

14 865 130 942 propter
146 851 271 918 divitias
286 873 417 942 magnos
431 850 559 940 spiritus
570 873 710 930 sumere,
723 853 779 920 sed
793 877 846 920 eas
855 855 1035 946 despicere.

14 963 51 1028 lle
62 958 262 1069 supellectile
273 970 381 1026 autem
390 973 423 1026 et
432 960 513 1028 vasis
525 983 558 1026 se
569 960 690 1050 jactare
700 973 750 1028 est
759 985 914 1052 perquam
924 977 1035 1058 turpe:

16 1072 167 1138 nonenim
178 1072 268 1138 ineis
283 1071 423 1137 studium
438 1094 531 1140 suum
543 1094 664 1161 ponere
678 1085 807 1161 aequum
821 1087 882 1152 est,
899 1099 969 1165 que
982 1101 1040 1144 vo-

14 1183 75 1250 lanti
91 1183 170 1250 licet
184 1181 269 1248 sele
289 1181 360 1249 loro
376 1205 494 1250 emere.
518 1181 678 1272 Sapientia
695 1195 803 1251 autem
819 1187 963 1254 eminae
981 1212 1041 1278 po-

15 1306 63 1360 test
75 1307 209 1360 tenum
224 1293 427 1370 numismate,
439 1293 544 1361 necin
558 1293 640 1371 soro,
656 1294 713 1361 sed
727 1295 761 1362 in
773 1293 855 1364 coelo
869 1297 1017 1364 venditur
1030 1321 1041 1366 s

14 1413 41 1467 ot
54 1401 139 1488 justo
157 1425 294 1470 nummo
315 1401 476 1478 venditur,
499 1423 616 1492 nempe
630 1401 717 1492 Logo
737 1403 922 1482 immortali,
935 1387 1043 1497 'regali

16 1533 114 1578 sama.

410 1698 564 1768 CAPUT
586 1698 646 1768 tv.

203 1881 348 1967 Quonaodo
361 1887 390 1944 in
403 1887 535 1947 οοηνίνίἰε
548 1907 578 1946 sc
591 1901 850 1965 recrearemur-teat.
921 1943 924 1952 .

62 2075 241 2142 lconuivio
256 2089 366 2142 antem
380 2071 525 2142 rationali
543 2075 626 2141 absit
640 2075 827 2142 comessatio
843 2095 852 2139 t
871 2075 1045 2164 quinetiam

17 2188 127 2253 inanes
136 2183 254 2276 vigilie,
267 2209 339 2276 quae
351 2185 391 2251 de
402 2181 575 2276 petulantia
587 2185 646 2252 sibi
658 2181 795 2274 placent.
810 2187 867 2251 Est
879 2187 966 2253 enim
976 2187 1046 2254 haec

17 2297 213 2374 comessatio,
233 2297 311 2364 tibia
335 2295 506 2371 inebrians,
533 2294 755 2384 extemporalis
775 2296 920 2361 amatorii
942 2296 1048 2386 pontis

16 2407 206 2497 impotentiae
218 2405 341 2476 catena.
357 2407 458 2474 Amor
467 2417 588 2482 autem,
597 2417 631 2470 et
641 2405 790 2481 ebrietas,
803 2417 836 2471 et
847 2407 1050 2495 quaeratione

13 2531 123 2588 carent
133 2519 333 2596 affectiones,
350 2544 370 2586 a
384 2531 495 2586 nostro
509 2517 608 2585 choro
620 2515 738 2608 procul
746 2518 965 2585 amandantur.
982 2519 1050 2586 Una

12 2643 120 2698 autem
143 2653 220 2699 cum
240 2629 416 2721 petulantia
445 2631 478 2696 in
501 2629 730 2696 comessatione
750 2641 894 2696 versatur
918 2627 1052 2698 ridicula
1087 2623 1088 2628 ¹

11 2740 170 2810 cantilena
195 2763 205 2807 ε
228 2741 262 2806 iu
284 2751 365 2830 potu
384 2763 459 2806 vero
479 2736 591 2829 vigiliae
609 2739 797 2806 ebrietatem
820 2734 999 2820 accersunt,
1019 2752 1053 2807 et

12 2851 153 2917 entium
166 2849 347 2925 libidinem,
361 2861 394 2915 et
408 2861 483 2915 sunt
497 2848 538 2914 ud
553 2849 657 2938 turpia
673 2847 815 2916 facienda
830 2850 977 2917 audaces.
996 2849 1053 2921 Sin

12 2975 122 3028 auwm
132 2963 166 3028 in
178 2961 277 3036 tibiis,
292 2971 325 3026 et
336 2958 504 3052 psalteriis,
517 2957 624 3052 choris
635 2971 667 3024 et
678 2957 910 3036 saltationibus,
923 2973 956 3026 et
966 2960 1053 3051 plau·

11 3071 102 3139 sibus
110 3069 350 3161 AEgyptiorum,
360 3082 393 3135 et
404 3066 562 3136 dissolutis
573 3068 729 3156 ejusmodi
742 3069 813 3135 otiis
825 3070 965 3136 studiose
981 3093 1055 3136 ver-

10 3193 140 3258 sentur,
157 3179 247 3248 valde
261 3179 457 3256 immodesti,
473 3190 507 3245 et
522 3199 539 3243 a
555 3179 639 3245 bona
655 3158 820 3268 disciplina
836 3177 930 3245 alieni
945 3201 1055 3246 evase-

7 3293 95 3371 rint,
112 3305 227 3382 utpote
249 3313 329 3379 quos
352 3285 498 3378 cymbula
519 3297 553 3354 et
570 3299 721 3380 tympana
745 3290 1003 3366 circumsonent,
1024 3299 1057 3355 et

8 3403 138 3469 bandis
158 3401 365 3468 instrumenta
387 3397 651 3488 circumstrepant
667 3421 676 3464 a
695 3397 788 3489 plane
803 3399 903 3474 enim,
919 3409 954 3463 ut
977 3397 1056 3465 mihi

6 3509 158 3587 videtur,
169 3507 327 3601 ejusmodi
338 3506 520 3576 convivium
529 3519 578 3575 est
590 3507 751 3575 ebrietatis
764 3506 934 3573 theatrum.
949 3507 1056 3573 «Cum

8 3648 23 3683 a
39 3621 135 3688 enim
146 3622 347 3688 tenebrarum
354 3617 648 3708 operaexuerimus,
658 3617 790 3684 induere
799 3639 885 3682 arma
893 3616 971 3684 lucis
983 3619 1057 3685 vait

6 3759 22 3796 a
36 3731 236 3822 Apostolus,
251 3743 287 3796 ut
301 3731 334 3797 in
350 3729 401 3796 die
416 3727 532 3800 decore
547 3728 758 3806 ambulantes,
773 3753 837 3798 non
851 3729 884 3798 in
900 3717 1062 3802 consessa-¹

51 3876 64 3911 ¹
74 3891 85 3924 ι
97 3873 175 3924 Tim.
185 3889 260 3938 vs‚ro.

39 3948 53 3984 ²
65 3947 145 4000 vide
156 3947 187 4001 Ι).
196 3948 307 4013 Gnillen,
319 3965 345 4016 p.
355 3949 413 4009 lab.
