2532 4608
392 237 584 282 sraouaruu
609 241 669 284 arn.
696 239 751 284 vu.
1030 219 1093 284 est

40 366 241 444 etprospera
261 357 392 435 dicunt,
414 373 584 448 postquam
605 361 775 451 petierint,
800 361 1008 451 acceperint,
1025 363 1092 452 ipsa

38 460 118 530 hec
143 463 263 532 laedunt
279 489 334 532 eos
356 468 413 556 qui
435 483 649 558 acceperunt,
675 455 780 557 utqui
797 469 861 536 sint
881 493 957 536 usus
980 493 1093 538 eorum

37 571 156 638 nescii.
183 571 285 640 Orant
302 575 458 664 siquidem
478 589 514 642 ut
528 599 567 644 ca
589 577 772 668 possideant
791 600 863 665 quae
880 601 946 642 non
968 577 1091 646 habeut

37 681 149 757 bona,
160 693 256 771 atque
267 708 338 772 quaa
352 684 501 752 videntur
511 685 617 763 bona,
633 709 698 752 non
713 709 751 752 ea
764 709 834 775 quae
851 697 947 763 sunt,
961 699 1086 776 petunt.

36 789 214 856 Gnosticus
228 805 353 870 autem,
369 815 483 859 eorum
504 817 576 882 quae
590 794 732 881 possidet
745 791 971 869 stabilitatem,
995 795 1037 862 ad
1050 819 1102 864 ea,

32 910 151 966 nutem
169 923 240 987 qum
257 913 409 968 eventurn
424 913 501 970 sunt
515 901 743 991 aptitudinem,
763 925 875 970 corum
893 913 1001 968 nutem
1017 927 1088 992 quse

31 1019 91 1072 est
107 1019 319 1098 accepturus,
339 1021 427 1099 potet
446 1009 669 1076 eternitatem.
690 1010 771 1089 Quae
793 1021 900 1076 autem
919 1031 993 1076 vere
1011 1025 1087 1078 sunt

31 1115 127 1182 bona
144 1128 392 1204 quaetersantur
406 1117 440 1184 in
455 1117 582 1193 animo,
598 1141 637 1185 es
657 1129 741 1182 utet
760 1103 823 1184 sint
838 1117 897 1183 sibi
914 1129 947 1183 et
961 1142 1084 1208 perma-

29 1237 157 1301 neant,
172 1236 323 1314 precatur
341 1248 350 1290 ε
368 1225 453 1292 unde
463 1247 568 1314 neque
580 1223 701 1314 aliquid
710 1247 751 1291 ex
762 1225 799 1290 iis
815 1247 886 1313 quae
902 1227 1017 1292 absunt
1030 1228 1083 1294 de-

29 1333 178 1408 siderat,
201 1339 369 1400 contentus
389 1333 608 1423 praesentibus.
638 1333 748 1422 Neque
771 1333 858 1399 enim
879 1346 928 1398 cst
947 1336 1082 1424 propriis

30 1438 134 1510 bonis
148 1437 309 1516 deiectus,
324 1461 399 1506 cum
411 1439 479 1530 jam
497 1437 557 1505 sibi
573 1436 614 1504 sit
630 1437 791 1505 sufficiens
805 1460 846 1502 ex
857 1437 962 1505 divina
980 1441 1082 1530 gratia

30 1559 69 1612 ct
92 1546 283 1636 cognitione.
308 1548 373 1614 Sed
395 1570 470 1614 cum
492 1547 556 1613 suis
579 1545 710 1636 quidem
736 1547 776 1613 sit
796 1558 986 1625 contentus,
1010 1547 1078 1618 eliis

26 1667 143 1722 autem
154 1679 220 1723 non
231 1667 340 1746 egeat,
356 1655 611 1745 omnipotentem
623 1667 732 1721 nutem
743 1667 917 1743 cognoscat
934 1654 1079 1726 volunta-

26 1775 123 1840 tem,
145 1776 179 1828 et
193 1763 287 1828 simul
301 1763 420 1830 habeat
437 1774 470 1828 et
491 1774 663 1852 precetur,
684 1761 822 1828 maxime
849 1773 957 1828 sutem
978 1767 1079 1831 omni·

26 1871 160 1960 potenti
176 1870 370 1940 adhaerescat
376 1870 543 1959 potentiss,
558 1870 635 1935 dum
644 1867 750 1933 studet
760 1891 830 1935 esse
841 1869 1004 1959 spiritalis,
1021 1897 1079 1962 per

25 1980 272 2046 interminatam
297 1977 505 2054 charitatem,
532 1978 640 2042 unitur
658 1975 791 2065 spiritui.
818 1976 873 2043 Sic
898 1980 1004 2068 magni
1029 1996 1079 2050 cst

24 2101 63 2154 et
74 2086 193 2156 excelsi
208 2087 323 2163 animi,
340 2087 395 2176 qui
406 2085 441 2152 id
450 2084 539 2174 quod
552 2097 600 2151 est
612 2085 756 2150 omnium
768 2087 1076 2173 praestantissimum,

24 2197 118 2286 quod
134 2197 279 2264 omnium
301 2195 479 2285 optimum,
496 2194 638 2283 possidet
652 2216 711 2283 per
725 2193 911 2272 scientiam,
933 2210 967 2262 et
982 2198 1074 2268 facile

23 2307 162 2394 quidem
174 2304 350 2396 applicetur
361 2305 403 2372 ad
413 2301 715 2402 contemplationem
730 2325 738 2367 ε
752 2324 864 2370 eorum
876 2315 982 2372 autem
1002 2331 1073 2396 quaa

20 2415 152 2481 cudunt
170 2414 203 2479 in
222 2411 542 2503 contemplationem,
567 2412 600 2477 in
621 2411 726 2477 anima
750 2410 815 2477 vim
834 2409 933 2476 habet
950 2436 1073 2502 parma·

21 2533 179 2598 nentem,
194 2521 256 2588 ltoc
273 2533 338 2598 est,
354 2520 572 2610 perspicacem
587 2519 729 2585 scientiae
744 2518 962 2586 acrimoniam.
982 2521 1073 2590 Hanc

20 2643 135 2698 autem
151 2643 186 2696 ut
199 2631 358 2720 possideat
371 2640 561 2719 potestatem
578 2651 676 2716 quam
690 2627 871 2694 maximati
884 2630 1067 2696 contendit:

19 2761 127 2826 eaque
146 2762 215 2827 quse
243 2762 318 2805 cum
349 2750 457 2805 mente
478 2747 623 2827 pugnant
645 2736 678 2802 in
694 2746 849 2824 potestate
862 2735 969 2824 lubet
990 2763 1066 2816 sua,

17 2860 59 2914 et
71 2849 107 2912 in
118 2846 382 2934 contemplatione
397 2847 530 2935 quidem
548 2857 704 2934 perpetuo
719 2844 860 2910 residens
870 2895 880 2922 ,
892 2857 926 2910 et
940 2846 973 2915 in
984 2871 1022 2914 ea
1033 2871 1068 2914 se

17 2977 180 3022 exercens
197 2953 439 3028 exercitatione,
462 2964 532 3019 uta
552 2951 703 3042 jucundis
720 2952 898 3028 abstineat,
917 2965 949 3018 et
968 2955 1002 3020 in
1025 2954 1069 3022 fn-

20 3063 143 3133 ciendo
154 3073 242 3129 recte
256 3085 290 3128 se
300 3073 405 3150 gerat,
421 3085 536 3151 magno
549 3073 705 3151 praeterea
716 3060 892 3126 instructus
904 3045 1066 3151 experien-

20 3173 87 3249 tis,
100 3183 167 3238 tam
180 3171 213 3236 in
229 3168 392 3245 doctrina,
408 3191 506 3257 quam
522 3169 554 3235 in
571 3169 608 3236 iis
625 3191 696 3258 quae
718 3167 761 3234 ad
778 3167 876 3234 vitam
888 3169 1064 3257 pertinent,

18 3280 152 3348 dicendi
161 3276 340 3345 libertatem
351 3275 512 3366 possidet,
524 3299 588 3342 non
597 3276 728 3364 quidem
742 3275 808 3341 vim
822 3274 990 3342 effraennte
1002 3276 1064 3346 lin-

19 3413 112 3478 guae,
132 3387 188 3454 sed
213 3371 278 3453 vim
297 3407 370 3475 que
391 3381 526 3484 simplici
553 3384 652 3448 utitur
669 3383 831 3458 oratione,
855 3383 935 3450 nihil
950 3408 1063 3476 eorum

19 3517 95 3585 quae
104 3494 305 3562 convenienti
316 3490 532 3582 temporedici
543 3502 693 3580 possunt,
705 3501 738 3556 et
749 3490 913 3579 dequibus
925 3491 1061 3564 maxime

20 3604 194 3672 dicendum
201 3614 249 3670 est
262 3623 322 3692 pro
336 3601 509 3692 dignitate,
526 3597 632 3667 celans
649 3622 753 3688 neque
767 3613 899 3689 propter
911 3604 1056 3691 gratiam,

19 3735 125 3802 neque
144 3724 273 3802 propter
288 3711 447 3778 timorem.
472 3709 536 3790 Qui
554 3732 631 3800 ergo
648 3732 686 3776 ea
704 3732 774 3798 quae
793 3709 834 3775 ad
849 3709 952 3780 Deum
971 3736 1058 3804 spec-

19 3833 109 3901 tant,
125 3822 165 3890 ab
176 3822 244 3912 ipso
255 3807 390 3910 mystico
401 3819 541 3888 veritatis
557 3817 681 3908 accepit
692 3817 810 3896 choro,
826 3843 972 3898 sermone
983 3847 1055 3914 quae
