2382 4592
153 173 218 246 sse·
252 255 261 272 ι
462 199 637 249 cmmnru
662 199 877 248 ιιιιιιιιιιιιιι

148 319 372 392 convenientes
389 319 445 392 (lat
462 323 706 413 promissiones,
725 323 773 398 sic
790 321 903 396 dicens
918 343 928 388 ι
944 319 1015 390 sNo
1034 320 1152 389 mester

150 429 319 516 seriebus,
340 431 420 498 Sum
437 429 560 522 lignum
580 432 703 500 aridum
724 431 829 502 theo,
839 431 929 498 enim
945 429 1022 500 dicit
1037 429 1163 498 uonna

150 535 328 604 »eunuchis
343 562 351 603 :
368 539 403 606 Si
425 539 634 605 custodieritis
650 539 781 606 salibus
799 561 892 630 mea,
907 550 940 605 et
954 538 1086 604 feceritis
1098 561 1164 626 qur·

150 667 309 734 »cumque
320 645 482 736 praecipio,
493 647 578 714 daho
589 645 677 714 vohis
689 645 799 713 locum
809 643 976 714 meliorem
988 641 1163 710 filiisetiiir·

150 753 231 818 »bus
241 751 264 818 ¹.
279 781 293 815 ι
309 754 380 822 Non
393 752 555 820 seiaenim
567 752 717 842 justificat
729 753 870 830 castitas,
882 753 941 821 sed
951 776 1013 820 nec
1024 753 1175 819 entatu.

139 857 287 928 ¹eunuchi
298 909 308 938 ,
321 861 381 927 nisi
393 860 504 929 iecerit
515 861 674 928 mandata.
688 860 788 928 infert
803 872 911 928 autem
922 861 1048 948 iis,.qui
1061 883 1160 927 uxore

149 967 328 1044 irruerunt,
345 978 378 1036 et
393 967 471 1035 dicit
486 991 495 1034 s
514 966 641 1036 «Eleeti
655 969 719 1036 mei
730 991 796 1036 non
809 965 1005 1036 laborabunt
1018 967 1051 1033 in
1060 989 1161 1044 venun,

151 1099 275 1163 sueque
290 1077 506 1165 procreabunt
520 1074 602 1144 filios
614 1077 648 1143 in
665 1076 919 1151 execrationem,
939 1075 1016 1164 quia
1027 1087 1161 1141 semona

151 1183 379 1252 »benedictum
395 1209 413 1252 a
427 1183 567 1258 Domino
584 1183 608 1250 ¹.
623 1185 687 1252 »Ei
703 1184 807 1262 enim,
824 1185 879 1273 qui
891 1183 1070 1252 secundnm
1080 1183 1162 1272 Lepos

149 1290 231 1370 filios
248 1292 429 1381 procreavit
445 1303 478 1357 et
492 1290 662 1371 educarit,
676 1303 711 1357 et
725 1291 861 1360 erudivit
876 1293 910 1361 in
930 1290 1086 1366 Domino,
1104 1290 1160 1354 riou

150 1399 246 1464 etiam
271 1397 321 1479 ei,
345 1398 400 1487 qui
421 1398 531 1494 genuit
554 1419 613 1497 per
630 1421 736 1466 veram
758 1396 951 1472 catechesim
968 1383 1005 1463 et
1027 1397 1160 1468 institutit·

151 1528 244 1582 nem,
267 1527 390 1574 merces
413 1506 560 1594 quaedam
582 1518 631 1573 est
656 1509 838 1606 proposita,
865 1507 949 1577 sieut
968 1507 1067 1574 etiam
1087 1504 1159 1573 dect

152 1633 275 1682 semim.

254 1699 260 1710 ’
512 1717 746 1792 surrcunus
769 1723 826 1788 ιιι.

576 1871 761 1920 commem.

195 1975 253 2043 Sin
271 1985 378 2042 autem
391 1975 402 2012 ⁸
422 1973 543 2044 malum
563 1987 612 2044 est
627 1971 810 2068 generatio,
829 1977 862 2046 in
873 1975 960 2042 malo
975 1973 1158 2044 munsture

152 2082 326 2152 Dominum
342 2083 397 2174 qui
409 2082 469 2149 fuit
483 2085 640 2173 particeps
651 2084 880 2176 generationis,
896 2083 929 2150 in
941 2081 1027 2152 malo
1040 2082 1158 2173 virginem

152 2213 223 2278 quae
235 2190 354 2280 genuit,
369 2191 428 2258 Hei
440 2189 518 2258 mihi
528 2193 536 2263 i
547 2203 626 2281 quot
636 2203 670 2257 et
681 2203 799 2281 querna
809 2188 911 2261 malai
925 2191 983 2256 Dei
1000 2189 1157 2258 rotonam

152 2296 329 2368 maledictis
344 2298 525 2376 incessunt,
544 2311 577 2365 et
591 2299 781 2388 mysterium
802 2297 989 2375 creationis,
1009 2298 1081 2364 dum
1097 2298 1157 2364 inre

152 2405 274 2472 huntur
286 2406 319 2475 in
335 2407 580 2496 generationem.
600 2407 641 2476 Et
654 2407 732 2474 hinc
742 2407 880 2474 Docesin
896 2406 987 2497 fingit
1002 2407 1155 2478 Coton:

152 2512 230 2579 hinc
263 2514 359 2586 etiam
391 2514 562 2591 Marcioni,
590 2525 623 2581 et
653 2513 821 2584 Valentino
853 2537 979 2603 quoque
1005 2527 1052 2581 est
1076 2531 1157 2600 corpu

154 2618 291 2687 animale
307 2645 315 2686 ε
334 2623 486 2710 quoniam
500 2622 615 2699 homo,
632 2623 796 2712 inquiunt,
815 2627 944 2711 operam
965 2622 1041 2690 daus
1055 2619 1156 2694 Veneti,

154 2726 338 2796 assimitatus
353 2741 398 2796 est
402 2729 564 2817 jumentis.
584 2729 680 2820 Atqui
699 2731 861 2822 profecto,
885 2753 961 2796 cum
976 2729 1155 2802 libidinosus

155 2835 335 2912 insaniens,
352 2836 454 2932 aliena
465 2839 546 2905 inire
557 2836 717 2914 voluerit,
733 2849 811 2908 tunc
823 2859 951 2914 revere,
967 2837 1022 2925 qui
1035 2835 1096 2902 talis
1106 2847 1154 2905 est.

156 2942 330 3010 efferatur:
352 2946 457 3034 «Equi
471 2946 504 3010 in
520 2945 665 3014 foeminas
677 2943 817 3010 furentes
828 2943 904 3011 facti
915 2957 1008 3021 sunt,
1025 2942 1156 3032 unusquis·

157 3075 239 3142 nque
251 3051 415 3122 hinniebat
428 3053 609 3119 aduxorem
624 3053 759 3142 proximi
774 3052 822 3116 sui
832 3050 853 3116 ⁸.
866 3051 1016 3132 »Quodsi
1027 3049 1154 3118 dicatio*

156 3171 306 3249 pentem,
337 3185 354 3226 a
376 3161 477 3226 brutis
499 3161 713 3226 animantibus
741 3170 904 3248 acceptato
930 3157 1045 3225 consilii
1068 3158 1107 3222 sui
1124 3178 1154 3220 rr

156 3267 263 3342 tione,
281 3267 403 3334 Adsmo
419 3269 628 3356 persuasisse,
655 3279 690 3333 ut
705 3291 780 3334 cum
802 3267 969 3336 Eracoire
985 3265 1152 3350 consentiret,

156 3383 310 3463 tanquam
328 3374 461 3464 alioqui,
487 3388 523 3440 ut
548 3375 679 3464 quidam
700 3375 903 3450 existiment,
924 3371 1095 3464 Protoplrsti
1111 3369 1153 3436 itt

155 3493 268 3548 natura
286 3485 370 3548 usuri
392 3507 456 3549 non
479 3482 610 3548 fuissent
631 3507 639 3547 τ
659 3507 767 3550 rursus
783 3484 978 3571 vituperatur
993 3482 1153 3556 creationi

192 3629 201 3654 ¹
215 3633 271 3681 Issi.
281 3648 339 3696 nrt,
352 3635 382 3694 3,
393 3639 422 3697 4,
444 3629 507 3685 5.-
520 3631 648 3697 ’·1d.nxv,
661 3631 702 3685 23.

195 3717 272 3784 'Pap
285 3718 334 3772 558
346 3733 371 3771 et
384 3740 450 3789 seqq.

193 3809 303 3861 ‘Jerem
317 3828 340 3874 v,
355 3813 379 3862 8.
404 3873 407 3878 .
