2614 4628
340 276 543 322 coaonrmro
567 277 608 320 ao
630 274 760 320 oneras.
1004 251 1059 314 151

7 459 8 464 γ
29 384 75 473 qni
92 381 246 472 llnp'tiosi
272 383 462 451 concubitus
484 383 604 450 artibus
620 382 785 450 initiantur
804 402 812 446 :
829 379 863 446 hi
879 401 955 446 raro
971 399 1067 446 nurn-

7 477 8 502 ³
31 515 106 560 mum
120 493 195 582 ipsi,
208 505 363 583 tanquam
376 493 489 561 amicae
504 505 674 568 amatores,
690 490 838 558 offerunt.
856 489 931 556 Jam
946 501 1068 579 mynto-

7 653 9 664 ,
30 604 67 670 ria
79 603 206 670 Cereris
223 602 313 672 aliud
328 601 407 670 nibil
423 615 509 680 sunt,
526 626 624 694 quam
639 602 809 670 incestuosi
817 600 908 668 toris
922 623 998 668 cum
1010 600 1069 667 Ce-

7 707 9 732 ⁷
31 737 89 780 rara
103 726 212 780 notre
230 731 436 804 congressum
452 713 611 802 ejusdem,
628 711 780 779 matrisne
794 709 877 776 ultra
894 708 1012 786 dicam,
1025 731 1068 778 an

34 825 149 891 moris?
159 823 348 900 iracundia,
360 843 430 912 qnae
440 845 535 892 causa
547 823 609 890 fuit
618 841 677 892 cur
687 821 809 900 Brimo,
822 823 911 911 quasi
925 822 1070 912 frontem

33 949 59 1000 at
82 933 364 1025 indignabundo,
389 945 574 1008 voraretur3
593 932 735 1020 itemquo
754 931 844 998 «loris
871 928 1070 1023 ¹supplicatio·

33 1067 90 1119 nes,
106 1041 188 1135 iellis
208 1042 358 1118 haustus,
374 1041 478 1110 cordis
493 1039 728 1118 convulsiones,
740 1052 911 1108 accaeterae
923 1040 956 1108 id
966 1063 1066 1131 genua

7 1181 8 1188 ι
32 1152 157 1220 infandae
172 1150 390 1220 caeremonias.
407 1151 455 1237 Ac
468 1150 608 1242 Phryges
623 1151 754 1240 quidem
768 1151 926 1240 ejusmodi
937 1173 1025 1236 sacra
1036 1150 1070 1218 in

37 1259 156 1336 Attidis,
173 1256 333 1348 Cybeles,
354 1269 388 1325 et
410 1257 629 1346 Corybantum
647 1257 804 1325 honorem
818 1258 1070 1348 memoriamque
1166 1329 1171 1334 ,

36 1371 156 1440 tonna
181 1368 312 1436 Passim
329 1379 438 1434 autem
457 1367 540 1436 lama
561 1367 723 1458 vulgatum
742 1381 791 1436 est
810 1369 924 1436 Josom
947 1367 1071 1438 avulsos

37 1479 168 1570 genuinos
182 1477 298 1543 arietis
315 1473 477 1546 testiculos
493 1476 525 1544 in
540 1476 682 1545 medium
699 1477 823 1546 Cereris
839 1479 945 1546 sinum
960 1480 1072 1568 conje-

38 1589 124 1666 cisse,
141 1611 221 1656 cnm
237 1612 256 1654 a
272 1586 377 1676 scipso
391 1597 536 1654 exactam
556 1588 756 1656 abscissionis
777 1589 868 1678 quasi
888 1587 1073 1660 voluntario
1118 1637 1122 1648 -

38 1721 159 1789 ponam
174 1700 219 1766 ob
233 1709 383 1786 stuprum
398 1696 428 1764 ri
443 1695 600 1776 oblatum,
613 1698 675 1766 hac
691 1699 802 1766 frauda
817 1698 991 1768 simularet.
1007 1699 1074 1766 Cu·
1187 1791 1190 1798 ἱ

43 1813 90 1896 jus
101 1809 284 1876 initiationis
294 1807 421 1898 egregia
431 1808 575 1898 symbolo
587 1808 691 1876 soluto
703 1810 868 1899 otiosoque
879 1811 987 1876 animo
999 1833 1075 1900 pro-

48 1920 156 1996 ducta,
176 1920 275 1987 risum
296 1920 384 1986 robis
400 1920 511 2009 utique
532 1931 693 2013 moveant,
712 1920 838 1988 tametsi
856 1921 970 2010 opinor
987 1921 1075 1988 robis

49 2029 153 2094 risiare
166 2051 230 2095 non
240 2028 328 2105 libet,
344 2028 431 2118 quod
445 2029 492 2098 sic
506 2027 696 2120 religionum
710 2043 889 2098 vestrarum
904 2031 1074 2121 indignitas

53 2139 198 2206 omniurn
211 2138 243 2202 in
257 2137 347 2205 oculis
361 2137 520 2230 deligatur
533 2162 542 2205 ε
560 2164 573 2200 ι
586 2140 631 2204 Ex
643 2131 796 2228 tympano
808 2139 945 2217 mmodi,
958 2140 1024 2207 bibi
1035 2163 1076 2205 ex

52 2243 242 2335 acymbalo,
264 2267 388 2314 cornum
407 2247 542 2338 gestari,
558 2270 611 2315 ma
637 2248 671 2314 in
693 2245 870 2314 thalamum
891 2246 974 2315 clam
1002 2249 1078 2315 insi-

50 2355 182 2423 snnari.
196 2385 210 2418 ι
226 2355 294 2425 Νοιι
308 2356 378 2424 baec
391 2354 537 2446 symbola
549 2358 705 2447 probrum
719 2369 753 2423 et
766 2356 928 2424 inbminm
938 2358 1080 2449 sapiunt?
1173 2396 1178 2408 ·

43 2490 106 2536 non
128 2467 235 2534 sannis
254 2463 456 2554 ludibrioque
478 2465 572 2556 digna
588 2466 738 2555 mysteria
757 2465 852 2532 sunt?
871 2465 957 2546 Quid
971 2489 1080 2556 porro,

40 2579 219 2646 naucum
230 2575 373 2667 reliquas
385 2575 482 2644 Coros
492 2576 623 2666 quidem
633 2577 746 2643 laetum
757 2573 901 2652 enititur,
915 2575 997 2644 Cora
1006 2599 1081 2645 sero

38 2689 215 2758 educator:
229 2709 359 2754 rursum
370 2709 447 2754 ecoe
458 2687 516 2754 tibi
526 2686 548 2753 J
550 2687 654 2777 opiter
665 2711 741 2754 cum
750 2685 974 2778 Pborapbatta,
983 2711 1079 2777 quam
1207 2715 1216 2736 ⁹

39 2800 105 2888 ipso
127 2809 302 2888 genuerat,
324 2809 397 2886 post
426 2796 577 2863 Cererem
599 2809 747 2874 matrem,
767 2795 983 2887 congreditur,
1003 2822 1080 2864 exe-

38 2909 148 2977 crandi
164 2906 283 2998 flagitii
297 2907 411 2996 prioris
429 2904 547 2972 oblitus
563 2930 571 2970 ε
588 2919 679 2996 pater
693 2919 727 2974 at
740 2917 908 2996 corruptor
925 2919 974 2972 est
989 2907 1081 2976 Corae

37 3019 186 3110 tuptsen
203 3028 238 3082 et
253 3014 460 3104 congreditur
477 3015 623 3082 draconis
637 3015 738 3082 forma
759 3026 862 3082 tectus
877 3037 887 3078 r
904 3015 952 3080 sic
974 3025 1082 3084 tamen

37 3142 73 3196 ut
83 3131 139 3219 qni
152 3128 216 3194 sub
229 3150 270 3194 ea
285 3122 394 3202 lateat,
406 3123 573 3190 manifesto
586 3125 791 3214 postmodum
807 3136 962 3191 teneatur.
977 3121 1083 3192 Enim-

36 3261 126 3315 vero,
150 3235 370 3302 Sabaziorum
389 3232 498 3320 utique
514 3233 753 3320 mysteriorum,
772 3232 808 3298 iis
829 3231 884 3320 qui
904 3230 1002 3296 sacris
1027 3233 1083 3300 ini·

37 3349 175 3423 tiantsu,
205 3341 391 3433 symbolum
412 3351 473 3418 ost,
497 3341 574 3408 dous
592 3342 696 3408 sinum
713 3341 913 3431 pervadens:
931 3340 1010 3408 daus
1029 3368 1082 3410 au-

39 3470 102 3525 tam
124 3457 193 3522 iste
211 3455 312 3520 draco
330 3463 392 3527 est,
408 3451 462 3540 qui
482 3473 540 3542 per
559 3450 702 3516 medium
721 3474 835 3518 eorum
854 3473 934 3540 quos
950 3449 1083 3522 solemni

41 3567 102 3633 ritu
115 3565 254 3632 initiant
276 3563 383 3628 sinum
396 3559 545 3637 trahitur,
557 3573 682 3627 eertum
693 3557 787 3650 plano
798 3560 980 3651 impotentis
993 3562 1081 3631 Joris

41 3676 186 3746 libidinis
206 3683 442 3762 argumentum.
460 3669 546 3737 Parit
560 3671 656 3738 etiam
670 3661 894 3760 Pherapbatta,
909 3671 965 3739 sod
982 3672 1085 3740 filium

43 3788 169 3854 munna
184 3783 310 3872 specie;
328 3781 494 3857 nimirum,
506 3791 543 3846 ut
554 3778 715 3847 idolorum
729 3778 834 3848 cultor
843 3789 935 3872 poiitn
948 3783 1079 3850 cecinit:

122 3910 252 3965 Tauriis
264 3905 429 3962 Draconem
442 3901 558 3980 genuit,
572 3913 601 3960 ct
611 3905 738 3961 Taurum
752 3907 860 3978 Draco,

124 3997 165 4052 ln
181 4002 281 4048 monte
295 3989 440 4050 occultum
454 3990 601 4052 Bubulcus
612 3991 766 4052 stimulum.

878 4097 908 4160 9.
