2570 4614
195 209 255 276 aba
505 235 676 281 aarurnrrs
701 231 910 278 inexistentis

193 358 246 412 tur
256 346 382 414 Samius
392 349 578 438 precepisse
588 350 783 439 Pythagoras
796 372 804 413 ε

233 489 383 568 Turpibus
394 490 511 568 quidem
519 491 703 570 perpetratis,
715 491 880 569 increpare;
890 488 974 548 bonis
983 505 1065 560 rere,
1080 485 1236 545 delectare

196 625 366 718 Increpare
380 641 488 696 autem
504 629 621 697 dicitur
636 609 732 696 etiam
752 630 936 706 admonere,
953 627 1041 718 quod
1056 625 1183 692 Graece
1196 636 1238 690 est

194 743 333 803 νουθετεῖν.
362 737 595 806 Admonitionis
619 752 741 816 autem,
773 762 845 828 quae
858 737 971 805 Graece
994 749 1045 803 est
1068 744 1237 808 ventitare,

196 845 387 937 etymologia
404 861 453 914 est
467 861 513 910 νοῦ
534 857 731 931 ενθιματισμος,
754 849 816 916 boc
833 860 893 925 est,
916 848 1037 914 mesatis
1052 845 1239 910 immissio:

198 956 285 1045 quod
299 957 339 1022 sit
354 958 602 1048 increpatorium
616 983 728 1050 genus,
744 943 831 1049 quod
845 969 987 1025 mentem
1002 957 1124 1046 pariat.
1145 954 1240 1020 Caete

197 1087 270 1130 rum
281 1063 341 1131 alia
352 1066 595 1134 innumerabilia
607 1069 739 1136 inveniri
751 1079 884 1160 possunt
894 1078 1053 1157 precepta
1066 1065 1114 1132 de
1126 1086 1239 1153 paren·

199 1173 246 1240 dis
260 1176 367 1252 bonis,
390 1188 423 1242 et
443 1175 534 1244 melis
558 1177 714 1270 fugiendis
729 1179 845 1246 :sNon
866 1189 915 1244 est
936 1199 996 1268 pax
1018 1174 1149 1264 impiis,
1170 1173 1239 1240 dicit

201 1285 381 1353 »Dominus
391 1286 414 1352 ¹.
439 1288 636 1380 »Propterea
658 1314 716 1380 per
734 1287 940 1356 Salomonem
960 1287 1113 1378 praecipit
1137 1285 1236 1352 inlan-

200 1395 299 1472 tibus,
319 1407 355 1461 ut
372 1410 504 1465 caveant
522 1419 530 1464 ε
551 1397 648 1477 «Fili,
667 1422 708 1466 ne
724 1411 756 1465 te
771 1400 805 1466 in
819 1422 961 1466 errorem
981 1397 1155 1464 abducant
1175 1417 1238 1484 petr

200 1533 214 1569 a
229 1516 364 1582 catores,
381 1529 484 1596 neque
499 1507 533 1573 in
549 1507 605 1573 viis
620 1531 695 1576 cum
716 1508 761 1574 eis
777 1505 999 1583 ambulaveris,
1016 1507 1043 1572 si
1065 1519 1105 1572 te
1125 1503 1237 1570 heroti

203 1613 359 1693 uiuerint,
376 1615 517 1684 dieentes
535 1615 636 1686 :Veni
655 1617 845 1695 nobiscum,
862 1619 904 1684 sis
930 1617 1042 1683 socius
1056 1613 1235 1681 innocent's

201 1753 215 1787 s
229 1724 389 1814 sanguinis
403 1747 411 1790 :
425 1724 458 1791 in
468 1738 553 1790 terra
565 1737 673 1793 autem
685 1727 787 1793 virum
798 1729 919 1817 justum
929 1727 1048 1815 injuste
1063 1721 1236 1790 absconde·

202 1863 216 1896 s
230 1857 314 1911 mus,
327 1835 367 1900 de
379 1832 484 1899 medio
496 1857 570 1900 eum
581 1831 743 1912 tollamus,
756 1835 839 1902 sicut
850 1834 990 1902 infernus
1001 1831 1200 1900 viventem².
1215 1858 1226 1892 s

202 1945 272 2012 Hoc
287 1945 393 2036 itaque
409 1944 449 2010 de
465 1945 592 2013 Domini
615 1968 742 2035 quoque
758 1946 904 2036 passione
918 1943 1122 2035 praedicitur.
1146 1943 1236 2008 Pone

201 2077 260 2144 per
283 2053 484 2122 Ezechielem
510 2056 606 2122 etiam
632 2054 704 2123 Vita
729 2054 821 2122 nobis
854 2053 1002 2120 mandata
1028 2053 1235 2142 suppeditat:

211 2164 354 2232 «Anima
370 2188 441 2255 quse
461 2179 586 2256 peccat,
603 2165 779 2232 morietur:
794 2165 891 2232 homo
912 2175 1020 2230 autem
1041 2164 1108 2229 erit
1128 2165 1236 2251 justus,

204 2274 285 2365 »qui
303 2273 379 2341 lacit
395 2276 559 2365 justitiam.
582 2275 654 2343 Non
673 2274 813 2342 comedit
831 2275 863 2340 in
881 2273 1058 2350 montibus,
1080 2285 1117 2338 et
1135 2270 1237 2340 ocules

205 2409 305 2452 »suos
324 2409 389 2451 non
408 2384 548 2475 conjecit
565 2385 599 2451 in
622 2383 757 2474 cogitata
778 2383 891 2450 domus
915 2379 1032 2458 lsrael,
1057 2391 1093 2447 et
1114 2403 1237 2447 uxoren

91 2549 96 2554 .
205 2495 365 2585 »preximi
385 2495 434 2560 sui
448 2518 513 2560 non
534 2492 697 2584 polluerit,
713 2493 801 2561 et'ad
816 2491 982 2578 mulierem
1002 2503 1237 2558 menstruorum

205 2617 377 2693 stempore
391 2626 456 2668 non
477 2603 758 2693 appropinquabit,
774 2614 807 2670 et
822 2601 986 2670 hominem
1001 2599 1032 2666 vi
1049 2623 1120 2668 non
1138 2601 1239 2692 oppri-

205 2726 311 2788 »met,
330 2724 363 2778 et
380 2714 494 2803 pignus
513 2712 664 2781 debitoris
683 2713 809 2792 reddet,
828 2725 862 2780 et
880 2713 1023 2804 rapinam
1042 2737 1113 2780 non
1133 2713 1238 2803 rapiet,

204 2843 348 2910 »panem
359 2844 453 2888 suum
465 2821 553 2888 dabit
564 2823 727 2900 esurienti,
745 2835 777 2888 et
788 2821 913 2889 nudum
928 2822 1051 2890 vestiet.
1070 2821 1241 2890 Pecuniam

205 2947 396 3000 »suam'non
415 2933 503 3000 dabit
520 2933 561 3000 ad
578 2957 719 3011 usuram,
737 2946 771 2999 et
788 2932 995 3000 commodum
1012 2957 1080 2999 non
1099 2934 1241 3022 accipiet,

208 3053 267 3108 »et
278 3044 317 3110 ab
332 3041 497 3132 iniquitate
509 3053 629 3110 avertet
640 3065 772 3110 manum
783 3065 886 3119 suam,
902 3053 935 3108 et
948 3043 1072 3132 justum
1089 3042 1243 3130 judicium

207 3151 329 3218 »faciut
340 3153 424 3217 inter
441 3152 544 3218 virum
560 3163 594 3217 et
606 3151 690 3217 inter
703 3151 883 3242 proximum
900 3173 1004 3216 suum.
1023 3149 1060 3215 ln
1078 3147 1244 3239 praeceptis

208 3292 221 3323 t
236 3261 317 3327 meis
327 3259 512 3337 ambularit,
524 3273 557 3326 et
567 3259 807 3352 justificationes
819 3283 905 3327 meas
917 3259 1066 3336 servavit,
1080 3272 1119 3324 ut
1132 3259 1244 3325 iaceret

205 3401 222 3436 s
237 3395 299 3439 eas.
314 3372 333 3438 J
337 3384 424 3438 ustus
435 3370 489 3438 hic
501 3380 558 3437 est.
572 3371 644 3440 Vita
656 3371 752 3447 vivet,
766 3369 844 3437 dicit
855 3363 1048 3436 Dominus⁸.
1062 3369 1162 3436 »flaec
1174 3390 1244 3434 con·

208 3481 312 3547 tinent
334 3479 580 3572 descriptionem
601 3479 806 3547 institutionis
828 3479 900 3547 visa
921 3477 1189 3554 christianorum,
1215 3489 1246 3542 et

210 3589 453 3657 convenientem
474 3589 729 3658 adhortationem
749 3591 791 3658 ed
806 3591 932 3656 beatam
951 3589 1064 3667 vitam,
1080 3588 1245 3678 premium

212 3681 385 3773 beatitatis,
401 3700 498 3768 vitam
514 3713 674 3768 eternum.

210 3899 224 3945 5
245 3820 425 3946 ἓίειίὲιιτιιι,
439 3840 479 3886 aas
501 3841 560 3888 arri,
573 3841 611 3876 αι.
624 3851 654 3863 -
666 3823 678 3858 ¹
689 3825 761 3876 Prev.
775 3842 795 3887 s,
805 3839 841 3886 ro,
855 3839 893 3885 ιι,
908 3837 945 3874 12.
956 3851 985 3862 -
999 3821 1009 3858 ³
1022 3823 1117 3874 ancb.
1136 3819 1244 3881 ursini.

227 3931 235 3958 s
263 3931 271 3959 s
285 3913 310 3963 7²
332 3913 374 3963 s9·
