2570 4614
228 295 289 356 272
539 291 711 336 CIAEHBH'HS
737 289 945 336 trutannus

226 407 312 473 adiit
331 405 421 474 mibi.
445 403 517 471 Filii
537 387 639 480 alieni,
651 405 776 471 mentiti
795 417 869 472 sunt
888 405 978 478 mihi.
1005 417 1039 469 et
1062 404 1275 472 claudicare-

224 545 239 580 ι
254 528 328 582 runt
339 541 356 582 a
368 513 425 580 aiis
436 515 500 580 suis
508 513 530 579 ¹.
539 514 602 580 rEt
615 537 674 604 per
689 515 896 581 Hieremiam:
912 517 972 582 «Et
989 515 1110 582 dedici
1128 513 1273 582 libeHum

226 623 390 713 »repudii‚
412 634 446 689 et
466 645 532 690 non
553 624 658 690 timuit
684 624 895 714 incomposita
915 624 1055 695 Juda².-»
1070 627 1117 692 Et
1141 648 1269 690 rursus:

235 763 248 797 ι
261 737 300 799 Et
307 757 359 800 me
368 731 456 800 nihili
465 733 539 800 iecit
551 734 664 800 domus
674 731 783 810 israel,
796 746 828 800 et
840 734 954 802 domus
965 735 984 802 J
988 735 1060 800 udae
1072 734 1222 800 mentita
1232 745 1273 798 ert

226 875 239 908 ι
257 843 423 912 Domino⁸.
436 873 449 908 ι
461 842 679 933 Expostulatio
693 856 802 910 antem
817 855 878 922 est,
891 865 961 932 quae
976 839 1143 910 artificiali
1161 840 1273 908 auxilio

227 954 310 1022 clam
320 950 483 1045 peragitur
496 949 699 1047 vituperatio,
711 980 782 1045 quaa
797 955 863 1044 ipsa
874 978 1004 1044 quoqne
1013 951 1115 1020 saluti
1128 954 1273 1042 providet

228 1069 287 1134 sub
303 1066 531 1156 integumento.
548 1068 592 1132 Ea
606 1078 714 1132 autem
731 1089 786 1131 usa
802 1076 850 1130 est
862 1089 918 1154 por
930 1061 1135 1129 Hieremiam
1147 1086 1156 1126 ε
1170 1063 1272 1142 «Quo

229 1175 352 1242 »modo
368 1175 449 1242 sedit
464 1174 530 1242 sola
546 1173 668 1252 civitas,
691 1198 763 1264 quo
778 1174 881 1240 fuerat
895 1171 988 1264 piena
1003 1170 1166 1262 populis?
1182 1173 1208 1238 F
1210 1185 1270 1240 aeta

228 1263 304 1350 sest
319 1297 471 1372 tanquam
491 1284 595 1363 vidua,
615 1309 685 1374 quae
705 1286 883 1373 imperabat
896 1285 1082 1372 regionibus
1097 1307 1107 1348 ε
1124 1283 1212 1352 sacta
1230 1295 1270 1352 eet

227 1423 240 1456 ι
257 1393 316 1460 sub
332 1394 452 1459 tributo
465 1417 475 1460 a
487 1392 566 1460 [lens
578 1393 664 1462 flevit
680 1396 712 1462 in
725 1391 874 1462 nouat,
886 1393 1090 1460 Obtrectatio
1106 1407 1221 1462 autem
1231 1407 1270 1462 est

230 1506 413 1570 obtrectans
432 1503 630 1594 vituperatio.
651 1507 692 1570 Et
706 1528 745 1570 eo
762 1527 836 1570 usus
853 1514 901 1568 est
920 1501 1037 1580 auxilio
1053 1502 1193 1570 divinus
1211 1505 1268 1572 Pe

229 1613 380 1704 dagogus,
396 1615 505 1680 dicens
520 1637 577 1705 per
593 1613 801 1681 Hieremiam:
814 1640 828 1674 ι
839 1612 914 1680 Fuit
930 1613 986 1678 tibi
1003 1625 1166 1700 aspectus
1181 1638 1267 1682 mere

229 1724 357 1802 strictis.
372 1725 543 1814 impudens
558 1724 644 1792 fuisti
654 1747 728 1814 erga
743 1748 867 1800 omnes,
882 1736 915 1788 et
930 1747 996 1790 non
1011 1724 1046 1790 in
1063 1724 1267 1794 domumro-

229 1834 364 1900 »cavisti
379 1857 445 1907 me.
457 1845 490 1899 et
505 1845 628 1922 patrem
642 1845 675 1900 et
689 1833 867 1922 prinoipem
881 1831 1069 1921 virginitatis
1082 1835 1183 1902 tuae‘.
1194 1837 1263 1900 »Etz

237 1943 396 2010 «Pulchra
415 1942 566 2010 meretrix
585 1955 619 2010 et
636 1943 791 2031 jucunde,
813 1943 877 2008 dux
892 1965 1093 2009 venenorum
1102 1943 1130 2009 ⁶.
1143 1944 1264 2013 »datii-

231 2053 315 2119 ciose
331 2053 506 2120 admodum
522 2073 598 2121 cum
612 2052 725 2143 virgini
740 2055 800 2120 sub
814 2053 943 2138 nomine
961 2053 1158 2122 meretricio
1178 2053 1264 2120 insul·

229 2175 338 2240 tasset‚
359 2187 468 2230 rursus
489 2164 530 2230 ad
543 2162 743 2230 honestatem
758 2163 881 2253 pudore
896 2186 966 2230 earn
983 2162 1137 2230 afficiens
1152 2177 1261 2231 evocat.

231 2271 411 2364 indignatio
433 2285 541 2340 autem
563 2284 612 2340 est
634 2271 772 2362 legitima
797 2272 986 2361 increpatio,
1010 2295 1069 2338 een
1095 2273 1263 2364 increpatio

230 2378 383 2458 filiorum,
396 2382 450 2471 qui
465 2380 536 2471 plus
551 2404 647 2471 quam
658 2393 784 2470 oportet
796 2379 1001 2446 extolluntur.
1016 2381 1063 2447 Ea
1083 2381 1261 2473 Paedagoea

230 2513 289 2582 per
302 2490 423 2557 Mosam
439 2491 550 2568 utitur,
567 2492 675 2558 dicens
687 2515 694 2556 :
708 2489 800 2558 «Filii
815 2490 1096 2582 reprehensibiles,
1112 2494 1263 2584 generabo

216 2622 356 2690 asprata
371 2612 403 2665 et
417 2603 584 2690 perversa!
601 2601 671 2668 haec
686 2600 823 2667 Domino
839 2599 1036 2666 retribuitisi‘
1056 2601 1124 2666 Hic
1141 2600 1262 2692 populus

231 2737 244 2770 ι
259 2707 373 2775 stultus
389 2722 422 2777 et
436 2735 501 2777 non
512 2711 655 2799 sapiens:
669 2735 732 2777 non
747 2711 801 2777 hic
818 2711 885 2801 ipse
896 2709 989 2776 Pater
999 2711 1153 2800 possedit
1169 2709 1258 2779 te'tt

231 2818 272 2884 Et
289 2833 347 2908 per
366 2820 491 2886 Esaiam
511 2821 588 2887 dicit
604 2842 612 2886 :
627 2847 640 2880 ι
655 2819 817 2910 Principes
836 2821 882 2885 tui
905 2843 970 2886 non
992 2819 1174 2898 obediunt,
1200 2820 1262 2888 soei

231 2929 378 3007 esurum,
397 2929 562 3020 diligentes
583 2954 730 3008 munera,
751 2943 977 3020 persequentes
999 2928 1262 3004 retributionem.

230 3065 243 3101 ι
255 3039 406 3128 orphanis
417 3064 481 3107 non
491 3039 695 3130 judicantes⁸.
707 3070 720 3104 ι
731 3043 783 3117 Et,
794 3052 829 3106 ut
839 3041 870 3106 in
880 3063 1006 3107 summa
1018 3040 1149 3118 dicam,
1162 3041 1263 3131 ejnsin

230 3149 414 3216 incutiendo
430 3150 544 3216 timore
558 3149 741 3228 artificium,
760 3162 808 3216 est
826 3149 895 3216 fons
912 3149 1031 3215 salutis.
1053 3149 1143 3217 Boni
1158 3163 1209 3218 est
1222 3175 1264 3216 au-

231 3271 297 3327 tem
313 3261 390 3326 dare
408 3259 542 3328 salutem
557 3284 566 3326 ι
580 3288 594 3322 ι
607 3260 821 3328 Misericordia
839 3274 946 3328 autem
964 3262 1097 3328 Domini
1114 3276 1167 3329 est
1183 3285 1264 3352 snper

233 3393 389 3439 »omnem
405 3393 547 3450 earnem,
559 3371 637 3437 dum
653 3371 770 3462 arguit,
787 3372 919 3461 castigat
934 3382 966 3436 et
981 3370 1091 3447 docet,
1110 3373 1199 3438 sicut
1209 3395 1264 3461 pas

232 3508 245 3540 ι
259 3492 310 3544 tor
327 3505 455 3572 gregem
471 3506 575 3549 suum.
593 3485 712 3550 Eorum
727 3483 781 3572 qui
797 3480 996 3571 disciplinam
1011 3482 1197 3572 suscipiunt
1213 3482 1264 3548 mi·

234 3601 404 3668 sacretur,
427 3602 460 3656 et
481 3616 535 3659 eos
559 3593 613 3682 qui
643 3604 717 3658 sunt
741 3591 865 3658 ardenti
889 3591 994 3658 studio
1019 3593 1080 3660 sibi
1109 3590 1262 3682 congluti-

274 3777 358 3826 ιΙίιιΙ.
378 3795 449 3841 xant,
459 3781 500 3843 43,
512 3782 554 3842 dd,
566 3783 607 3842 45.
618 3809 648 3820 -
661 3781 734 3831 ²Jer.
756 3799 796 3838 ιιι,
807 3779 832 3830 8.
844 3807 874 3820 ω
887 3779 896 3812 ³
910 3779 951 3829 ld.
964 3796 987 3840 ι,
999 3797 1040 3839 ιο,
1056 3797 1095 3831 ιι.
1112 3808 1140 3818 -
1151 3781 1163 3812 ⁸
1175 3779 1260 3830 Tiam-

232 3856 331 3984 plaid}
346 3854 402 3980 :³⁵
414 3855 467 3908 Jer.
480 3875 518 3918 ur,
533 3858 558 3918 5,
570 3857 593 3918 d.
613 3885 644 3896 -·
663 3855 882 3918 ⁸Habum‚1rr‚d.
899 3881 929 3893 -
947 3853 1049 3906 'Dent
1064 3871 1146 3914 uxrr,
1163 3853 1223 3911 5,6.
1239 3875 1263 3889 -

334 3966 343 3992 ‚
390 3966 397 3983 .
