2738 4628
461 329 587 375 correi
610 329 757 376 narsus.
1084 311 1125 376 55

76 445 167 532 «ἰὼ
183 442 309 535 ignoro
323 447 493 535 quomodo
508 460 693 515 erraverunt
706 445 837 538 quidam
858 459 1027 536 sequentes
1042 448 1125 516 idic-

77 556 216 633 tiarnum,
236 569 274 623 et
296 558 448 624 medium
463 558 658 646 {frustrantes
676 581 848 627 numerum
861 559 1012 637 neminis,
1027 561 1126 649 quine

79 669 223 758 quaginta
237 689 402 735 numeros
418 667 626 746 deducentes,
637 691 697 759 pro
711 691 766 735 sex
781 669 908 736 decedis
920 692 1017 736 unam
1032 669 1126 736 decu-

84 775 395 844 dcxnroieutescsse.
407 777 480 844 Hoc
491 788 599 843 eutem
611 778 747 844 arbitror
753 778 945 868 scriptorum
953 789 1123 867 peccatum

88 885 188 964 fise,
199 900 233 952 ut
246 887 335 954 solet
351 886 440 965 ficri,
453 888 605 976 quoniam
619 898 651 955 et
665 911 722 978 per
735 887 855 954 litteras
866 889 990 954 numeri
1000 910 1126 978 ponun-

91 1011 151 1074 tur,
164 997 248 1064 isaie
261 997 415 1065 litteram
430 997 588 1073 Graecem,
604 1020 675 1087 qun
690 997 848 1087 sexaginta
860 997 1003 1064 enuntiat
1014 1020 1123 1064 aurne-

87 1130 166 1182 ιω.
184 1106 216 1175 in
236 1109 310 1174 loto
328 1107 525 1174 Graeeorum
543 1105 680 1173 litteram
703 1129 893 1195 expansam:
913 1117 985 1197 post
1006 1106 1122 1172 deinde

88 1217 207 1305 quidm
220 1220 290 1284 sine
306 1217 526 1308 exquisitione
539 1217 602 1283 hoc
612 1230 827 1306 acceperunt:
842 1215 894 1282 alii
908 1216 1038 1306 quidem
1049 1216 1122 1282 sirn-

84 1325 203 1417 piiciter
215 1342 248 1395 et
262 1329 405 1395 idiotice
420 1341 653 1418 usurpaverunt
671 1329 838 1394 denarium
853 1347 1040 1402 numerurm
1056 1328 1123 1418 qui-

83 1435 152 1502 dm
165 1449 275 1504 antem
286 1461 352 1526 per
367 1439 581 1527 ignoruntium
592 1436 663 1502 ausi
674 1448 749 1503 suut
759 1448 792 1503 ct
801 1436 931 1504 nomine
942 1436 1120 1524 exquirere,

80 1543 226 1612 debentia
238 1543 361 1612 utrum
372 1545 493 1612 erroris
504 1567 683 1611 numerum.
697 1542 763 1610 Sed
777 1543 827 1610 his
837 1543 967 1632 quidem
979 1543 1033 1632 qui
1049 1542 1122 1610 sim-

81 1651 207 1744 pliciter
225 1667 260 1721 ct
279 1655 353 1722 sine
375 1647 497 1720 mnditia
520 1653 583 1720 hoc
604 1653 762 1728 fecerunt,
783 1652 977 1720 arbitramur
997 1651 1122 1718 veniam

84 1765 150 1832 <toi
170 1788 191 1832 a
210 1765 291 1854 Deo.
318 1764 494 1851 Quotquot
514 1773 623 1827 eutem
643 1760 821 1828 secundnm
841 1761 968 1828 inanem
989 1756 1122 1848 gloriam

85 1887 226 1943 statuunt
239 1877 372 1942 nomina
384 1871 581 1942 continentia
595 1869 708 1937 salsum
718 1893 901 1946 numerum,
913 1883 947 1936 et
958 1869 1072 1960 quode
1086 1891 1122 1934 se

90 1985 187 2050 inerit
199 1985 404 2052 odinvemum
417 2005 551 2058 nomen,
568 1979 761 2048 definierunt
775 2003 844 2046 esse
864 1978 948 2046 illius
968 1980 1023 2069 qui
1043 2001 1121 2045 ren-

96 2106 189 2160 turus
206 2107 268 2172 est3
286 2093 436 2160 consino
452 2091 570 2156 damno
588 2087 667 2155 tales
681 2089 799 2164 exient,
818 2089 935 2178 quippe
949 2089 1004 2178 qni
1018 2100 1052 2154 et
1070 2111 1122 2154 sc·-

100 2204 251 2294 rnctipsos
267 2215 299 2269 et
314 2203 476 2270 credentes
492 2199 553 2266 sibi
570 2197 773 2264 seduxerunt.
786 2200 827 2265 Et
841 2198 980 2288 primum
990 2197 1122 2288 quidem

92 2313 246 2382 &maura
255 2325 304 2380 cst
312 2311 459 2378 excidere
473 2333 492 2374 a
504 2307 650 2383 veritate,
662 2317 696 2372 et
706 2305 793 2395 quod
802 2329 867 2372 non
879 2307 931 2384 sit,
944 2307 1032 2394 quusi
1047 2307 1119 2394 (sit)

87 2425 233 2492 uhioni
251 2436 349 2514 :post
364 2421 495 2496 deinde,
515 2417 703 2508 apponenti,
720 2413 770 2482 vel
783 2414 939 2482 auferenti
958 2417 998 2481 de
1015 2415 1123 2505 Scrip-

85 2547 155 2602 turc
168 2558 300 2626 poenam
314 2557 381 2600 non
397 2527 650 2604 medicamine,
670 2527 704 2593 in
722 2549 819 2617 quem
836 2526 977 2594 incidere
994 2549 1123 2594 necesse

81 2657 130 2712 est
139 2669 218 2712 enm
229 2645 285 2736 qni
297 2644 339 2710 sit
352 2640 435 2708 telis.
451 2639 664 2728 Subsequitur
677 2648 785 2702 antem
796 2646 830 2701 ct
840 2633 927 2702 uliud
938 2659 1003 2705 non
1017 2639 1121 2727 quod·

80 2754 159 2824 tttet
175 2753 360 2847 periculum
371 2752 493 2841 eosqui
505 2749 582 2816 salso
599 2759 796 2838 presumunt
810 2747 891 2813 scire
902 2771 1020 2815 nomen
1036 2750 1117 2838 ejus.

81 2863 115 2932 Si
128 2867 219 2932 enim
244 2864 335 2931 uliud
353 2862 485 2952 quidem
507 2860 539 2926 hi
559 2869 685 2948 putent,
702 2855 789 2922 eliud
807 2870 913 2925 autem
928 2855 983 2925 itte
999 2857 1121 2926 habens

84 2972 358 3052 dunen-tacite
378 2973 570 3040 seducentur
585 2971 625 3036 ab
642 2968 795 3057 eo‚quesi
813 2968 952 3036 necdum
970 2969 1052 3036 adsit
1069 2969 1123 3038 illo

82 3107 179 3176 quem
193 3106 311 3153 curere
330 3081 488 3150 convenit.

124 3196 266 3287 Oportet
280 3195 389 3282 itaque
405 3189 484 3258 tales
505 3189 638 3264 discere,
654 3187 742 3253 etad
758 3211 869 3254 verum
886 3209 1053 3256 recurrero
1067 3211 1124 3257 uo·

83 3307 177 3374 ruinis
197 3325 396 3375 numerumr
418 3313 452 3366 ut
472 3322 536 3366 non
560 3300 593 3364 in
612 3297 963 3388 pseudoprophetarum
984 3295 1055 3365 ioco
1071 3299 1123 3366 de-

84 3429 251 3509 putentur,
270 3411 330 3481 sed
348 3412 487 3480 scientes
508 3408 637 3476 firmum
656 3430 827 3474 numerum
843 3407 898 3496 qui
918 3430 936 3472 a
958 3405 1128 3498 Scriptura.

85 3529 292 3596 annuntiatus
308 3535 376 3600 est,
395 3520 511 3596 idest,
527 3531 748 3584 sexcentorum
763 3517 923 3606 sexaginte
938 3539 1010 3594 sex,
1027 3520 1125 3586 susti.

86 3651 181 3705 mant
199 3638 345 3727 primum
363 3627 494 3720 quidem
512 3628 699 3694 divisionem
720 3627 809 3716 regni
832 3626 996 3694 indecem
1018 3651 1026 3694 τ
1050 3643 1127 3718 post

87 3747 221 3825 finde,
243 3743 307 3813 iilis
328 3739 556 3832 regnantibus,
577 3751 610 3804 et
632 3736 856 3826 incipientibus
881 3737 1038 3828 corrigere
1064 3763 1125 3812 suu

89 3859 226 3948 Ἠθῶν
243 3867 278 3924 θῑ
292 3875 414 3944 ⁸¹¹S0ffl
431 3873 524 3920 ”lum
539 3869 688 3940 fflgfflssnt
708 3847 762 3937 qui
781 3847 820 3916 de
838 3846 1008 3938 improviso
1023 3849 1123 3918 advo·
1269 3945 1273 3954 ¹
