2546 4614
459 385 713 434 aruerarrouns·
1037 361 1102 448 407

77 525 125 586 per
133 523 223 568 annos
234 526 308 568 nnxx
320 507 357 568 ab
367 507 442 568 urbe
453 507 571 567 condita
581 506 655 566 ullas
666 505 752 566 luisse
763 504 884 568 deorum
895 503 1045 584 imagines,
1057 525 1103 564 su·

63 665 68 674 Ι
76 595 172 676 parius
191 597 291 657 retulit
308 603 429 673 Auctor,
447 599 478 656 in
490 602 626 658 stromat.
638 617 664 656 ι.
679 599 738 655 Nec
750 595 817 655 ideo
830 595 1010 656 damnandus
1031 606 1104 654 tem·

76 688 187 765 plorum
206 702 235 748 et
253 690 473 751 simulacrorum
494 709 580 762 usus,
605 700 638 748 ut
657 687 826 748 dictumest
851 684 985 766 praesenti
1004 685 1102 764 operis

76 791 140 836 tom.
158 798 208 858 ιιι,
223 781 407 841 annotatione
424 802 448 838 ι.
995 775 1000 782 '

363 961 500 1037 Anuor.
529 957 601 1058 (5),
626 984 708 1060 pag.
736 958 818 1056 307.

112 1189 139 1244 S.
153 1185 300 1259 Clemens,
318 1183 387 1243 dnm
400 1183 448 1242 hie
458 1185 501 1244 ait
518 1196 652 1244 naturam
666 1184 734 1245 Filii
746 1202 808 1244 esse
818 1181 1019 1262 omnipotenti
1035 1201 1106 1240 eoa-

0 1312 1 1317 κ
70 1273 294 1353 junctissimam,
310 1294 369 1334 non
380 1274 511 1353 loquitur
522 1274 641 1356 praecise
653 1272 805 1335 denatura
816 1271 895 1344 Filii,
908 1290 962 1329 nec
975 1269 1106 1329 eamdem

0 1391 5 1404 r
73 1357 204 1423 naturam
219 1363 384 1422 considerat
402 1363 535 1423 absolute
558 1374 647 1442 prout
665 1363 696 1421 in
718 1362 812 1441 seipsa
835 1373 892 1434 est,
915 1359 967 1418 sed
982 1359 1104 1418 relative

1 1452 14 1507 ‚i
72 1453 133 1516 sive
148 1455 349 1534 personaliter,
367 1456 555 1536 inquantum
574 1455 743 1534 hypostasin
758 1453 899 1534 signifieat
917 1475 925 1510 :
946 1471 1006 1512 vox
1025 1452 1103 1511 enim

12 1587 14 1592 .
71 1546 195 1625 quatrio
217 1547 319 1618 utitur,
339 1547 480 1626 accipitur
499 1546 676 1624 quandoque
696 1544 968 1630 aveteribussiaut
987 1563 1047 1604 uox
1064 1543 1102 1602 ad

3 1651 15 1708 ι
71 1636 284 1718 significandam
303 1656 466 1715 personam.
483 1641 582 1711 Quare
602 1641 631 1698 S·
646 1638 778 1701 Clemens
798 1636 847 1700 laic
859 1635 932 1697 nihil
945 1634 1025 1694 alind
1039 1635 1103 1695 vult

12 1743 16 1778 i
71 1728 181 1802 (liuere,
198 1727 254 1789 uisi
266 1727 345 1804 quod
359 1727 448 1788 Filius
464 1729 597 1806 proxime
609 1728 727 1788 acoedat
738 1727 830 1787 veluti
841 1724 1007 1786 Divinitatis
1021 1723 1105 1796 sonti,
1149 1722 1153 1731 '

70 1834 130 1879 non
140 1836 211 1882 vero
225 1827 360 1882 naturam
373 1818 439 1880 Filii
457 1838 518 1880 esse
536 1818 682 1884 inferioris
696 1816 871 1882 conditionis
890 1828 1029 1882 amatura
1045 1819 1101 1880 Pa-

4 1911 10 1954 3
74 1906 135 1980 tris;
151 1907 195 1967 uti
208 1927 245 1974 ea
257 1907 501 1987 subsequentibus
514 1908 612 1970 verbis
627 1909 690 1986 ejus
699 1908 777 1970 clare
789 1919 933 1988 apparet*
978 1961 986 1990 ,-

366 2111 504 2186 Aunnr.
531 2105 602 2203 (6),
624 2099 708 2205 pag.
734 2107 815 2179 308.

120 2334 149 2392 S.
165 2331 309 2410 Clemens,
332 2331 402 2394 dum
415 2331 464 2392 laic
479 2329 549 2392 dicit
562 2337 658 2393 Deum
671 2352 726 2412 pro
741 2323 903 2414 aptitudine
917 2329 1103 2410 uuiuscujus-

1 2462 4 2466 ›
67 2441 125 2504 que
138 2421 269 2486 divisisse
290 2443 374 2484 suum
392 2421 644 2498 beneficium,seu
658 2423 944 2504 gratiam,loquitur
960 2419 997 2480 de
1010 2423 1103 2502 gratia

1 2553 4 2563 .
66 2530 143 2590 pure
158 2523 292 2585 externa,
306 2511 416 2572 seilicet
436 2512 644 2591 predicatione
660 2511 745 2572 verbi
765 2513 834 2586 Dei,
854 2524 884 2570 et
898 2510 1102 2584 instructione,

67 2617 155 2675 quam
170 2621 227 2680 pro
241 2601 382 2679 cujusque
396 2600 559 2680 aptitudine
578 2602 687 2660 Graecis
705 2621 787 2682 aeque
807 2621 841 2660 ae
855 2600 991 2660 Barbarie
1004 2600 1104 2658 divisit

65 2690 154 2748 Deus.
169 2694 206 2748 Et
219 2690 338 2768 quando
351 2689 422 2748 dicit
442 2689 573 2749 homines
586 2689 695 2750 habere
705 2691 880 2750 sufficientes
895 2691 973 2750 vires
990 2688 1026 2749 nd
1035 2688 1103 2748 obe·

64 2777 205 2838 diendum
219 2781 361 2841 mandatis
372 2781 492 2854 divinis,
504 2781 637 2862 loquitur
647 2780 683 2841 de
696 2783 826 2860 potentia
837 2794 964 2855 remota,
979 2802 1044 2860 quae
1058 2801 1102 2841 ra·

66 2867 148 2925 tione
161 2867 246 2928 liberi
262 2871 375 2931 arbitrii
386 2871 521 2932 omnibns
535 2873 622 2946 inest,
632 2871 742 2952 absque
758 2891 794 2931 eo
811 2873 891 2952 quod
904 2874 1101 2932 necessitatem

64 2955 168 3036 gratim
181 2956 325 3032 excludat,
336 2980 401 3036 quae
411 2959 448 3020 ad
460 2962 593 3040 proxime
605 2962 748 3042 agendum
759 2962 928 3044 requiritur.

381 3163 520 3232 Aaron.
549 3163 622 3257 (7),
647 3162 791 3235 ibidem.

104 3370 295 3432 Divinitutem
309 3373 398 3435 Verbi
422 3374 514 3434 divini
532 3379 561 3435 S.
576 3377 708 3438 Clemens
727 3379 775 3438 hie
794 3390 894 3457 aperte
914 3377 1031 3449 astruit,
1052 3377 1095 3435 uti

62 3461 172 3540 legenti
183 3476 264 3542 patet
276 3486 283 3521 :
295 3464 366 3524 dum
376 3465 478 3525 'autem
491 3464 563 3525 dicit
580 3467 686 3527 Filium
702 3469 758 3527 Dei
774 3469 867 3528 Patris
879 3467 1024 3527 voluntati
1037 3487 1101 3527 ser-

59 3553 145 3627 vire,
158 3553 267 3614 nullum
284 3555 315 3614 in
325 3555 426 3615 Verbo
439 3556 687 3636 imperfectionem
701 3558 808 3641 arguit,
823 3559 865 3617 uti
876 3571 959 3639 putat
970 3563 1001 3618 P.
1012 3564 1103 3618 Peta-

58 3642 144 3716 vius3
159 3661 226 3702 nam
237 3644 329 3723 siqua
344 3645 375 3705 in
389 3647 465 3708 Filio
479 3647 681 3708 subordinatio
693 3649 730 3708 ad
741 3653 856 3708 Patrem
871 3660 1006 3730 apparet,
1024 3647 1103 3707 cadit

59 3753 153 3812 super
164 3753 320 3814 personam
331 3739 412 3813 Filii,
423 3740 475 3819 qui
486 3759 602 3800 carnem
615 3741 740 3800 induens
754 3741 843 3802 veluti
853 3737 985 3800 minister
1000 3740 1103 3800 volun·

58 3819 132 3878 tatis
144 3821 238 3882 Patris
252 3821 370 3884 effeetus
381 3837 440 3901 est,
454 3828 577 3888 animam
589 3849 671 3890 suam
686 3847 796 3910 ponem
813 3849 868 3909 pro
879 3828 972 3888 salute
983 3839 1081 3892 nostra
1094 3843 1101 3880 =

58 3927 124 3964 non
137 3909 213 3970 cadit
228 3924 326 3972 autem
338 3933 428 3996 super
439 3928 572 3977 naturam
582 3919 662 3993 Filii,
672 3938 739 3998 quaa
748 3937 812 3977 eum
826 3919 864 3978 sit
874 3937 948 3989 una,
962 3930 991 3978 et
1000 3917 1101 3978 eadem

61 4016 133 4056 cum
150 4012 252 4062 natura
267 4007 374 4082 Patris,
388 4007 462 4069 ltane
473 4007 741 4070 subordinationem
756 4009 908 4069 admittere
919 4009 1028 4090 nequit.
