2574 4628
185 263 269 324 188¹
493 280 665 325 ennunurrs
692 281 900 324 ιιιιιιιιιιιιιι
978 305 981 310 -

179 396 266 463 velot
275 395 480 487 algomerinis
489 397 634 486 rupibus,
644 393 1221 484 oireumnuti,immortnlitntemsper·

178 521 260 574 uunt
277 531 285 570 :
303 507 573 596 quemadmodum
588 507 762 573 Ithacensis
780 504 832 572 ille
851 529 958 581 senex,
981 504 1067 572 hnud
1082 503 1216 593 quidem

99 695 104 711 ⁵
177 641 259 684 verer
275 616 473 706 ooelestisque
486 617 609 706 patries,
622 629 677 682 aut
690 639 771 682 verae
782 615 875 693 lueis,
888 616 944 682 sed
954 617 1042 704 fumi
1052 614 1219 680 desiderio

177 727 340 817 flagrabat.
366 727 468 793 Pietas
491 739 611 803 sutem,
637 737 674 792 ut
695 726 857 792 hominem
875 726 957 802 Deo,
972 725 1079 814 quoad
1094 736 1214 814 potest,

178 835 338 914 assimilet,
364 836 516 902 idoneum
532 837 591 927 ipsi
607 838 793 926 magistrum
802 836 908 902 Deum
927 835 1067 910 ascribit,
1087 835 1145 924 qui
1161 857 1216 900 so-

176 944 225 1011 lus
240 946 418 1022 hdminem,
431 958 527 1036 prout
541 959 590 1012 est
609 947 753 1036 dignum,
774 946 843 1013 Deo
866 944 1001 1012 similem
1017 944 1150 1011 effieere
1163 965 1216 1010 re·-

175 1053 229 1122 let.
256 1055 363 1136 Quem
390 1056 568 1124 doctrinam
589 1053 859 1145 eum'Apostolus
883 1078 957 1122 vere
980 1055 1122 1122 divinem
1144 1077 1214 1120 esse

177 1164 255 1231 sciet
271 1189 279 1228 ι
293 1165 366 1232 «Τιι
382 1179 501 1243 autem,
514 1167 638 1253 iuquit,
658 1191 677 1230 o
689 1165 877 1242 Timotheo,
890 1188 907 1231 n
921 1170 1021 1254 puero
1036 1187 1144 1240 saurus
1160 1163 1214 1230 lit-

96 1249 101 1270 ⁸
176 1303 189 1337 ι
206 1287 288 1342 teras
307 1277 434 1353 novisti,
443 1299 524 1365 ·qnae
538 1287 570 1342 te
585 1287 718 1365 possunt
732 1277 906 1366 sapientem
921 1275 1054 1341 reddere
1068 1274 1112 1340 nd
1126 1273 1215 1339 selu·-

177 1398 282 1464 »tem‚
299 1409 357 1475 per
375 1386 473 1453 lidem
490 1409 560 1474 quae
575 1399 623 1452 est
637 1387 670 1453 in
686 1386 831 1452 Christo*
848 1409 856 1450 ι
871 1385 963 1452 »fieri
977 1385 1064 1451 enim
1085 1385 1212 1472 nequit,

176 1507 213 1560 ut
223 1494 284 1562 illae
303 1495 420 1562 liueroe
435 1520 499 1563 non
514 1497 575 1562 sint
590 1519 706 1582 samso,
720 1520 792 1586 quae
806 1519 871 1563 non
888 1496 983 1562 modo
1000 1507 1140 1572 sanctos,
1158 1480 1213 1561 sed

176 1607 272 1672 etiam
287 1605 408 1673 divinos
423 1607 555 1674 faciunt.
572 1606 663 1673 Unde
674 1605 867 1696 Scripturas
876 1607 972 1672 etiam
986 1603 1066 1682 illes,
1081 1629 1140 1670 seu
1155 1629 1213 1671 ro-

176 1714 296 1783 luminn
307 1740 378 1805 quae
392 1741 430 1783 ex
442 1717 491 1784 his
500 1718 618 1784 titteris
632 1716 823 1806 syllabisque
833 1717 937 1782 saeris
953 1727 1111 1791 constant,
1123 1708 1207 1804 Apis

176 1825 276 1892 stolus
297 1825 462 1916 appellet«
484 1828 632 1895 divinitus
654 1828 831 1917 inspiratus,
852 1843 889 1893 ut
907 1849 982 1913 quw
995 1841 1098 1892 essent
1117 1825 1211 1892 utiles

176 1964 188 1998 ι
203 1937 243 2002 od
255 1937 446 2014 doctrinam,
459 1937 499 2005 ud
510 1938 779 2027 redargutionem,
790 1937 830 2002 nd
841 1937 1086 2012 correctionem,
1103 1937 1145 2002 ed
1161 1938 1211 2002 in-

167 2041 188 2108 ἰ
204 2046 401 2113 stitutionem
412 2048 445 2112 in
456 2048 588 2135 justitie,
599 2059 634 2112 ut
645 2046 804 2137 perlectus
816 2047 856 2113 sit
866 2047 962 2112 homo
973 2046 1043 2120 Dei,
1059 2047 1100 2112 sd
1112 2069 1209 2114 omne

175 2148 417 2244 sopus'honum
434 2155 637 2225 instruetus².
657 2185 670 2219 ι
686 2155 852 2224 Neminem
867 2169 954 2224 uerte
969 2153 1104 2222 eliorum
1117 2179 1211 2224 sene-

175 2277 283 2333 torum
298 2268 492 2335 hortationes
506 2266 637 2356 perinde
653 2269 902 2334 commovebunt
912 2290 951 2333 ue
961 2268 1028 2357 ipse
1039 2267 1208 2344 Dominus,

175 2376 229 2463 qui
251 2399 351 2466 genus
369 2377 546 2445 humanum
564 2389 729 2466 tantopere
746 2374 864 2442 dilexit.
884 2377 914 2444 ls
928 2377 1013 2442 enim
1027 2375 1115 2442 aliud
1131 2377 1210 2444 nihil

117 2509 120 2518 ’
173 2486 281 2573 agitet,
299 2485 378 2553 nihil
399 2487 541 2563 molitur,
559 2487 618 2552 nisi
633 2498 669 2552 ut
683 2487 827 2552 homines
849 2487 912 2552 sint
933 2485 1008 2552 salvi
1027 2509 1066 2552 ne
1082 2487 1208 2554 ineolu-

173 2617 251 2662 mes.
271 2596 430 2675 Quocirca
447 2609 537 2686 urget
552 2603 658 2663 eosne
674 2595 808 2686 impellit
822 2597 862 2663 ud
878 2596 1024 2674 sulutem,
1041 2596 1184 2664 olamans
1198 2623 1206 2662 ι

139 2782 143 2791 s
171 2705 467 2793 Appropinquuvit
489 2729 630 2798 regnum
653 2705 843 2773 ooelorum⁸.
869 2707 940 2788 Qun
967 2730 1045 2773 voce
1069 2720 1209 2774 attentos

158 2813 233 2880 sihi
248 2813 394 2880 homines
408 2838 462 2882 eos
478 2815 553 2882 lecit
574 2817 629 2905 qni
643 2816 739 2907 poulo
763 2814 935 2884 timidiores
950 2828 1051 2883 erunt.
1070 2816 1208 2906 Aposto-

173 2919 223 2988 lus
237 2921 347 2989 itidem
368 2923 495 2990 Domini
516 2925 685 2992 cohortans
710 2925 911 3003 Macedonas,
934 2926 1073 2994 divinem
1096 2949 1208 2994 vocem

172 3033 399 3124 interpretatur
419 3058 427 3100 ι
451 3033 750 3126 ‹Appropinquevit
765 3037 932 3112 Dominus,
950 3038 1081 3125 inquitr
1099 3051 1208 3105 cavete

174 3171 187 3204 ι
202 3167 243 3209 ne
254 3141 530 3233 deprehendemur
544 3146 635 3212 vnoui
645 3145 667 3210 ⁴.
682 3144 768 3213 »Vos
780 3159 886 3213 nutem
897 3147 1018 3214 adeone
1029 3149 1104 3215 estis
1118 3161 1207 3216 metu

172 3254 276 3329 vneui,
293 3254 415 3321 adeone
430 3256 535 3344 potius
549 3255 717 3330 inereduli,
733 3268 768 3321 ut
779 3257 909 3346 neeipsi
924 3257 1075 3336 Domino,
1087 3260 1209 3326 nedum

171 3361 282 3440 Paulo,
301 3383 341 3431 ne
357 3365 487 3453 quidem
502 3390 578 3436 cum
589 3391 653 3456 pro
677 3365 809 3434 Christo
822 3369 966 3436 obseurat
980 3370 1005 3446 ⁶,
1029 3369 1128 3438 iidem
1148 3373 1208 3438 ha-

169 3475 294 3550 hentes,
304 3479 439 3564 gustetis
458 3499 499 3542 oo
517 3475 678 3544 eumont
698 3477 861 3545 Christum
883 3502 951 3546 esse
965 3480 1094 3547 Denmi
1113 3481 1206 3549 Fides

170 3606 225 3650 ros
255 3583 447 3662 introdueet,
472 3589 662 3678 experientia
691 3589 830 3666 dooehit,
858 3589 1022 3681 Scriptura
1049 3593 1205 3668 instituet,

182 3720 195 3754 ι
213 3691 339 3770 Venite,
362 3695 485 3774 dimo,
506 3722 526 3764 o
545 3697 616 3776 lilii,
638 3699 744 3766 audite
758 3723 823 3778 me,
840 3701 988 3769 timorem
1002 3703 1131 3770 Domini
1147 3703 1205 3771 do-

204 3821 213 3854 ¹
226 3823 318 3872 sTim.
333 3842 372 3886 ιιι,
385 3824 423 3884 14,
439 3829 478 3876 1⁵.
490 3827 608 3878 -21tist
627 3831 666 3890 16,
680 3848 717 3897 ¹7·
730 3831 781 3872 -¹
795 3833 888 3886 lletth.
899 3851 934 3898 ιι,
950 3851 986 3900 ¹7·
1000 3835 1051 3874 -⁶
1065 3835 1156 3900 Philip.
1170 3846 1203 3882 ιιι

175 3897 197 3948 ⁵.
212 3925 241 3936 -·
255 3897 265 3931 ⁶
277 3917 289 3948 2
302 3897 361 3949 Cor.
374 3917 398 3963 ι,
407 3918 445 3951 ιο.
455 3903 575 3958 -ssl‘soh
590 3906 705 3967 xxxrr,8.
