2574 4628
189 258 248 321 aab
502 275 675 322 curuans
701 275 910 342 auoxurnruru

184 411 309 489 pontes,
323 411 447 488 reptare
462 393 555 464 :nam
570 398 702 463 inimici
715 398 857 463 Domini
862 396 1034 486 potuer-cm
1049 395 1199 486 tingens
1210 395 1242 470 ¹,

184 511 229 575 ait
240 509 415 598 Scriptura.
431 507 554 578 bterra
566 509 606 574 ad
621 510 773 575 aetborem
787 507 898 575 oculos
911 506 1057 582 attollite,
1070 507 1246 596 suspicite

184 618 218 683 in
236 617 367 693 coelum,
392 617 605 693 admiremini,
628 618 761 684 desinite
783 615 923 684 insidiari
946 614 1099 713 calcaneo
1124 617 1245 704 justo-

185 748 271 804 rum,
290 729 432 794 etaiam
448 726 622 793 ueritatis²
637 728 801 816 impedire.
816 727 927 794 Estote
937 729 1122 816 madentes
1136 739 1179 791 et
1194 727 1246 791 in-

184 839 291 904 noxii:
307 837 437 904 sortasse
451 837 606 905 Dominus
625 838 736 926 utiquo
748 838 837 903 robis
853 837 940 905 dabit
954 859 1094 927 pennam
1110 834 1246 924 simpli

184 948 287 1014 citatis
309 947 354 1032 (is
370 947 456 1012 enim
469 947 643 1038 terrigenas
657 947 772 1036 pennis
789 947 946 1014 instruere
962 949 1137 1016 constituit
1147 951 1180 1038 ),
1207 961 1246 1014 ut

184 1079 224 1123 ex
235 1055 433 1124 histattbulis
448 1057 631 1136 eradentes,
644 1056 911 1124 ooelosbabitetis.
925 1057 989 1125 Nos
998 1058 1244 1124 tantummodo

102 1147 106 1166 ⁸
183 1168 361 1234 totocorde
375 1169 752 1258 poenitentiamagamus,
766 1179 800 1232 ut
816 1179 921 1234 totum
934 1179 1079 1236 nostrum
1097 1185 1163 1234 cur
1175 1168 1244 1234 Do

186 1279 310 1345 minum
329 1279 472 1368 recipere
492 1277 605 1345 valeat.
628 1304 641 1338 r
661 1275 793 1367 Sperate
812 1279 845 1348 in
864 1279 983 1368 ipsum,
1006 1279 1137 1366 inquit,
1169 1291 1241 1345 tota

185 1388 324 1479 »populi
344 1389 574 1479 congregatio:
593 1387 748 1454 effundite
767 1369 877 1456 boram
899 1389 968 1478 ipso
990 1388 1099 1454 omnia
1128 1388 1240 1454 corda

189 1529 202 1562 a
219 1513 322 1566 restra
332 1500 358 1577 ³,
371 1500 435 1566 »ad
448 1511 593 1568 recentes
608 1497 650 1566 ab
666 1500 829 1588 impietate
844 1501 888 1565 ait
905 1523 914 1564 :
929 1493 1166 1574 misereturhet
1180 1499 1239 1564 im

185 1608 251 1698 piet
269 1611 399 1698 justitia.
421 1609 539 1686 Crede,
558 1610 668 1687 bomo,
687 1608 810 1677 bomini
830 1621 863 1676 et
876 1609 956 1676 Deo.
975 1608 1094 1688 Crede,
1115 1609 1238 1687 bomo,

186 1721 256 1786 Deo
276 1721 418 1797 viventi,
445 1721 501 1810 qui
516 1743 628 1811 passus
647 1733 709 1796 est,
730 1731 763 1785 ot
782 1720 944 1786 adoratur.
965 1718 1112 1794 Credite,
1135 1721 1237 1794 servi,

186 1841 325 1895 mortuo.
341 1829 470 1895 Credite
485 1829 527 1905 ei,
542 1828 679 1896 universi
690 1828 849 1904 homines,
865 1828 920 1916 qui
932 1825 1016 1892 solus
1028 1840 1077 1893 est
1090 1826 1191 1892 Deus
1201 1851 1238 1892 cx

186 1939 338 2004 universis
355 1939 548 2006 bominibus.
573 1938 714 2016 Credite,
729 1951 761 2004 et
782 1936 965 2003 mercedem
983 1937 1126 2025 accipite
1143 1935 1237 2002 saiu-

186 2058 261 2111 tem.
278 2047 430 2128 Quaerite
444 2048 568 2123 Deum,
587 2063 618 2112 et
633 2051 724 2114 uiuet
736 2047 856 2114 ociosa
871 2061 981 2112 oestro
999 2044 1021 2110 ⁶.
1042 2046 1111 2125 Qui
1127 2046 1241 2112 Deum

185 2157 311 2246 quaerit,
332 2158 373 2224 de
395 2158 522 2248 propria
544 2155 645 2226 saluto
670 2159 822 2228 sollicitus
844 2168 902 2224 est.
931 2157 1082 2224 Invenisti
1100 2157 1240 2223 Deum?

188 2266 286 2333 babes
313 2266 419 2334 vitam.
448 2269 637 2348 Quaeramus
659 2273 767 2359 igitur,
792 2281 827 2334 ut
849 2269 1001 2334 vivamus.
1029 2268 1240 2334 inventionis

188 2401 311 2463 merces
331 2391 379 2444 est
394 2378 457 2444 vita
472 2380 559 2469 apud
580 2381 695 2445 Deum.
716 2405 728 2440 ι
750 2377 901 2445 Exultent
921 2391 954 2443 et
975 2376 1133 2443 laetentur
1151 2381 1190 2444 in
1208 2393 1239 2443 te

189 2515 203 2549 a
220 2489 400 2576 omnesqui
419 2483 451 2553 te
470 2501 629 2575 quaerunt,
645 2502 678 2554 et
691 2489 796 2553 dicant
814 2500 989 2576 perpetuo:
1004 2487 1240 2575 biagniflcotur

190 2597 302 2664 »Deus
312 2596 333 2663 ⁸.
352 2597 525 2687 »Optimus
541 2598 599 2665 Dei
615 2599 751 2686 hymnus
769 2610 817 2662 est
833 2595 1022 2664 immortalis
1041 2596 1167 2674 bomo,
1185 2600 1239 2686 qai

189 2706 307 2796 justitia
319 2707 494 2773 instructus
509 2718 570 2782 eet,
587 2719 620 2771 et
634 2707 667 2772 in
682 2707 787 2771 animo
801 2729 860 2771 suo
872 2703 1001 2771 oracula
1016 2706 1170 2771 veritatis
1186 2707 1240 2774 ha·

190 2819 245 2882 bet
263 2815 432 2906 insculpta.
458 2813 519 2883 Ubi
543 2816 641 2890 enim,
665 2827 877 2904 praeterquam
896 2817 929 2880 in
945 2815 1089 2903 sapiente
1110 2818 1238 2890 anima.

189 2928 453 3012 inscribendajest
467 2928 610 3016 justitia?
626 2929 680 2994 ubi
696 2927 831 2994 ebaritas
843 2927 857 2992 i
870 2928 925 2993 ubi
934 2927 1062 3016 pudor?
1074 2929 1136 2994 ubi
1149 2953 1240 2994 man·

190 3038 348 3106 suetudo?
371 3037 517 3118 Quorum
537 3049 646 3104 autem
661 3037 774 3105 auimae
790 3037 839 3104 bis
857 3037 970 3102 divinis
986 3037 1239 3105 characteribus

189 3149 318 3238 signatae
332 3148 460 3226 suerint,
481 3171 549 3225 eos,
567 3162 602 3214 ut
616 3171 675 3238 ego
693 3148 822 3236 quidem
840 3148 1000 3223 existimo,
1020 3159 1156 3236 oportet
1177 3171 1241 3237 pu·

190 3272 259 3325 tare
277 3282 310 3325 se
331 3270 440 3326 nactos
464 3281 532 3325 esse
555 3259 691 3348 optimos
714 3255 875 3345 sapientie
897 3277 1056 3332 carceres,
1084 3258 1180 3322 unde
1205 3259 1238 3322 in

191 3369 317 3456 quosvis
332 3369 404 3434 ritae
419 3391 510 3435 casus
527 3368 726 3439 omittantur,
744 3365 957 3453 eamdemque
968 3365 1172 3430 tutissimum
1189 3386 1239 3430 sa·

162 3515 167 3529 ·
190 3475 264 3543 lutis
282 3491 410 3567 portum
430 3478 630 3545 existimare:
650 3499 707 3566 per
722 3495 819 3563 quam
835 3475 965 3563 quidem
975 3472 1084 3541 liberis
1101 3477 1240 3542 contin-

191 3599 270 3676 gunt
281 3587 357 3654 boni
371 3602 488 3678 patres,
502 3589 558 3677 qui
572 3586 614 3653 ad
625 3586 752 3652 Patrem
765 3585 994 3676 confugerunt3
1011 3585 1165 3674 patribus
1181 3609 1240 3650 au·

192 3707 258 3761 tem
267 3695 422 3775 bonifilii,
435 3699 489 3788 qui
497 3697 613 3766 Filium
626 3708 860 3786 cognoverunt3
875 3696 1025 3761 uxoribus
1037 3695 1139 3762 etiam
1152 3696 1238 3762 boni

225 3867 312 3918 ιΡεειΙ.
328 3885 403 3930 arrii,
423 3889 445 3936 9.
459 3901 488 3910 -
499 3871 510 3906 ²
521 3891 533 3921 2
545 3873 598 3923 Pet.
618 3889 647 3930 u,
664 3867 731 3918 2.-²
743 3869 805 3920 Psai.
829 3886 887 3926 tarr,
902 3865 973 3916 8.-ὦ
986 3865 1050 3918 Psal.
1066 3881 1132 3926 trix,
1146 3865 1192 3914 52.
1207 3893 1237 3903 -

195 3942 204 3974 ⁵
215 3941 279 3994 Peal.
292 3957 347 4003 axx,
357 3944 381 4002 ά.
