2570 4614
306 248 684 390 cnnrtnnnrs
720 260 1179 388 Annxannnrnr

464 533 1019 666 PAEDAGOGUS.

228 823 910 847 ΜΜΜΜΜΜΜΜΜΜΜΜΜΜΜ
914 819 1246 843 mmmmm

512 1016 680 1103 LIBER
727 1013 959 1106 PRIMUS.

589 1251 876 1280 ,ψ’-

550 1423 555 1430 ’
628 1421 779 1488 GAPUT
810 1423 835 1488 1.

511 1625 589 1702 Quid
596 1623 759 1704 prcfiteatur
769 1622 956 1703 Poedagogm.

264 1815 348 1881 Cum
363 1813 431 1882 baec
446 1815 505 1880 tria
520 1815 582 1880 sint
597 1816 631 1881 in
644 1815 786 1894 homino,
802 1837 919 1891 moras,
934 1814 1088 1889 actiones,
1105 1824 1139 1878 ot
1153 1809 1240 1879 atrae»

222 1936 286 2001 tus,
301 1945 406 1990 moros
426 1945 529 1990 sermo
549 1923 608 1990 sibi
624 1924 763 1991 vindicat
777 1923 1026 1999 cohortator-ios,
1042 1922 1168 2012 pictatis
1185 1921 1240 1987 dux

221 2055 260 2099 ac
275 2029 446 2120 roligionis,
461 2026 515 2121 qui
537 2033 635 2100 instar
650 2033 764 2100 carinae
779 2034 942 2122 subjectus
956 2043 1004 2098 ost
1025 2031 1065 2098 nd
1080 2029 1158 2098 fidoi
1174 2031 1243 2097 ndi-

116 2125 119 2132 *
221 2141 403 2208 ficationem
416 2165 424 2208 τ
439 2165 503 2231 quo
518 2143 648 2230 quidam
658 2167 716 2210 nos
730 2136 822 2210 valiis
834 2138 1022 2220 exultantes,
1037 2155 1071 2209 at
1086 2143 1242 2233 opiniones

4 2309 11 2334 ‚
81 2341 84 2346 Ι
220 2264 341 2323 veteres
355 2253 551 2340 abjurantes,
571 2254 613 2321 ad
634 2253 768 2321 salutern
790 2255 1014 2346 capessendam
1034 2255 1167 2346 juvenca
1184 2253 1242 2320 ala-

220 2387 353 2455 crosquo
367 2363 545 2443 reddimur,
561 2387 636 2433 cum
657 2364 809 2456 psallente
829 2365 994 2456 prophetia
1010 2365 1216 2433 concinentes
1232 2386 1239 2426 :

220 2475 333 2557 Quam
345 2473 447 2542 bonas
458 2473 566 2541 loraci
582 2476 684 2553 Deos,
701 2477 744 2542 iia
758 2476 817 2564 poi
828 2491 914 2542 racto
926 2491 1005 2543 cont
1018 2474 1162 2542 cor-dd?
1176 2473 1242 2542 orn-

219 2585 313 2652 nibus
333 2603 408 2649 vcro
431 2583 608 2648 actionibus
628 2596 742 2672 praesst
762 2605 866 2650 sermo
887 2585 943 2673 qni
961 2597 1105 2652 versatur
1129 2584 1164 2651 in
1186 2597 1242 2650 tra·

219 2693 331 2759 dandis
346 2692 511 2782 praeccptis
528 2714 536 2754 ε
556 2694 653 2759 animi
672 2705 780 2760 autam
801 2693 967 2762 affectibus
983 2695 1133 2762 medetur
1147 2717 1242 2762 sorno

123 2818 125 2822 ’
207 2801 260 2885 ad
275 2801 475 2870 suadendum*
485 2815 702 2892 comparatum
718 2826 793 2872 cunr
805 2804 923 2870 intoroa
936 2827 1018 2871 unus
1029 2805 1070 2870 sit
1081 2805 1188 2872 omnis
1198 2805 1242 2871 bic

220 2909 371 2989 sermm
385 2911 561 2992 mundana,
576 2913 610 2979 in
625 2934 686 3002 qun
701 2913 853 2981 educatus
867 2925 928 2990 ast,
944 2914 1176 2981 consuetudine
1192 2915 1242 2982 bo-

219 3024 340 3091 minam
364 3023 534 3113 abripiens,
559 3035 591 3089 ot
613 3025 646 3090 in
669 3021 803 3112 simplici
831 3025 987 3113 uniusque
1007 3023 1096 3089 modi
1118 3022 1197 3090 fidei
1216 3024 1244 3089 in

219 3133 324 3200 Deum
338 3130 439 3198 saluto
461 3131 638 3199 instituant.
654 3131 727 3198 Dux
747 3131 852 3220 itaquo
872 3131 1019 3208 coelostis,
1035 3131 1197 3211 Verbum,
1210 3131 1243 3198 ad

219 3243 354 3310 salntem
373 3242 503 3332 quidam
518 3242 644 3331 quando
659 3243 886 3310 cohortabatur
902 3244 1077 3319 hominem,
1094 3243 1240 3310 soborn-

221 3354 324 3424 torico
338 3364 466 3420 vocatus
478 3365 545 3418 cst:
561 3365 593 3418 ot
604 3352 656 3418 bic
669 3339 772 3418 serino
783 3354 910 3443 proprio
921 3355 961 3420 ad
978 3353 1179 3420 incitandum
1197 3375 1244 3441 ap·
1280 3415 1281 3418 ,

219 3477 282 3552 tus,
296 3474 434 3552 exparte
451 3461 571 3528 scilicet
582 3472 697 3539 totum,
709 3460 882 3553 appellatus
894 3475 951 3532 ost.
965 3465 1022 3530 Est
1036 3464 1125 3530 enim
1140 3463 1244 3532 cobor-

220 3571 333 3635 tatorin
349 3572 492 3636 univorsa
509 3569 630 3659 religio,
640 3583 684 3637 'ut
699 3595 767 3661 quae
782 3583 815 3638 ct
829 3575 899 3638 vitae
914 3573 967 3639 bic
982 3585 1068 3641 rocta
1084 3573 1242 3664 degenda.

220 3681 575 3748 atsuturaedosiderium
586 3683 1241 3774 monticognataeingeneretNuncantcm,

221 3813 295 3857 curn
308 3790 339 3854 in
355 3788 511 3856 medendo
528 3805 559 3858 ot
574 3793 785 3882 praecipiendo
800 3809 953 3873 versatur,
968 3809 1000 3862 ct
1017 3795 1057 3861 ad
1077 3807 1242 3884 utrumqne
1280 3829 1281 3832 ¹

212 3877 214 3882 ¹
253 3919 337 3972 ²Ptai.
350 3935 435 3981 curn,
450 3937 470 3970 t.
