2614 4628
204 267 265 332 150
517 283 693 330 cunuarrrs
718 281 927 329 sensurum

85 472 90 482 ,
200 399 410 480 immanitate,
427 397 491 470 sire
508 402 595 494 apud
609 401 750 494 Phryges
770 402 904 479 insania,
927 401 991 468 sive
1009 399 1095 488 apud
1109 396 1258 466 Graues
1294 381 1303 420 ³

200 516 425 607 superstitione
444 514 605 606 principes
620 523 849 580 memorantur.
869 513 911 580 At
922 509 1005 578 male
1018 521 1145 600 pereat,
1161 508 1258 597 quis·
1298 521 1303 529 '

140 697 145 712 ,
200 629 271 719 quis
286 639 383 694 tantm
396 623 554 694 vecordia
564 624 733 690 bominum
747 622 855 713 generi
867 633 980 689 auctor
996 619 1069 696 luit,
1081 643 1142 686 seu
1161 619 1260 686 Dar-

201 741 320 816 danus,
337 737 392 827 qui
405 735 515 802 Matris
531 735 627 800 deum
650 734 800 823 mysteria
816 731 925 800 docuit
931 755 942 806 ς
967 753 1023 797 seu
1041 730 1178 806 Eetion,
1196 729 1260 818 qni

199 847 362 914 Thracum
378 847 479 935 orgia,
495 866 699 910 cumeorum
711 843 885 932 mysteriis,
900 841 1048 932 protulitc
1066 864 1126 910 seu
1137 839 1262 928 Phryx
1291 830 1304 925 j'·

201 955 253 1026 ille
268 953 383 1030 blidas,
399 954 452 1021 cui
467 973 543 1020 eum
558 953 599 1019 ab
614 951 742 1041 Odryso
757 952 905 1020 callidem
919 964 952 1037 et
968 951 1096 1042 plenam
1117 949 1261 1018 artificii
1291 941 1304 977 ⁵

198 1063 346 1132 fraudem
366 1062 554 1152 accepisset,
576 1083 647 1128 eam
667 1063 874 1151 postmodum
895 1063 928 1130 in
946 1061 1091 1130 subditos
1111 1085 1185 1128 suae
1204 1061 1261 1128 di·
1294 1061 1301 1088 ²

199 1176 277 1243 tioni
293 1175 407 1263 sparsit
419 1171 594 1238 universos.
611 1171 679 1239 Nec
689 1173 776 1239 enim
792 1174 871 1240 mibi
886 1173 1020 1262 Cinyras
1035 1169 1088 1238 ille
1105 1171 1260 1262 Cyprius
1293 1163 1304 1200 '³

200 1284 347 1352 insularis
361 1303 505 1372 unquam
523 1282 723 1370 imposuerit,
735 1283 790 1371 qui
803 1303 881 1350 cum
893 1281 1045 1348 famosam
1057 1278 1178 1346 insula
1191 1303 1259 1348 suae
1303 1303 1304 1306 ¹

200 1393 403 1461 meretricem
425 1390 521 1456 deam
542 1389 671 1456 efficere
692 1391 899 1459 vehementer
924 1401 1061 1481 optaret,
1087 1389 1257 1481 flagitium

200 1503 334 1571 Veneris
348 1501 435 1590 orgia
453 1523 494 1566 ex
508 1500 649 1566 tenebris
663 1499 697 1566 in
712 1489 818 1567 lucem
835 1523 930 1566 ausus
945 1511 994 1569 est
1008 1499 1164 1588 diemque
1181 1521 1258 1589 pro·

198 1589 330 1681 'reon
350 1611 424 1679 sam
439 1606 492 1677 oe
505 1607 740 1698 solempnem
754 1606 1102 1698 representantem,
1119 1607 1258 1675 ceren

85 1729 94 1744 '
202 1723 294 1799 festa,
309 1719 447 1796 luctum,
462 1717 606 1806 inquam,
617 1717 710 1786 illum
721 1717 916 1786 carminibus
926 1717 1118 1807 hymnisque
1131 1717 1259 1786 decan

202 1831 262 1896 tari
285 1827 428 1902 solitum.
454 1828 487 1893 in
511 1825 669 1894 Graeciam
691 1849 732 1894 ex
754 1827 894 1919 AEgypto
917 1828 1091 1895 traduxisse
1114 1826 1256 1895 volunt.

203 1943 284 2010 latos
298 1940 449 2031 equidem
471 1935 677 2028 profanarum
697 1938 878 2007 fabularum
900 1961 938 2008 ac
961 1938 1117 2032 pestilerae
1132 1961 1261 2028 super-

201 2051 337 2118 alitionis
348 2047 681 2140 parentes,malorum
692 2051 852 2140 principes
864 2050 961 2116 fuisse
977 2050 1123 2116 omnium
1132 2052 1260 2118 merito
1303 2029 1306 2042 Ι

204 2161 352 2237 dixerim,
367 2182 442 2228 cum
458 2155 510 2227 illa
527 2161 678 2248 mysteria
698 2159 857 2228 scelerum
879 2184 918 2228 ac
938 2161 1050 2228 mortis
1071 2161 1203 2230 semina
1227 2165 1260 2231 in

202 2271 371 2340 hominum
385 2269 483 2339 vitam
507 2269 695 2338 intulerunt.
721 2271 763 2338 Ae
787 2272 874 2340 enim
893 2271 960 2360 jam
980 2281 1108 2361 tempus
1130 2283 1204 2357 est,
1224 2284 1261 2339 nt

202 2383 290 2473 orgia
305 2394 408 2450 restra
423 2381 547 2449 fraudis
562 2405 601 2449 ao
615 2383 846 2473 praestigiarum
859 2380 954 2474 plena
967 2403 1035 2449 esse
1051 2381 1262 2452 &monstre-

201 2515 274 2561 mus
290 2514 299 2559 ε
320 2515 387 2569 vos,
405 2493 544 2560 simodo
560 2494 674 2560 initiati
689 2493 777 2569 estis,
794 2493 859 2558 risu
874 2513 913 2560 ec
927 2489 1026 2558 sibilis
1041 2503 1169 2559 vestras
1186 2491 1259 2560 illm

202 2596 338 2672 fabulas,
355 2599 472 2687 quibua
486 2609 614 2665 tantum
631 2599 842 2666 venerationis
856 2599 1024 2673 tribuitur,
1042 2621 1110 2687 praa
1127 2601 1262 2667 caeteris

204 2707 378 2796 excipietis.
397 2708 464 2797 Ego
482 2729 558 2774 vero
578 2707 685 2774 abdita
708 2708 898 2797 penitusque
913 2707 1077 2774 recondita
1091 2708 1212 2798 pelam
1229 2710 1263 2778 in

204 2816 350 2883 omniurn
364 2813 437 2882 luce
452 2815 631 2892 collocabo,
654 2839 716 2883 nec
730 2837 783 2882 me
801 2816 905 2905 pudor
931 2815 972 2884 ab
994 2816 1032 2882 iis
1050 2816 1263 2906 proferendis

203 2925 379 3002 revocabit,
402 2947 473 3014 qun
492 2948 547 2993 roa
563 2923 678 2992 divinis
703 2925 879 2992 bonoribus
902 2923 1007 2992 colere
1029 2947 1096 2992 non
1116 2927 1261 3015 pudent.

204 3033 316 3102 Vestra
327 3035 423 3124 igitur
439 3031 490 3100 illa
505 3057 626 3124 spumae
637 3035 769 3100 marinae
779 3032 898 3123 proles,
911 3034 1073 3124 Cyprique
1088 3035 1211 3110 ioetns,
1225 3057 1266 3104 ac

86 3231 90 3238 ,
205 3143 331 3232 Cinyra
352 3142 517 3218 delicium,
535 3141 694 3211 Venerem
711 3140 866 3234 intelligo.
890 3165 987 3234 quam
1012 3154 1172 3232 φιλομηδὲα,
1197 3145 1269 3216 boc

203 3266 252 3320 est
266 3255 390 3321 ueratri
406 3271 591 3331 notantem,
618 3254 801 3331 nominatis,
817 3255 935 3345 quippe
956 3253 1117 3321 orembrr's
1139 3277 1190 3322 em
1212 3279 1269 3350 ge·

188 3364 364 3431 miratione
385 3382 517 3444 ortom;
545 3366 656 3454 utique
681 3366 827 3432 abscissis
853 3363 914 3433 illis
941 3363 1021 3433 Coeli
1044 3364 1271 3457 genitalibus,

205 3473 402 3560 usqueadeo
416 3473 585 3551 salaeibus,
606 3485 643 3538 ut
662 3485 748 3541 secta
767 3471 895 3565 qu'oque
916 3473 1035 3541 undam
1048 3474 1154 3564 ipsam
1171 3497 1273 3544 oon·

185 3583 397 3676 *stuprarint3
415 3607 513 3673 quare
529 3586 622 3652 loetus
638 3583 745 3652 effusis
767 3585 800 3652 in
821 3583 987 3653 libidinem
1009 3584 1157 3675 eorporis
1176 3607 1272 3675 par-

206 3693 293 3759 tibus
314 3691 408 3783 longe
428 3693 630 3785 dignissimus
653 3695 761 3763 Venus
783 3696 842 3764 ista
862 3707 1058 3786 procreatur.
1082 3695 1209 3785 ltaque
1234 3697 1274 3766 in

211 3802 334 3869 arcnnis
352 3801 522 3894 voluptatis
545 3805 795 3896 hujusmarinae
819 3808 929 3883 sacris,
952 3819 1105 3897 tanquam
1127 3807 1275 3876 lmtm

124 3971 131 3981 .
205 3909 404 3998 symbolum,
421 3935 552 4003 grumos
566 3915 652 3996 salis',
664 3916 856 4008 effigiesque
869 3919 997 3995 veretri,
1012 3919 1051 3988 iis
1066 3917 1151 3986 tradi
1174 3921 1277 3990 solet
