2614 4628
269 291 330 354 126
573 309 749 355 enrururis
774 305 986 351 inaniuntur

267 418 352 494 cus¹,
364 416 439 483 alios
452 395 580 504 quidem
593 417 693 505 aegrds
705 413 949 504 cataplasmatis,
967 411 1043 478 alios
1058 407 1291 500 purgationibu

265 537 373 600 ourat3
399 522 477 590 alios
498 524 648 592 lomentis
670 522 806 600 emollit,
834 521 912 588 alios
934 522 1025 588 ferro-
1046 520 1205 592 lancinatt
1225 539 1291 582 sm

265 636 361 702 etiam
379 657 458 724 quos
476 636 595 712 adurit,
617 647 650 700 et
672 635 789 722 quibus
806 633 1016 723 resectionem
1034 631 1178 704 adhibet,
1197 629 1226 694 si
1247 651 1291 716 qu

265 747 387 812 ratione
407 747 542 814 ¹humani
566 746 709 834 eorporis
730 743 825 812 alicui
847 744 929 832 parti
950 742 999 808 vel
1017 743 1168 810 membro
1190 737 1291 804 sanita

266 859 387 924 restitui
402 858 501 947 possit
519 881 526 922 :
543 858 644 923 varias
659 856 745 922 enim
761 853 907 920 Salvator
922 865 1030 920 noster
1044 874 1138 918 voces
1155 848 1291 916 adhibet

264 979 296 1031 et
315 967 414 1032 varias
432 966 593 1054 experitur
608 965 688 1040 vias,
707 976 742 1030 ut
761 964 908 1031 homines
926 962 1115 1030 adsalutem
1130 959 1291 1050 perducat

265 1078 350 1144 Dum
361 1078 513 1152 minetur,
527 1077 694 1144 admonet:
710 1075 789 1140 dum
807 1074 1017 1149 convioiatur,
1030 1069 1208 1138 emendat:
1228 1069 1291 1134 dun

264 1184 364 1275 luget,
386 1186 554 1252 miseratur
574 1209 582 1249 ι
602 1184 680 1250 dum
704 1197 825 1256 cantat,
841 1184 989 1250 hortatur
1011 1205 1019 1247 t
1043 1183 1183 1249 inruho
1208 1179 1291 1244 etian

264 1294 418 1382 loquitur,
435 1295 522 1383 quod
540 1291 584 1359 illi
605 1293 703 1382 signis
718 1305 752 1360 et
765 1293 916 1381 prodigiis
932 1293 1121 1382 indigerent.
1138 1291 1236 1358 Idem
1252 1309 1291 1352 eo

264 1404 336 1492 igne
349 1402 581 1493 perterrefacit,
594 1401 756 1470 llammsm
776 1427 795 1467 e
810 1400 959 1470 columna
975 1425 1179 1493 suspensam,
1198 1412 1291 1466 terro

263 1513 305 1576 ris
333 1508 427 1576 simul
452 1523 486 1576 et
507 1511 616 1600 gratier
634 1512 760 1600 signum
780 1512 952 1588 exhibens}
980 1513 1145 1603 morigeris
1171 1509 1291 1600 quiden

264 1621 382 1698 lucem,
396 1622 452 1687 sed
464 1621 674 1711 immorigeris
695 1623 813 1710 ignem.
832 1621 945 1690 Postea
960 1624 1047 1713 quod
1062 1645 1178 1712 corpus
1191 1619 1291 1686 huma

265 1757 344 1800 num
363 1729 513 1798 columna
529 1744 561 1796 et
577 1734 659 1798 rubo
678 1731 817 1798 nobilius
834 1745 930 1810 esset,
948 1733 1113 1823 prophetis
1133 1753 1212 1796 usus
1228 1739 1280 1792 est

263 1844 330 1931 ipso
348 1843 504 1909 Dominus
520 1842 553 1906 in
570 1841 662 1908 Esaia
681 1841 836 1931 loquitur,
858 1844 926 1933 ipse
942 1844 975 1910 in
990 1841 1094 1918 Helia,
1109 1841 1224 1932 ipsein
1245 1860 1291 1902 on

264 1954 502 2042 prophetarum.
514 1951 645 2031 Quodsi
654 1950 774 2021 nullam
785 1952 950 2044 prophetis
960 1953 1059 2022 iidem
1072 1951 1181 2019 deberi
1192 1961 1288 2038 putas

263 2063 319 2128 sed
335 2062 431 2138 viros,
447 2060 535 2127 haud
550 2083 642 2126 secus
660 2085 697 2128 ae
711 2063 831 2152 ignem,
848 2063 881 2130 in
896 2087 1032 2132 numero
1048 2061 1234 2130 fabularum
1250 2059 1291 2124 hs

264 2176 336 2248 besr
358 2172 424 2262 ipse
440 2171 596 2238 Dominus
611 2172 669 2239 tibi
692 2170 854 2261 loquetur,
871 2201 885 2236 ι
901 2175 954 2263 qui
975 2197 1050 2240 eum
1069 2172 1228 2249 informa
1245 2169 1291 2235 De

263 2311 275 2344 ι
290 2294 385 2357 esset,
402 2304 468 2347 non
484 2281 628 2370 rapinam
645 2282 815 2349 arbitratus
839 2297 888 2350 est
903 2304 1020 2350 essese
1036 2281 1197 2372 aequalem
1210 2279 1290 2350 neor

263 2393 346 2459 »sed
363 2391 568 2481 semetipsum
584 2392 777 2459 exinanivit²
794 2394 995 2460 »misericors
1012 2395 1111 2471 Deus,
1127 2405 1165 2457 ut
1187 2391 1290 2456 hume

265 2527 343 2570 num
355 2525 454 2591 genus
468 2514 618 2568 servaret.
634 2503 743 2590 Ipsum
755 2503 834 2570 adeo
845 2504 905 2571 Dei
912 2505 1056 2572 Verbum
1068 2503 1176 2595 palam
1189 2503 1248 2568 tibi
1260 2499 1290 2565 lo

265 2615 386 2702 quitur,
406 2623 441 2678 ut
455 2610 633 2678 infidelitati
647 2612 802 2701 pudorem
814 2615 962 2681 'incutiat
977 2614 1133 2690 Verbum,
1153 2614 1289 2700 inquam.

264 2724 323 2790 Dei
335 2724 431 2790 homo
448 2721 580 2798 laetum,
592 2734 630 2788 ut
643 2733 679 2789 tu
696 2747 823 2812 quoque
839 2727 878 2791 ab
891 2726 1020 2792 homine
1032 2725 1134 2790 discas
1153 2743 1220 2811 qua
1235 2731 1289 2786 arta

265 2835 363 2902 homo
374 2833 442 2900 lieri
454 2833 540 2899 Deus
551 2833 781 2921 possit..Quam
791 2848 898 2902 sutem
908 2835 1082 2902 absurdum
1095 2834 1183 2899 istud
1194 2829 1289 2902 suem

267 2944 383 3020 Amici,
401 2956 437 3008 ut
451 2966 525 3008 cum
541 2943 626 3011 Deus
638 2945 679 3010 ad
695 2945 844 3012 virtutem
858 2947 978 3012 hortari
993 2967 1160 3034 nunquam
1173 2941 1288 3013 desinit

265 3079 339 3132 nos,
361 3066 466 3144 spreto
486 3055 556 3142 ejus
571 3045 752 3130 beneficio,⁸
768 3054 907 3122 oblatam
930 3054 1064 3122 salutem
1085 3045 1288 3141 respuamus!

266 3166 381 3233 Annon
396 3163 417 3231 J
419 3187 537 3230 oannes
552 3165 696 3232 homines
711 3167 752 3232 ad
767 3165 899 3233 salutem
921 3163 1067 3255 impellit,
1084 3177 1117 3230 et
1131 3174 1222 3230 totos
1236 3183 1288 3226 voa

266 3275 434 3342 hortatrix
447 3273 507 3340 fist
521 3275 629 3364 lpsum
644 3299 719 3366 ergo
735 3297 902 3367 rogemus:
919 3277 1097 3358 Quisnam,
1115 3275 1208 3340 unde
1222 3295 1287 3362 gea·

267 3385 351 3449 tium
366 3388 423 3451 ss?
437 3384 560 3453 Heliam
577 3407 610 3452 se
626 3409 691 3454 non
706 3388 803 3464 dicet,
823 3386 986 3454 Christum
1002 3409 1071 3452 esse
1085 3386 1287 3474 pernegahit:

264 3493 320 3560 sed
334 3519 445 3561 vocem
455 3518 489 3562 se
504 3495 656 3564 fatebitur
675 3499 713 3562 in
732 3500 857 3565 deserto
872 3499 1072 3564 clansantem
1085 3496 1138 3560 ³...
1159 3495 1242 3575 Quis
1253 3503 1287 3558 es

265 3627 340 3692 ergo
355 3605 519 3673 loannes?
533 3609 718 3674 summatim
729 3608 838 3676 dicere
853 3608 964 3675 lioeatt
977 3603 1068 3672 «Vox
1078 3603 1179 3671 Verbi
1196 3604 1286 3670 horu

265 3714 353 3779 »trix
369 3715 400 3780 in
417 3715 541 3782 deserto
557 3715 710 3786 clamans.
724 3719 834 3800 ‚Quid
847 3719 976 3794 clamas,
993 3741 1012 3784 o
1028 3715 1121 3784 Vox?
1133 3717 1188 3784 dio
1203 3716 1286 3780 etisn

263 3826 371 3892 nobis:
387 3823 502 3890 Raetus
512 3827 611 3912 facite
620 3833 754 3898 semitas
766 3830 906 3897 Domini
915 3829 937 3894 ⁴.
952 3826 1134 3895 Praecursor
1144 3840 1193 3894 est
1204 3827 1283 3893 Joan

293 3955 377 4008 ¹Vide
390 3957 421 4006 D·
435 3956 547 4016 Guillun,
560 3966 586 4022 p:
597 3962 652 4026 575.
661 3991 692 4002 —-
702 3963 810 4030 ²l‘hilip.
823 3984 850 4026 ιι,
863 3966 886 4015 6.
896 3992 926 4002 -
936 3964 945 3998 ³
957 3965 1032 4015 toan.
1043 3980 1062 4022 ι,
1073 3960 1163 4011 25.-⁴
1175 3960 1208 4011 is.
1222 3959 1284 4019 aud
