2448 4610
238 249 303 326 448
550 269 726 316 ematurata
749 272 961 318 ιιιιιιιιιιιιι

239 387 339 452 virtus
349 385 519 452 salvatum
530 399 564 450 et
574 385 704 454 illustris
718 388 823 455 salua:
838 389 879 454 de
890 389 959 456 aliia
969 413 1081 480 pamm
1091 413 1169 467 curo,

241 498 301 563 ltus
316 509 353 562 ut
366 494 577 585 intelligerent
592 498 730 564 veritatis
745 499 852 564 radius
867 523 933 565 uon
946 498 1073 566 affulsit.

284 605 340 673 lll.
361 607 463 672 Decet
482 629 560 694 ergo
582 619 619 672 ut
641 608 697 695 qui
719 609 857 674 veritatis
878 608 1077 697 fratrumque
1095 630 1186 676 amore

240 727 388 792 neautur,
400 716 518 804 quique
533 739 594 782 uec
607 715 789 804 petulanter
799 717 968 804 insurgunt
983 719 1018 782 iu
1029 717 1134 783 divites
1145 719 1189 806 qui

239 827 301 896 cati
312 838 387 893 aunt
402 826 448 912 (id
462 836 524 900 est,
537 824 739 914 Christiani),
751 849 854 912 neque
867 849 941 890 vero
953 825 1037 892 lucri
1048 829 1155 915 proprii
1172 862 1183 883 r

241 960 367 1004 rursum
378 933 439 1002 illis
452 947 669 1007 assentauturt
688 936 828 1023 primum
841 936 973 1025 quidem
984 959 1025 1001 ex
1037 960 1141 1002 eorum
1175 970 1183 995 ι.

241 1048 330 1114 verbi
352 1046 576 1136 predicatione
598 1046 739 1111 eximant
759 1047 886 1111 inanem
906 1058 1045 1120 metum,
1069 1070 1146 1135 con
1175 1086 1178 1091 >
1200 1122 1203 1125 a

240 1155 444 1223 oraculorum
457 1155 585 1222 Domini
598 1156 794 1243 expositione
808 1154 929 1244 liquido
945 1155 1116 1222 ostendant
1127 1179 1178 1221 uon

242 1267 320 1334 uiuo
339 1264 480 1355 repulsos
499 1288 555 1332 eos
573 1265 613 1332 alt
634 1265 819 1331 hereditate
839 1267 929 1354 regui
944 1264 1116 1342 caelorum,
1134 1267 1155 1331 si

241 1376 328 1444 dicto
341 1377 506 1442 audientes
519 1375 582 1441 siut
597 1355 792 1441 utiuanduta
802 1388 1019 1464 acquantum
1034 1376 1170 1442 deiudca
1184 1410 1187 1425 ν

238 1483 354 1564 'ue-tut,
376 1487 489 1554 timem
508 1508 564 1550 eoa
587 1485 642 1550 ubi
663 1483 770 1550 nullus
792 1485 924 1552 timendi
945 1484 1053 1559 locus,
1077 1509 1178 1574 eosque

240 1596 349 1671 velint,
362 1595 536 1662 Dominum
551 1591 677 1682 placide
692 1593 873 1682 suscipere:
888 1595 1182 1682 tumqueadhaee1-·

239 1707 314 1772 dere
327 1717 361 1770 et
375 1704 573 1770 institutione
587 1703 782 1770 catechetica
797 1703 913 1770 docere
923 1705 1068 1792 pererit,
1082 1729 1141 1793 qua
1158 1738 1175 1761 ι·

242 1817 364 1882 ratione
378 1815 531 1902 quibusve
542 1813 691 1902 operibus
703 1815 820 1902 pariter
830 1812 1062 1903 affectibusque
1074 1838 1142 1904 spes
1156 1866 1158 1869 -

165 1977 169 1983 .
242 1939 279 1992 ut
291 1948 363 2015 quae
377 1946 438 1991 uec
452 1922 512 1989 illis
526 1923 658 1989 omuino
672 1936 786 2013 negata
800 1925 853 2002 sit,
870 1947 931 1991 nec
947 1949 1057 1991 rursus
1075 1939 1177 1992 temere

240 2038 335 2126 loque
359 2035 496 2100 hominis
518 2046 636 2101 conatu
658 2035 815 2102 obveniat.
841 2033 906 2101 Sed
930 2037 1013 2101 sicut
1033 2059 1069 2102 se
1092 2037 1124 2102 iu
1143 2059 1175 2100 ιι

239 2146 336 2212 hahet
354 2142 411 2231 (ut
430 2165 523 2232 parva
541 2154 575 2208 et
589 2141 806 2232 corruptibilia
821 2166 896 2210 cum
918 2146 1040 2233 maguis
1057 2159 1091 2210 et
1104 2169 1160 2210 mv·

241 2249 382 2318 tibilihus
397 2249 628 2338 conferamus),
639 2249 682 2314 ita
694 2272 821 2338 quoque
832 2251 865 2314 iu
876 2251 944 2339 ipso
956 2252 1139 2341 contingere
1155 2286 1189 2331 u:

239 2356 294 2442 qui
309 2351 415 2421 seculi
430 2352 543 2442 opibus
559 2353 644 2419 dives
659 2365 717 2420 est.
735 2356 861 2422 Etenim
876 2356 1071 2444 qriicumue
1086 2357 1124 2421 de
1166 2388 1183 2409 ν

240 2478 273 2531 et
291 2486 408 2532 corona
430 2463 654 2553 desperaverit,
676 2465 702 2528 is
720 2487 782 2531 uec
799 2466 928 2531 omniuo
947 2479 982 2530 ut
1003 2467 1035 2532 iu
1049 2489 1167 2532 asenna
1184 2502 1185 2511 1

238 2574 355 2641 condat
369 2596 486 2640 nomen
502 2572 643 2648 dederit3
661 2575 716 2662 qui
739 2597 813 2640 vero
828 2574 912 2642 hauc
935 2576 1002 2664 ipse
1017 2576 1143 2664 quidem
1159 2608 1177 2631 «ι

238 2706 327 2774 spem
347 2683 544 2772 conceperit,
562 2681 687 2749 labores
707 2696 814 2750 tamen
827 2697 861 2750 et
877 2685 964 2751 cibos
979 2699 1012 2750 et
1029 2685 1183 2752 exercita'

237 2793 271 2858 in
284 2815 357 2858 eam
371 2814 440 2858 rem
456 2816 612 2882 congruas
634 2816 700 2860 nou
714 2793 865 2870 admittit,
881 2817 1000 2862 corona
1016 2797 1170 2863 indonatus
1186 2840 1187 2843 κ

236 2914 304 2977 uot,
328 2923 366 2967 ac
388 2922 459 2990 spes
481 2898 573 2966 illum
593 2901 743 2968 frustrata
764 2915 822 2968 est.
842 2901 898 2968 Sic
919 2915 952 2968 et
976 2905 1117 2993 quisquis
1131 2917 1156 2968 te
1170 2938 1189 2953 *-

236 3011 349 3101 opibus
364 3009 476 3086 affluit,
490 3022 601 3076 caveat
613 3032 655 3075 ue
669 3034 703 3076 se
716 3011 784 3098 ipse
798 3011 938 3099 primum
951 3034 971 3076 a
988 3011 1150 3078 salvatoris
1164 3044 1183 3067 ›-

236 3121 375 3188 minibus
395 3118 594 3207 praemiisque
610 3117 774 3186 exclusum
789 3119 897 3197 ducat,
913 3121 1012 3187 modo
1027 3120 1124 3187 fidelis
1143 3154 1145 3157 ·
1161 3119 1185 3173 i<

236 3252 275 3297 uc
296 3229 408 3295 divinae
428 3227 578 3294 bonitatis
600 3228 852 3316 magnitudinem
876 3226 1048 3318 intelligam
1076 3251 1131 3296 nec
1167 3256 1188 3285 a·

236 3336 322 3406 nulla
337 3337 563 3404 exercitatione
577 3335 728 3425 nulloque
742 3337 916 3405 certamine
931 3339 1049 3426 posito,
1065 3340 1137 3405 citra
1148 3360 1182 3424 pu

234 3471 303 3514 rem
325 3459 419 3535 atque
441 3446 591 3512 sudorem
620 3447 863 3514 immortalitatis
885 3470 919 3512 se
938 3470 1056 3514 corona
1080 3448 1146 3514 dou
1160 3476 1178 3501 u

234 3568 352 3648 speret,
369 3555 424 3621 sed
446 3579 480 3620 se
498 3555 607 3622 Verbo
629 3555 732 3622 tradat
748 3555 924 3622 collationi
941 3568 1088 3643 tauquam
1116 3587 1136 3611 ιι

235 3665 398 3752 magistro,
413 3663 605 3752 *Christoque
619 3664 829 3730 certaminum
843 3662 969 3753 praesidi
987 3664 1136 3752 subjiciat
1187 3704 1188 3707 =
1214 3723 1222 3746 „

120 3765 123 3772 ⁴
234 3757 339 3837 itti'ao
360 3784 454 3860 potus
477 3775 684 3862 praestitutus,
710 3772 834 3839 Novum
856 3772 984 3840 Domini
1002 3771 1215 3839 Testamentum

232 3880 489 3959 exercitamenta,
515 3881 677 3958 mandam
701 3891 831 3950 ornatus
853 3904 891 3952 ac
909 3879 1026 3962 cultus,
1048 3882 1132 3947 baua
1150 3869 1222 3941 ιιιίιιὶΙ
