2522 4608
334 280 533 336 reoreouus,
557 281 618 326 nro.
644 257 692 326 ni.
963 261 1022 326 581

17 405 65 492 jun
77 398 259 490 prolapsum
269 421 338 468 esse
349 400 436 468 rides
448 400 583 469 nimium
594 396 698 466 cultus
708 397 852 467 studium
863 398 904 466 ed
918 393 1029 466 intem·

16 512 179 603 penum.
199 511 271 582 Non
289 510 423 602 emplius
443 507 516 580 lorti
532 510 606 578 torre
620 507 729 576 similis
750 531 818 576 esse
834 510 930 576 homo
947 511 1030 578 ride-

17 622 128 699 tunsed

95 772 224 832 Humida
236 773 357 852 lympha
366 816 375 847 ,
384 786 413 832 et
425 772 514 833 remis
525 773 700 834 sublimibus
711 771 806 832 arbos.

17 923 215 993 Effunduntur
240 922 386 1004 effectus,
408 935 582 1014 erumpunt
606 947 696 1015 equae
720 926 818 995 inetur
843 923 1031 1014 voluptates,

18 1033 158 1102 leccescit
171 1035 391 1125 pulchritudo,
411 1047 445 1103 et
459 1037 552 1104 citius
574 1058 670 1125 quem
695 1033 770 1104 folie
792 1035 881 1106 humi
901 1036 1032 1110 decidit,

19 1255 184 1344 priusquam
202 1256 326 1322 venerit
341 1268 537 1332 nummulus,
555 1255 722 1325 marcescit
736 1267 769 1320 et
783 1254 899 1320 interit.
921 1255 1035 1322 Ourniu

19 1369 86 1434 enirn
99 1367 138 1432 fit
153 1367 326 1455 cupiditas,
343 1378 376 1434 et
393 1366 500 1432 omnia
514 1365 647 1455 effingit,
663 1376 696 1434 et
712 1365 779 1435 vult
793 1367 903 1434 fucum
918 1367 1037 1448 secere,

22 1489 50 1544 ut
61 1476 193 1545 occultet
203 1476 368 1563 hominem
382 1498 391 1544 z
406 1477 504 1544 homo
519 1487 625 1544 autem
640 1474 705 1556 itte,
721 1478 773 1547 oui
787 1476 888 1567 Logos
904 1479 1036 1550 cohabi-

21 1599 69 1662 tu,
85 1611 148 1654 non
170 1587 325 1662 varietur.
346 1607 411 1656 non
427 1585 570 1674 tingitur,
591 1585 726 1656 formem
747 1587 843 1654 hebet
863 1589 954 1678 Legi,
970 1591 1038 1659 Deo

22 1696 208 1773 rseimilntur,
225 1694 362 1787 pulcher
376 1707 439 1772 cst,
452 1715 519 1764 non
534 1705 570 1764 ut
583 1693 717 1782 pulcher
730 1696 875 1768 rideatur
893 1721 927 1764 se
944 1721 1038 1766 exor-

22 1817 77 1882 mt‚
87 1827 158 1872 scre
174 1815 223 1871 est
236 1803 466 1895 pulchritudo:
484 1815 532 1870 est
547 1803 750 1876 enimuero:
769 1804 855 1876 Deus
869 1819 976 1882 autom
988 1809 1040 1882 ille

23 1913 53 1982 lit
65 1916 169 1994 homo,
185 1917 338 2004 quonism
352 1914 438 1984 Deus
454 1915 532 1986 vult.
545 1913 645 1985 Recte
658 1938 735 2006 ergo
750 1916 828 1984 dixit
842 1917 1038 1987 Heraclitus:

33 2027 197 2095 thomices
214 2027 273 2105 dii,
286 2027 330 2094 dii
346 2025 536 2114 hominess:
549 2025 651 2116 Leges
665 2027 752 2096 euim
772 2027 839 2117 ipse
853 2041 901 2096 est
914 2031 1045 2100 evidens

24 2131 81 2200 hoo
93 2136 275 2223 mysterium
289 2134 397 2203 :Deus
411 2135 445 2200 in
460 2133 602 2212 homine,
619 2135 762 2201 ethome
777 2135 862 2205 Deus
872 2161 882 2204 r
892 2152 925 2206 et
935 2140 1044 2212 volun-

25 2257 110 2310 tntem
123 2247 223 2312 Petris
239 2246 431 2314 intercessor
441 2244 549 2314 efficit.
564 2245 758 2314 intercessor
768 2248 854 2315 enim
867 2261 915 2317 est
929 2251 1045 2341 Logos,

23 2354 72 2443 qui
87 2367 132 2421 est
151 2355 332 2423 communis
355 2355 521 2422 ambobus.
543 2353 602 2422 Dei
624 2354 754 2443 quidem
771 2354 884 2434 Filius,
900 2356 1047 2427 Serretor

25 2477 120 2531 nutem
137 2467 305 2533 hominum
321 2488 330 2530 r
348 2474 381 2531 et
396 2461 480 2531 illius
493 2462 625 2552 quidem
639 2463 796 2541 minister,
815 2476 924 2532 noster
940 2479 1050 2538 eutem

23 2574 212 2666 pedagogus·
228 2574 335 2662 Atque
347 2594 422 2640 cum
433 2593 509 2640 cero
521 2571 652 2662 quidem
666 2594 756 2638 serra
774 2573 827 2649 sit,
842 2574 1051 2662 quemadmo-

23 2683 94 2751 tun
105 2696 239 2757 testetur
247 2681 547 2772 Paulus,quomodo
557 2683 627 2772 quis
637 2683 708 2772 jure
719 2681 866 2760 ancillam
877 2684 999 2756 lenonis
1006 2687 1053 2755 in·

23 2803 82 2858 strr
95 2789 319 2862 exornaverit?
334 2789 431 2871 Quod
447 2789 533 2856 enim
546 2788 581 2858 id
592 2789 678 2879 quod
693 2811 844 2858 cerneum
857 2805 905 2860 est
916 2795 956 2860 sit
969 2795 1051 2865 servi

23 2899 132 2980 forme,
154 2903 231 2972 dicit
246 2902 287 2970 de
309 2899 449 2970 Domino
466 2897 649 2991 Apostelus,
665 2925 679 2965 r
697 2921 772 2968 eum
789 2901 928 2992 seipsum
950 2905 1054 2973 erine-

23 3015 142 3082 »niisse
153 3014 233 3084 servi
249 3012 352 3082 forma
364 3024 495 3101 accepte
504 3009 529 3090 ¹,
542 3040 554 3076 n
571 3020 738 3084 externum
749 3011 912 3082 hominem
926 3037 1054 3083 serrum

20 3123 182 3216 appellens
201 3124 391 3214 priusquam
409 3109 566 3192 serviisset
581 3133 615 3192 et
633 3144 763 3192 curnem
780 3124 969 3212 suscepisset
988 3123 1055 3198 Do-

23 3235 140 3302 minus.
152 3233 329 3302 Misericors
345 3243 453 3303 eutcm
463 3231 561 3307 Deus,
574 3230 782 3321 ipsecernem
792 3231 898 3308 elleoit
909 3229 1057 3308 liberem,

21 3367 166 3434 eumque
178 3343 218 3410 eh
230 3343 359 3412 interitu
375 3343 555 3431 acerbeque
565 3351 599 3408 et
611 3327 755 3408 lethifero
771 3342 921 3408 servitute
931 3339 1058 3412 liberes·

20 3467 82 3532 sct,
99 3454 375 3543 incorruptionem
388 3453 419 3525 ei
432 3451 591 3542 adjunxit,
606 3463 753 3518 sunctum
770 3450 834 3517 hoc
850 3464 884 3522 et
901 3450 1059 3522 eternita—

23 3568 60 3634 tis
71 3575 302 3635 ornamentum
316 3559 420 3638 cerni,
433 3557 702 3634 imrnortnlitutem
714 3557 873 3636 videlicet,
886 3583 1056 3650 opponens.

21 3677 78 3746 Est
99 3685 217 3742 nutem
236 3671 294 3742 elin
315 3673 443 3763 quoque
461 3670 631 3740 hominum
652 3667 871 3758 pulchritudo,
897 3669 1060 3742 chorites:

30 3814 44 3850 ι
61 3784 216 3854 Charites
230 3794 348 3860 eutem,
364 3795 401 3852 ut
415 3779 465 3855 cit
481 3779 669 3871 Apostolus,
686 3790 735 3850 cst
756 3779 889 3869 potiens.
904 3780 1062 3870 benignos

58 3943 187 4007 *Philip
197 3959 224 4002 ιι,
234 3961 256 4008 7.
