2738 4628
504 276 628 322 cott'tnn
652 275 801 320 rtaennsns
1146 277 1165 342 θ

129 409 162 462 et
177 407 282 462 totum
297 393 426 462 illorum
448 401 568 486 eorpus
589 395 756 486 participat
775 396 859 488 vifltae,
876 395 1039 482 quomodo
1054 395 1172 462 audent

130 506 240 574 dicere
263 529 326 572 non
345 529 418 574 esse
439 529 573 574 carnem
594 507 860 597 participatrioem
883 507 967 582 ritae,
984 506 1172 573 confitentes

127 618 248 683 habere
263 639 297 684 se
310 619 413 683 vitam
429 618 463 684 in
481 618 656 708 praesenti?
670 615 779 684 Simile
797 629 845 682 est
859 615 1134 708 quemadmodum
1148 617 1174 684 si

133 728 202 816 quis
211 727 374 815 spongiam
389 751 484 816 aquae
502 727 631 817 plenam
646 741 769 802 tenens,
786 723 834 792 rel
848 724 987 792 faculam
1001 725 1094 816 ignis,
1107 748 1173 794 non

138 859 220 924 posse
229 835 424 924 participare
436 858 530 924 aqum
542 835 628 904 dieat
641 837 817 925 spongiam,
829 857 933 922 neque
945 833 1082 900 faculam
1089 834 1168 930 igni.

137 946 184 1010 Eo
193 945 278 1010 modo
287 957 322 1010 et
333 943 371 1010 hi
384 945 494 1011 vivere
504 969 540 1012 se
550 945 704 1021 dicentes,
717 957 749 1010 et
760 956 889 1034 portare
902 946 1000 1010 vitam
1014 943 1170 1019 (licentes,

136 1067 168 1121 et
187 1055 216 1121 in
235 1055 296 1122 suis
313 1056 479 1122 membris
493 1053 683 1148 exultantes,
700 1066 808 1145 postea
831 1055 1006 1143 semetipsis
1021 1056 1172 1121 contrarii

135 1165 302 1242 existentes,
316 1165 441 1233 dieunt
464 1189 530 1232 non
553 1153 621 1233 esso
638 1167 781 1232 membra
802 1166 943 1256 ipsorum
959 1163 1171 1254 pereopabilia

130 1274 204 1341 vile.
217 1273 251 1341 Si
265 1289 383 1341 autem
401 1276 475 1342 haee
491 1297 563 1363 quoe
579 1286 627 1341 est
641 1273 823 1364 temporalis
837 1273 914 1370 rita,
926 1297 1002 1340 oum
1017 1273 1057 1339 sit
1070 1272 1172 1340 multo

125 1383 278 1451 infirmior
296 1407 404 1474 quam
428 1383 481 1451 illa
503 1397 620 1452 aeterna
635 1385 711 1463 rita,
727 1397 834 1450 tamen
850 1395 976 1450 tontum
997 1393 1174 1472 potensest

126 1508 161 1560 nt
173 1493 314 1562 vivificet
329 1507 446 1563 nostra
463 1497 608 1563 membra
619 1494 781 1569 mortalia;
797 1515 856 1560 our
870 1493 921 1560 illa
938 1519 1008 1584 quse
1022 1508 1071 1562 est
1085 1507 1174 1563 eter-

127 1630 166 1674 na
184 1609 260 1685 rita,
276 1631 345 1674 non
369 1607 550 1674 vivificabit
567 1629 639 1672 eam
658 1627 875 1696 carnemque}
894 1608 960 1695 jam
975 1606 1126 1676 meditata
1140 1616 1173 1672 et

14 1767 21 1784 .
128 1729 248 1784 assueta
261 1719 304 1784 sit
314 1731 450 1807 portare
462 1716 748 1799 vitaleuoniam
758 1729 866 1784 autem
876 1717 1093 1806 participatrix
1102 1716 1173 1784 ritae

130 1828 170 1893 sit
186 1851 324 1905 carmen
337 1828 407 1894 hoo
422 1827 514 1916 quod
524 1827 824 1905 vivot‚ostenditnr;
836 1827 1059 1906 virilenim,in
1071 1850 1174 1916 quan-

133 1949 202 2004 tum
213 1960 285 2004 enm
298 1939 390 2004 Deus
405 1937 476 2004 vult
492 1939 605 2006 vivere.
622 1939 782 2020 Quoniam
797 1949 904 2005 autem
916 1950 950 2004 et
960 1938 1047 2005 Dens
1061 1949 1174 2028 potens

142 2060 188 2114 est
199 2059 345 2136 praestaro
359 2048 391 2114 ei
408 2048 521 2123 vitam,
538 2047 738 2114 manifestum
752 2060 810 2114 est.
829 2045 888 2114 lllo
904 2046 990 2114 enim
1005 2057 1174 2137 praestante

144 2157 239 2224 ritant
255 2159 355 2235 nobis,
370 2158 521 2225 vivimus.
538 2158 581 2223 Et
600 2156 756 2223 Dominus
773 2157 881 2246 itaque
901 2179 977 2222 oum
998 2156 1040 2223 sit
1059 2167 1174 2246 potens

140 2267 296 2334 vivificare
309 2265 430 2356 plasma
446 2289 557 2344 snum,
574 2277 607 2331 et
621 2288 695 2334 earo
711 2288 787 2332 oum
800 2265 900 2355 possit
915 2265 1065 2332 vivificari
1071 2291 1082 2342 ι
1097 2266 1175 2354 qnid

20 2429 24 2436 .
137 2388 279 2465 superest
288 2375 377 2465 quod
385 2375 561 2468 prohibeat
571 2397 644 2439 eam
655 2373 819 2463 percipere
834 2373 1092 2463 incorruptelam,
1104 2399 1174 2463 quae

135 2499 183 2552 est
197 2485 290 2576 longa
305 2499 338 2554 et
352 2487 421 2552 sine
436 2485 502 2553 line
517 2509 536 2551 a
551 2485 619 2551 Deo
633 2485 788 2572 attributa
803 2483 889 2550 vita?

178 2597 294 2664 Latent
320 2594 450 2663 antem*
478 2595 676 2684 semetipsos,
696 2594 751 2682 qni
778 2591 914 2660 alterum
934 2591 1090 2684 affingunt
1115 2593 1172 2661 Pa·

136 2719 231 2791 trem,
251 2717 372 2797 praeter
390 2704 614 2793 Demiurgum,
635 2713 668 2770 et
687 2703 811 2770 honum
833 2725 909 2770 eum
931 2717 1063 2788 vooant;
1083 2703 1174 2772 inlir-

136 2840 240 2894 mnm,
253 2827 289 2884 et
302 2815 464 2891 inutilem.
477 2826 510 2880 et
524 2812 736 2905 negligentem
750 2814 918 2882 inserentes
933 2838 1009 2882 enm
1028 2836 1038 2881 ε
1058 2828 1093 2882 ut
1107 2838 1173 2884 non

137 2928 294 3003 (lienium,
309 2927 464 3015 quoniam
477 2922 609 2992 lividum
629 2935 663 2991 et
681 2923 836 3003 invidum,
855 2925 943 2992 ineo
959 2925 1047 3015 quod
1067 2925 1174 2993 dicant

138 3061 204 3103 non
219 3034 370 3103 rivilieari
384 3037 426 3101 ab
445 3058 487 3101 eo
501 3047 609 3101 nostra
627 3057 771 3124 corpora.
790 3035 874 3103 Cum
895 3037 983 3104 onim
1004 3037 1114 3103 (licant
1134 3061 1170 3102 ea

137 3171 208 3237 qnae
222 3148 372 3214 omnrlsns
387 3157 462 3214 sunt
474 3145 652 3224 manifesta,
665 3148 814 3236 quoniam
825 3159 1030 3239 perseverant
1044 3149 1171 3216 immor-

137 3257 225 3332 talia,
242 3269 367 3348 utputa
382 3257 511 3346 spiritus
528 3265 561 3322 et
575 3256 692 3332 anime,
706 3269 740 3322 et
754 3281 824 3346 quae
836 3268 910 3322 sunt
922 3255 1008 3334 talia,
1021 3259 1172 3346 quoniam

137 3366 339 3434 vivificantur
353 3389 371 3431 a
387 3364 499 3436 Patres
525 3362 611 3430 aliud
631 3376 737 3430 autem
755 3365 843 3452 quod
861 3388 926 3432 non
941 3365 1016 3432 ulios
1030 3367 1173 3434 virifica-

138 3489 207 3553 tur‚
218 3477 276 3543 nisi
291 3475 338 3544 illi
352 3473 439 3543 Deus
450 3485 591 3563 prestet,
607 3474 669 3541 rita
685 3473 883 3563 derelinqui:
898 3489 952 3542 aut
965 3477 1172 3566 impotentem
1246 3457 1250 3469 ⁸

141 3597 173 3652 et
186 3586 348 3653 infirmnm
364 3583 504 3651 ostendit
517 3583 643 3650 Patrem
658 3587 811 3674 ipsorum,
827 3597 882 3651 aut
898 3585 1040 3652 invidum
1054 3601 1087 3652 et
1102 3587 1173 3654 liri-

144 3697 229 3763 dnm.
250 3697 424 3786 Demiurgo
443 3695 582 3763 enimet
601 3695 656 3764 hie
672 3695 849 3764 vivificante
871 3695 1014 3765 mortalia
1040 3721 1170 3786 corpora

146 3819 257 3884 nostra,
279 3819 311 3874 et
331 3807 601 3876 resurrectionem
624 3808 669 3873 eis
688 3831 745 3896 per
766 3806 937 3897 Prophetas
955 3796 1171 3897 promittente,

178 3931 253 3997 'Cap
265 3948 300 3992 ιι,
311 3948 338 3998 p.
352 3948 410 3997 ²97·
