2532 4608
427 307 619 356 srnounruu
642 307 705 352 un.
733 307 788 353 vu.
1060 285 1120 365 δίῃ

3 454 16 463 ·
81 449 119 502 et
134 433 289 522 jurando,
305 445 354 500 est
368 444 483 522 proter
498 431 650 499 officium.
672 431 736 512 Qui
752 441 859 498 nutem
870 431 955 519 juste
966 428 1059 506 vivit,
1074 429 1126 495 niw

0 555 16 596 ἵ
80 541 129 610 hit
144 567 186 609 ex
198 543 235 610 iis
252 567 321 632 quae
337 541 479 608 officium
496 541 566 607 fieri
580 538 718 630 postulat
729 589 738 616 ‚
749 537 958 616 'transiliens,
981 538 1036 604 uhi
1051 557 1127 604 exa·

2 640 4 647 ¹
80 652 225 718 minatur
236 651 393 740 judicium
410 649 548 717 veritatis
561 648 608 724 ,is
625 647 716 714 iactis
730 671 805 745 vere
821 647 916 736 jurat.
935 649 992 712 Est
1006 669 1082 736 ergo
1096 646 1127 712 ei

0 779 19 820 u
79 758 280 848 superfluum
299 757 414 848 linguae
431 756 663 824 testimonium.
691 755 773 822 Gum
795 779 871 844 ergo
895 755 936 820 sit
949 755 987 820 'ei
1002 777 1128 844 semper

17 907 23 932 ;
79 889 269 956 persuasum
287 867 394 934 Deum
405 889 476 934 esse
493 866 631 952 ubique,
646 865 858 932 oterubescat
873 885 939 930 non
953 887 1065 930 verum
1077 863 1127 928 di·-

1 1003 23 1054 n:
79 998 173 1053 cere,
189 988 223 1041 et
240 972 354 1042 iuisum
369 974 476 1042 dicere
495 985 667 1064 cognoscat
682 996 717 1038 se
734 997 802 1040 esse
814 973 1001 1062 indignum,
1022 973 1126 1039 divina

80 1095 117 1148 et
135 1107 191 1150 sua
206 1083 304 1172 ipsius
320 1093 490 1156 contentus
502 1093 551 1148 est
565 1081 761 1148 conscientia
776 1104 785 1148 a
798 1093 831 1146 et
842 1081 914 1147 ideo
927 1091 994 1146 n'on
1008 1081 1128 1147 menti-

0 1225 24 1263 a·
80 1203 156 1268 tur,
167 1214 271 1280 neque
283 1203 399 1280 praeter
409 1201 503 1280 pacta
514 1200 672 1262 conventu
687 1189 763 1258 iacit
779 1187 907 1277 aliquid.
924 1189 1016 1255 Unde
1029 1189 1127 1256 etiam

1 1280 13 1371 i'
82 1323 192 1387 neque
207 1300 310 1387 jurat,
326 1300 352 1366 si
364 1297 458 1368 fuerit
474 1309 603 1387 rogatus
617 1320 625 1364 ε
640 1319 745 1385 neque
760 1321 901 1387 unquam
915 1298 1002 1386 qnod
1011 1298 1128 1387 jurarit

83 1419 181 1498 negat
193 1457 203 1484 ,
215 1430 256 1472 ne
267 1405 380 1481 salsum
391 1407 476 1474 dicat
487 1455 496 1482 ‚
509 1405 632 1472 etiamsi
643 1405 799 1472 moriatur
810 1406 842 1472 in
857 1406 1035 1472 tormentis.
1096 1460 1099 1466 ,

128 1515 186 1582 ΙΧ.
206 1515 349 1590 Gnostici
362 1525 469 1581 autem
484 1513 691 1604 dignitatem,
705 1515 843 1582 monime
859 1527 953 1603 auget
968 1526 1002 1580 et
1017 1514 1127 1605 ampli·
1142 1517 1145 1525 ‘

1 1684 12 1708 „
82 1621 174 1700 iicat,
198 1625 251 1712 qni
270 1623 406 1691 aliorum
430 1623 650 1691 docendorum
669 1624 810 1713 suscepit
829 1622 1070 1711 prefecturam
1092 1635 1129 1689 ut

4 1792 16 1817 p
84 1732 138 1820 qui
154 1733 283 1798 maximi
298 1733 386 1820 quod
401 1743 448 1798 est
465 1733 497 1798 in
512 1733 605 1798 terris
618 1731 693 1796 boni
705 1731 972 1820 dispensationem
983 1731 1018 1799 et'
1029 1733 1127 1799 verbo

1 1873 20 1935 j
84 1851 118 1904 et
137 1839 221 1906 iacto
239 1840 417 1928 acceperit,
439 1860 608 1927 perquam
625 1849 777 1926 tanquam
791 1838 949 1904 mediator
963 1837 1127 1906 hominem

8 2033 9 2036 ¹
85 1968 162 2016 cum
175 1946 244 2012 Deo
261 1945 437 2034 conjungit.
453 1945 545 2012 Sicut
560 1956 667 2012 autem
681 1947 736 2035 qui
749 1963 799 2012 ms
814 1958 955 2014 terrenas
966 1945 1077 2013 colunt
1090 1969 1127 2014 ac

0 2118 17 2144 Ι,
83 2065 302 2129 venerantur,
324 2063 497 2143 precantur
521 2051 691 2124 simulacra
710 2053 842 2143 perinde
863 2077 901 2122 ae
922 2055 947 2120 si
973 2053 1125 2131 audiant,

4 2203 20 2250 9
81 2160 208 2230 stabilio
228 2162 382 2230 ducentes
398 2172 491 2250 pacta
509 2173 666 2230 conventa
681 2185 754 2250 qnae
767 2163 817 2228 eis·
828 2163 910 2230 iiunt
922 2164 1124 2230 auctorihu'sa

7 2313 18 2350 ρ
85 2271 130 2340 ita
146 2273 179 2338 in
195 2270 342 2338 animatis
363 2270 572 2360 imaginibus,
596 2269 716 2342 scilicet
734 2271 936 2349 hominibus,
958 2297 1031 2340 rura
1048 2274 1125 2363 Legi
1190 2347 1193 2354 ¹

16 2447 21 2464 ⁸
80 2379 318 2468 magnificentia
332 2377 429 2450 afide
447 2377 543 2468 digno
563 2380 717 2468 magistro
738 2375 893 2470 accipitur
915 2405 923 2445 ε
941 2393 974 2446 et
988 2383 1076 2470 quod
1090 2381 1125 2457 in

2 2575 5 2582 ,
81 2509 137 2554 eos
149 2486 313 2562 consertus·
328 2485 540 2564 beneficium,
553 2487 691 2554 refertur
707 2488 748 2555 ad
762 2489 866 2578 ipsum
876 2489 1067 2566 Dominum,
1084 2491 1124 2556 a'd

0 2572 20 2597 ἐ
85 2595 179 2683 cujus
203 2594 373 2683 imaginem
393 2595 512 2662 docens
531 2595 558 2662 is
577 2595 631 2685 qui
653 2619 763 2664 revera
781 2609 829 2664 est
850 2597 966 2673 homo,
989 2611 1077 2664 creat
1094 2612 1128 2664 et

6 2724 20 2795 χ
80 2700 473 2778 concinnat‚adsalntem
481 2727 654 2781 renovans,
669 2703 833 2774 hominem
844 2705 1120 2774 catechumenum.

86 2810 259 2892 Quomodo
271 2811 356 2884 enim
371 2811 491 2878 serrum
508 2811 643 2880 Martem
655 2813 757 2880 Graeci
770 2812 952 2903 appellant,
968 2828 1000 2881 et
1014 2816 1124 2882 vinum

82 2915 269 2994 Bacchum,
292 2931 422 3007 propter
440 2921 613 3008 quomdam
637 2920 824 2994 relationem
842 2947 850 2988 τ
867 2924 909 2990 itu
933 2924 1122 3000 Gnostious,
1179 2991 1190 3014 ,

5 3012 8 3032 ¹
82 3025 306 3116 proximorum
317 3025 996 3118 utilitatempropriamsaiutemexistimnns‚
1008 3033 1123 3100 morito

0 3132 12 3141 '
81 3133 210 3200 dicetur
223 3132 352 3204 Domini
370 3134 475 3224 imago
492 3137 648 3216 animata,
666 3161 731 3204 non
746 3139 851 3228 quoad
862 3141 971 3206 iorm'ae
982 3142 1122 3229 proprie-

1 3278 7 3347 ζ
80 3253 201 3318 tatem,
223 3242 281 3308 sed
295 3242 400 3330 quoad
418 3246 677 3324 communionem
692 3249 874 3337 potestatis,
891 3261 924 3314 et
940 3248 1120 3316 similitudi-

4 3352 6 3362 ’
76 3373 156 3424 nem
165 3349 410 3440 praedicationis.
430 3350 595 3441 Quidquid
609 3352 706 3421 habet
720 3357 753 3424 in
765 3368 891 3434 mente,
904 3357 937 3423 id
952 3359 1048 3424 etiam
1059 3360 1120 3432 sert

77 3461 114 3526 in
125 3456 232 3549 lingua
246 3483 254 3525 :
270 3470 366 3548 atque
381 3459 466 3548 apud
482 3482 536 3526 eos
551 3462 605 3550 qui
621 3463 706 3552 digni
721 3477 796 3532 sunt
811 3464 940 3543 andire,
957 3489 997 3536 ex
1011 3471 1119 3534 assem»

1 3555 3 3588 r
77 3569 168 3642 sione
183 3579 216 3634 et
230 3569 386 3637 sententia
405 3567 498 3636 simul
516 3568 658 3659 loquitur
670 3584 704 3639 et
718 3573 804 3640 vivit.
823 3572 906 3642 Vera
921 3575 1006 3644 enim
1022 3577 1119 3646 simui

76 3678 174 3745 sentit
193 3688 226 3742 et
241 3676 339 3754 dicit,
359 3677 419 3743 nisi
433 3679 563 3766 quando
578 3677 650 3746 loco
665 3680 850 3759 medicinae,
869 3695 904 3748 ut
919 3685 1060 3753 medicus
1075 3689 1117 3755 ad

75 3797 266 3878 aegrctantes
276 3835 285 3864 ,
297 3785 338 3853 ad
349 3809 462 3852 eornm
473 3787 527 3874 qui
536 3786 682 3858 laborant
693 3786 843 3868 salutem,
856 3793 1047 3874 mentietur,
1062 3809 1118 3863 aut

75 3892 191 3969 salsum
211 3894 315 3974 dicet,
336 3905 372 3970 ut
393 3896 480 3962 aiunt
503 3896 668 3988 Sophiste.
695 3899 779 3968 Eece
802 3902 886 3972 euim
910 3903 1113 3974 Timotheum
