2448 4610
341 215 527 262 senosanam
550 217 611 259 mu.
639 217 660 258 1.
741 263 745 268 ,
1001 197 1019 266 5

23 363 124 412 torrem
146 363 317 417 sormones,
343 363 444 406 mores
459 387 468 415 ‚
486 337 751 418 consuetudines,
773 338 886 416 vitam,
903 354 1020 420 anetus,

22 454 142 528 habitus,
167 463 345 540 aspectum,
369 472 497 524 nouom,
522 449 666 524 trinium,
690 461 830 538 petram,
854 451 937 518 niam
952 477 1021 541 quae

23 560 218 636 conculcatur,
243 572 360 626 terram
381 555 536 635 fertilem,
557 557 783 646 sylvescentem
803 559 964 648 regionem
990 575 1022 628 et

24 674 152 762 Quaem
168 673 284 737 bonam
308 693 346 736 ao
361 669 519 744 feracem,
534 679 566 732 et
585 666 762 744 excultam,
779 680 810 734 et
825 693 896 758 quar
917 683 1022 760 potest

26 780 201 871 multiplicare
224 791 409 846 sementem.
436 777 499 860 Qui
517 791 622 859 autem
641 801 698 868 per
712 777 889 846 litterarum
915 781 1022 846 moni-

21 903 101 958 menta
120 889 273 977 loquitur,
295 889 379 978 apud
396 890 499 954 Deum
517 911 584 954 sese
602 899 734 978 purgat,
757 883 826 954 haee
841 889 872 955 in
897 889 1021 979 seriptis

20 1001 160 1070 vociferans
174 1026 181 1066 :
204 1001 291 1067 «Nee
303 999 383 1065 lucri
395 999 512 1089 gratie,
529 1022 590 1064 neo
600 998 701 1064 inanis
714 996 819 1086 gloriae
833 1022 926 1066 eausa
938 1050 947 1076 ‚
960 1023 1022 1068 neo

20 1112 102 1178 ariaci
116 1113 150 1176 ab
162 1110 348 1186 allectione,
366 1122 419 1176 aut
427 1107 559 1198 quaestui
571 1108 709 1184 servire,
727 1119 780 1174 aut
791 1109 896 1174 ellerri
908 1108 1021 1199 volup-

20 1230 99 1296 rtate‚
110 1220 299 1297 sodeorum,
318 1219 371 1308 qui
384 1218 512 1308 legunt,
529 1215 791 1293 solalruisalnte,
808 1219 1023 1308 cujusnecest

19 1313 57 1394 rin
69 1331 215 1418 presentia
227 1331 405 1420 partiqeps‚
429 1330 485 1394 sed
501 1353 555 1418 spo
574 1341 742 1418 expectans
758 1351 850 1404 eam,
867 1353 936 1417 qnae
955 1353 1022 1396 om-

19 1438 95 1503 »nino
114 1438 267 1504 reddenda
295 1451 362 1515 est,
387 1438 628 1504 retributionem
652 1438 691 1503 ab
715 1461 772 1514 eo,
796 1438 850 1526 qui
872 1439 1020 1529 operariis

19 1545 215 1636 »policitusest
228 1571 262 1614 se
270 1548 472 1614 redditurum
480 1549 659 1615 mercedem
668 1549 883 1637 promeritis.»
893 1549 1021 1616 Sednoo

20 1677 89 1732 oum,
101 1659 146 1744 qni
164 1659 195 1723 in
217 1659 361 1724 virorum
378 1659 717 1748 numernm'ascriptus
736 1670 803 1734 est,
822 1670 946 1747 oportet
962 1659 1020 1724 de-

21 1763 123 1831 tilerme
155 1767 455 1836 remunerationem.
488 1767 558 1835 Non
585 1768 670 1834 enim
697 1767 751 1855 qui
775 1791 831 1832 sua
853 1767 1018 1834 bonelaeta
1057 1803 1060 1810 ·

19 1861 133 1960 ¹jactarit,
154 1889 285 1966 propter
305 1876 524 1966 gloriationem
545 1877 666 1966 accepit
682 1876 934 1942 retributionem.
955 1877 1020 1958 Qui

28 1991 104 2047 anem
115 2007 215 2051 eorum
236 2009 309 2075 quae
325 1967 448 2076 oportet
465 1985 583 2075 aliquid
595 1986 670 2050 lacit
686 1996 817 2074 propter
834 2007 1019 2052 remunera-

24 2088 122 2167 tionem,
147 2107 198 2159 aut
217 2106 253 2159 ut
270 2075 363 2198 ⁸reete
387 2119 520 2185 operans
541 2095 708 2182 praemium
732 2117 893 2181 quaerens,
914 2106 968 2160 ant
984 2107 1019 2160 ut

22 2196 147 2268 malolons
157 2223 285 2292 poenam
301 2205 419 2280 vitans,
437 2229 476 2269 an
492 2227 556 2268 non
570 2203 729 2268 mundana
744 2213 870 2281 tenetur
882 2225 1019 2269 consue-

19 2293 122 2388 ]tuline?
135 2311 266 2401 Oportet
286 2325 392 2378 autem
403 2313 593 2388 Dominum,
611 2310 718 2400 quoad'
727 2309 794 2376 fieri
808 2323 933 2400 potest,
946 2313 1020 2378 imi-

18 2417 71 2481 tari.
88 2419 113 2484 ls
131 2433 231 2487 autem
251 2423 367 2499 luerit,
385 2422 438 2510 qui
454 2423 511 2490 Dei
525 2419 676 2486 voluntati
687 2421 833 2496 inservit,
851 2422 923 2509 qui,
940 2443 1014 2487 oum

18 2526 88 2620 gratis
101 2532 267 2619 acceperit,
295 2532 348 2598 dat
375 2531 488 2621 gratis,
512 2531 586 2597 satis
601 2554 748 2621 magnam
764 2529 919 2620 recipiens
938 2555 1020 2596 mer·

19 2633 116 2713 dem,
130 2639 226 2728 ipsam
241 2642 315 2707 vitae
330 2642 494 2708 rationem.

55 2809 90 2872 2⁸.
101 2809 246 2880 Duobus
255 2825 379 2882 autem
389 2814 492 2906 quasi
501 2807 723 2906 ponderibus
732 2806 776 2881 ad
787 2805 1019 2883 scribendum

23 2918 160 3032 educans·
169 2945 243 2999 est:
263 2934 381 3028 primo
399 2927 547 3025 qnidam
565 2944 606 2999 ut
618 2927 809 3018 senectuti,
830 2926 1019 3004 deficiente

25 3047 179 3134 memorio,
196 3047 419 3144 adjutorium
434 3048 669 3146 praepararet¹
687 3073 695 3118 :

34 3195 105 3266 lon
127 3213 171 3267 est
201 3217 308 3270 antem
329 3202 390 3271 hoe
413 3228 491 3293 opus
514 3206 668 3294 scriptura
691 3203 859 3272 artificiose
886 3227 1037 3293 compa·.

21 3313 67 3368 rata
81 3309 113 3374 ad
130 3312 388 3390 ostentationem,
405 3313 461 3378 serl
475 3313 551 3379 mihi
569 3313 609 3380 nil
623 3325 820 3380 senectutem
835 3313 1018 3379 recondun-¹

21 3417 59 3473 lut
72 3421 271 3499 monimenta,
290 3422 454 3488 oblivionis
472 3423 760 3499 medicamentum,
777 3445 850 3488 vere
866 3423 969 3512 imago
984 3435 1018 3490 et

21 3519 184 3596 adumbratio
205 3532 399 3598 euidentiam
413 3544 445 3598 et
461 3533 669 3598 animatorum
687 3531 811 3602 illarum
825 3533 1017 3610 orationum,

21 3649 76 3713 ‘ltus
92 3636 194 3726 dignus
217 3643 346 3708 habitus
368 3667 438 3708 sum
461 3643 515 3731 qui
538 3642 701 3716 audirem,
725 3655 755 3707 et
777 3643 917 3708 virorum
941 3645 1021 3711 boa-

21 3744 115 3820 lorum,
130 3751 241 3840 quique
262 3776 369 3818 revera
385 3765 474 3824 orant
492 3751 619 3822 inanimi
637 3753 728 3840 pretii
746 3764 777 3818 et
790 3753 1014 3828 aestimationis.

46 3847 173 3920 ‘mae
