2738 4628
171 141 190 202 8
490 159 605 210 sineri
628 160 742 206 inerter
766 162 827 206 mu.
856 163 873 204 r

170 289 297 344 revocat
312 277 353 342 ad
373 273 634 367 incorruptelam,
646 277 712 366 jaur
735 299 800 344 non
822 288 936 368 potens
957 289 1006 344 est
1026 277 1123 357 usus,
1142 275 1208 352 Sed

104 411 106 417 ’
169 389 321 478 quoniam¹
335 387 448 480 potens
468 401 517 455 est
535 390 569 456 in
588 388 752 466 omnibus,
765 388 805 455 de
824 390 915 456 initio
936 401 1045 456 nostro
1060 399 1209 456 contem-

169 497 249 589 plari
268 498 441 566 debemus:
457 500 607 588 quoniam
625 501 760 589 sumpsit
774 499 860 568 Deus
877 500 990 567 limum
1005 499 1045 565 de
1061 515 1159 574 terre,
1175 511 1210 565 et

56 647 58 652 ·
169 610 317 678 formavit
331 611 505 678 hominem.
520 614 561 678 Et
576 613 707 701 quidem
725 611 827 686 multo
843 611 1002 680 difficilius
1021 624 1053 678 ει
1069 610 1212 678 incredi-

171 719 266 788 bilius
288 734 348 798 est‚
361 744 400 788 ex
421 745 485 788 non
503 723 708 789 existentibus
729 723 866 800 ossibus,
881 737 912 789 et
927 723 1044 798 nervis,
1062 735 1094 787 ει
1109 722 1211 796 venis,

171 845 204 897 ot
223 829 343 921 reliqua
356 817 559 924 dispositione
579 857 649 922 quae
663 847 711 900 est
726 835 904 902 secundum
915 833 1092 909 hominem,
1105 831 1212 897 iacere

84 998 85 1002 ,
172 940 214 1007 ad
233 941 295 1009 hoo
317 954 352 1006 ut
366 943 418 1020 sit,
431 954 463 1008 et
477 943 607 1032 quidem
630 941 802 1012 animalem
816 955 849 1008 ει
865 941 1086 1010 rationabilem
1105 939 1212 1008 socero

172 1052 353 1128 hominem3
372 1077 468 1142 quam
480 1054 566 1142 quod
581 1053 701 1121 sactum
716 1066 776 1130 est,
790 1066 822 1119 ει
839 1053 955 1119 deinde
972 1049 1150 1118 resolutum
1163 1062 1213 1116 εει

174 1164 207 1229 in
222 1173 354 1240 terram,
366 1177 498 1254 propter
512 1187 621 1232 causas
636 1187 714 1254 quas
729 1163 943 1254 prediximus,
957 1185 1065 1228 rursus
1077 1161 1214 1228 redinte-

174 1295 279 1361 grare,
295 1272 371 1340 licet
386 1273 419 1340 in
437 1272 490 1342 illa
510 1274 653 1349 cesserit,
671 1273 758 1340 unde
776 1283 810 1340 ει
828 1273 918 1339 initio
937 1271 1081 1338 nondum
1095 1270 1213 1345 sectus.

176 1382 280 1450 suctus
302 1394 350 1450 εει
370 1382 479 1450 bomo.
500 1381 564 1464 Qui
582 1383 670 1450 enim
691 1383 781 1450 initio
801 1406 877 1449 eum
889 1381 943 1470 qui
962 1405 1027 1448 non
1042 1390 1121 1458 erat,
1138 1379 1216 1446 fecit

177 1503 213 1556 ut
237 1502 333 1566 esset,
353 1491 481 1581 quando
509 1489 635 1558 voluit:
658 1491 760 1560 multo
783 1492 882 1582 magis
903 1513 958 1557 eos
978 1491 1032 1579 qui
1052 1491 1118 1579 jam
1143 1487 1216 1554 iue-

177 1612 267 1677 runt,
280 1623 390 1668 rursus
402 1601 545 1668 restituet
557 1599 665 1666 volens
678 1602 710 1668 in
721 1624 793 1668 eam
809 1623 879 1690 quae
894 1602 934 1666 eb
949 1623 988 1665 eo
1000 1600 1094 1665 datur
1103 1598 1213 1664 vitam.

178 1710 362 1778 invenietur
384 1723 493 1786 autem
521 1709 701 1800 perceptrix
723 1722 756 1776 et
777 1733 877 1802 capax
897 1732 973 1778 earo
995 1708 1120 1775 virtutis
1140 1707 1216 1784 Dei,

179 1843 250 1910 quer
267 1821 306 1888 ab
322 1819 412 1890 initio
427 1820 569 1910 percepit
586 1832 689 1888 artem
705 1821 775 1890 Dei.
789 1822 830 1888 Et
847 1818 934 1886 aliud
950 1819 1081 1909 quidem
1095 1817 1218 1913 fuctum

180 1940 228 2026 est
238 1925 351 1996 oculus
364 1929 487 2004 videns.
499 1926 587 1994 aliud
601 1930 686 1996 auris
701 1929 845 2006 audieus,
857 1927 945 1996 eliud
957 1952 1070 1997 manus
1085 1926 1219 2019 palpans

181 2049 214 2106 et
236 2061 383 2130 operans,
403 2037 490 2107 uliud
512 2040 601 2110 nervi
621 2039 763 2128 undique
785 2040 950 2116 condensi,
962 2051 995 2106 et
1017 2040 1218 2106 continentes

180 2149 340 2225 membre,
352 2146 437 2216 aliud
448 2148 572 2220 arteriae
586 2160 619 2215 et
635 2172 733 2226 renae,
747 2150 907 2239 sanguinis
921 2165 955 2215 et
969 2149 1097 2238 spiritus
1112 2161 1219 2216 trans-

54 2281 66 2290 ·
182 2259 296 2352 itoria:
315 2255 403 2324 aliud
417 2280 493 2325 vero
510 2258 663 2326 inviscera
678 2259 799 2325 diverso
808 2284 817 2333 ;
836 2259 922 2325 aliud
936 2258 1075 2350 sanguis,
1087 2257 1240 2348 copula2

182 2369 227 2434 tio
249 2367 363 2437 animm
381 2380 415 2435 ει
433 2370 584 2459 eorporis.
601 2369 689 2448 Quid
704 2369 814 2436 enimi
827 2369 898 2437 Non
920 2382 968 2436 εει
989 2391 1159 2436 numerum
1174 2369 1221 2434 di-

184 2501 257 2545 cere
285 2478 437 2545 universe
459 2475 673 2545 fabricationis
702 2497 773 2566 quae
798 2491 847 2543 est
872 2477 1050 2547 secundum
1074 2480 1220 2546 membra

184 2587 333 2664 hominis,
350 2610 421 2674 quae
442 2609 508 2651 non
530 2584 605 2651 alias
628 2584 707 2652 foeta
729 2599 789 2664 est,
806 2587 862 2653 sed
880 2610 920 2652 ex
938 2610 1052 2677 magna
1068 2587 1219 2679 sapientie

89 2767 94 2786 ‚
184 2696 254 2764 Dei.
277 2694 358 2777 Quae
380 2705 487 2759 autem
509 2695 695 2785 sapientiem
716 2696 905 2785 participant
926 2696 1068 2773 Domini,
1089 2697 1221 2790 pertici-

61 2843 68 2860 ·
185 2819 263 2898 pant
276 2817 309 2872 et
323 2806 473 2872 virtutem
488 2805 569 2894 ejus.
1094 2829 1095 2837 ¹

232 2917 302 2999 Non
330 2916 426 3006 igitur
450 2937 558 2981 exsors
588 2927 637 2981 εει
661 2938 736 2982 caro
762 2917 923 3007 sepientiae
949 2930 983 2983 et
1005 2917 1128 2984 virtutis
1148 2916 1219 2985 Dei.

188 3009 271 3096 Nam
284 3026 382 3092 virtus
403 3024 472 3114 ejus
486 3047 557 3112 quae
573 3023 669 3090 vitam
683 3037 824 3116 preestat,
840 3026 874 3092 in
895 3025 1079 3095 infirmitate
1093 3025 1224 3118 perfici-

188 3151 254 3212 tur,
274 3135 307 3202 id
321 3146 382 3212 est,
395 3133 428 3200 iu
450 3154 557 3202 cerne.
573 3132 690 3200 Dicant
709 3147 817 3201 autem
831 3135 936 3226 nobis,
954 3137 1008 3227 qui
1031 3137 1143 3205 dicunt
1157 3159 1224 3204 non

190 3269 258 3312 esse
276 3267 428 3334 capacem
449 3267 579 3311 carnem
597 3242 680 3311 illius
698 3245 770 3312 ritae
789 3269 860 3336 quae
877 3247 1002 3314 datura
1021 3247 1103 3327 Deo,
1116 3259 1226 3316 utrum

190 3353 330 3420 viventes
348 3375 435 3420 nuno
452 3365 485 3420 et
502 3353 727 3444 participantes
743 3354 839 3422 vitam
855 3356 965 3424 dicunt
979 3357 1064 3433 haco3
1078 3381 1120 3425 an
1136 3359 1168 3425 in
1180 3371 1226 3424 to·

192 3477 262 3534 tum
275 3462 344 3528 ritae
355 3453 650 3551 quitlemlrabentes
660 3463 752 3541 nihil,
767 3479 910 3533 mortuos
921 3479 1029 3536 autem
1041 3469 1226 3559 semetipsos

193 3572 387 3664 inpraesenti
405 3571 666 3640 confitebuntur?
677 3573 717 3642 Et
732 3575 758 3641 si
773 3576 902 3664 quidem
916 3577 1050 3652 mortui3
1066 3577 1227 3666 quomodo

194 3693 227 3756 ει
248 3691 427 3757 moventur,
443 3691 475 3747 et
496 3663 682 3770 loquuntur,
706 3694 738 3748 et
764 3681 883 3773 reliqua
910 3685 1044 3762 faciunt,
1067 3709 1139 3776 quae
1163 3709 1229 3752 non

196 3793 408 3866 mortuorum,
419 3788 474 3857 sed
486 3789 626 3860 vivorum
637 3804 711 3860 sunt
723 3815 816 3882 opere
825 3793 879 3860 tsi
892 3807 998 3864 autem
1008 3796 1117 3864 vivunt
1129 3819 1227 3871 nunc,
