2478 4594
233 270 293 320 een
545 278 716 324 cunurrrrs
741 267 949 325 esurierunt

227 399 381 487 idemque
394 423 501 468 rursus
513 425 521 466 :

204 529 211 544 '
312 574 622 590 ..........
639 531 672 590 Si
683 541 712 590 te
726 532 788 611 ipse
804 531 991 592 Prometheus

349 631 465 705 Finxit,
479 643 510 690 et
524 645 562 690 ex
572 632 632 691 ulio
648 649 709 691 non
723 629 807 691 dedit
818 651 883 691 esee
897 632 965 692 luto.

228 748 382 830 Hesiodus
395 779 502 832 eutem
516 766 555 832 de
566 764 729 833 Pandora:

304 909 533 990 Vulcanumque
544 910 629 996 juhet
643 922 751 969 terram
764 910 942 990 perfundere
955 909 1071 991 lympha

308 1005 466 1084 Protinus,
483 1021 573 1089 atque
584 1009 715 1070 hominis
729 1029 798 1070 oum
814 1029 888 1070 roce
903 1010 1051 1070 infundere
1064 1014 1164 1070 merten.

226 1145 300 1213 dam
317 1147 523 1216 artificiosum
537 1149 661 1237 ignem,
674 1149 729 1235 qui
741 1160 827 1214 certa
843 1149 963 1214 ratione
978 1172 1014 1214 nc
1028 1149 1072 1214 rin
1083 1150 1182 1214 ientui

229 1256 487 1343 generationem,
501 1257 599 1324 Stoici
617 1268 764 1322 naturam
780 1279 849 1321 csse
866 1255 1036 1322 definiunt:
1054 1258 1116 1346 ignis
1126 1269 1182 1322 edu

228 1387 267 1429 ec
281 1361 361 1430 lucis
376 1366 524 1442 nomine,
543 1366 650 1431 Deum
661 1377 717 1430 eut
731 1365 800 1453 ejus
810 1363 955 1430 Verbum
968 1364 1113 1454 allegorice
1125 1366 1183 1450 Soio

229 1484 300 1538 turs
315 1472 480 1562 significat.
497 1474 585 1555 Quid
598 1472 798 1539 autemtnon
813 1473 949 1561 ipsemet
959 1474 1180 1558 Homerum
1204 1479 1206 1534 t

228 1582 284 1646 ebs
299 1593 383 1647 terra
394 1593 571 1670 separatum
582 1632 591 1657 ,
603 1581 759 1670 planeque
774 1593 931 1648 retectam
944 1581 1061 1646 aridam
1073 1578 1180 1668 panthu
1204 1547 1206 1650 i

226 1689 363 1776 quadam
376 1688 537 1779 explicati
552 1689 629 1756 dum
644 1689 689 1755 eit
700 1689 740 1754 de
756 1687 898 1777 Tethyos
916 1688 1088 1776 Oceanique
1096 1686 1177 1753 desider

307 1840 444 1916 Namque
457 1838 561 1897 umbos
574 1819 688 1896 dudum
700 1837 793 1897 tristis
804 1835 955 1897 discordia
967 1837 1044 1897 lecto

309 1939 643 2018 Complexuqueeroet.

226 2069 295 2143 Deo
303 2088 456 2164 praeteren
472 2098 630 2142 summum
640 2076 736 2141 rebus
753 2064 786 2141 in
805 2069 957 2140 omnihus
973 2069 1179 2163 potestatendrr-

223 2193 336 2251 corum
344 2173 547 2251 eruditissimi
560 2183 714 2250 tribuunt.
724 2183 936 2271 Epicharmus
949 2183 1071 2273 quiden
1080 2177 1180 2267 (trus
1204 2201 1206 2274 ξ

224 2306 297 2361 rcus
313 2301 422 2360 nute'm
436 2294 463 2358 is
480 2289 557 2382 suit)
572 2291 620 2358 his
635 2277 793 2360 versibus:

327 2441 375 2501 Nii
386 2451 486 2521 potest
498 2443 595 2499 Deum
608 2440 700 2499 lutere
714 2457 725 2509 ;
743 2441 789 2498 sec
804 2448 837 2498 ut
852 2440 883 2498 id
897 2451 1005 2500 mente
1017 2437 1125 2499 imhihu:
1205 2427 1206 2506 ᾖ

326 2542 383 2602 Ille
395 2560 451 2602 noe
465 2559 562 2621 perse
573 2541 728 2612 intuetur,
746 2557 803 2599 nec
813 2537 889 2599 nihil
902 2539 990 2600 soius
1004 2551 1095 2622 potest
1204 2567 1206 2586 ‹

225 2679 359 2766 Lyricus
375 2695 468 2756 vero,
482 2679 545 2744 sicr

445 2811 527 2868 Deus
540 2807 619 2887 potis
630 2815 675 2866 est
690 2825 726 2866 ex
737 2803 886 2888 profunde

444 2909 541 2968 Nocte
552 2924 693 2967 revocure
704 2923 817 2986 purum
831 2907 913 2966 diem
927 2927 936 2965 ε

444 3006 548 3088 Nigris
562 3007 630 3067 dein
646 2997 777 3066 tenebris
793 3049 795 3054 -

446 3110 513 3168 Diei
525 3109 655 3168 nitidum
666 3108 795 3168 condere
806 3107 864 3168 hoc
873 3108 977 3186 jubar.

225 3248 290 3329 Qui
302 3244 404 3324 solus,
421 3246 540 3335 inquit,
559 3245 762 3313 illucescente
771 3246 840 3324 die,
858 3259 991 3346 noctem
1001 3245 1105 3313 efficere
1112 3244 1178 3330 poids*

221 3349 307 3427 Deus
322 3358 347 3423 is
363 3368 421 3422 est.
440 3357 480 3422 Et
495 3354 610 3421 hiatus
627 3354 659 3420 in
674 3355 915 3433 Phaenomcnis‚
931 3356 1002 3424 haee
1015 3357 1110 3423 hehet:

302 3507 363 3567 hbe
376 3505 394 3563 J
398 3523 454 3566 ore
465 3503 646 3583 principium
658 3547 666 3578 ,
680 3503 763 3563 nulio
774 3507 824 3582 qui
837 3516 976 3585 tempore
987 3506 1065 3566 nohis

189 3633 191 3636 ·
303 3603 531 3667 Praetereuudus
543 3605 610 3662 erit.
629 3605 722 3683 Cujus
734 3604 792 3664 inte
806 3607 911 3665 omnin
926 3607 1041 3666 Numen

300 3686 440 3787 iiompita
452 3749 459 3780 ,
471 3716 502 3765 et
516 3723 607 3765 omne
621 3707 737 3780 iorum,
762 3709 907 3786 pontique
918 3707 1059 3788 profunda
1072 3699 1176 3767 tuncrus

301 3812 397 3885 Atque
406 3826 513 3868 omnes
527 3819 633 3888 portus
645 3807 771 3888 impiet:
787 3826 938 3890 nemoque
953 3810 1060 3892 potenti

300 3909 418 3971 Auxilio
430 3910 560 3970 caruisse
574 3918 673 3987 queat.
