2452 4602
273 270 470 324 renascens,
493 271 555 315 ura.
582 271 630 314 111.
664 299 666 306 .
907 251 971 338 599

6 393 61 460 trias
69 390 174 471 subulas
183 391 345 480 nugaciter
354 389 539 466 relerentes,
551 409 725 476 earumque
736 409 852 476 corpus
863 400 896 462 et¹
907 390 974 455 eni·

6 527 39 570 aas
48 503 118 572 salsis
128 503 209 569 lactis
220 513 251 568 et
264 502 368 568 verbis
380 502 587 569 mendacibus
605 511 885 588 corrumpentes«
901 500 973 565 Νοιι

9 615 54 680 eris
63 628 167 687 cutem,
187 613 306 696 inquit,
318 635 392 677 cum
407 609 515 677 multis
530 621 660 699 propter
673 610 799 684 vitium.
812 594 878 676 ιιοι
888 608 973 697 adji-

12 725 152 790 cietiscum
169 720 387 790 multitudinc¹
406 743 414 785 ι
433 723 612 812 aquoniam
632 722 782 810 sapientia
799 722 831 786 in
845 721 970 808 paucis,

6 832 98 899 eolasio
114 845 211 898 autem
226 845 259 898 et
278 833 500 900 immoderatio
515 834 549 900 in
569 833 677 899 multis
694 833 847 914 cernitur.
868 833 974 921 Atque
1003 901 1010 917 .

6 941 154 1031 lequidem
173 966 235 1009 non
257 955 389 1034 proptor
404 943 615 1019 honestatem,
638 944 723 1031 quod
741 940 844 1030 nolipt
864 942 975 1031 aspici,

6 1053 30 1118 ai
47 1053 149 1120 lecticas
165 1075 274 1119 earum
290 1061 418 1143 portent
433 1054 618 1121 conducunt
635 1075 643 1117 ι
663 1063 750 1120 recte
764 1054 850 1118 enim
864 1077 977 1142 agere-

6 1164 69 1238 rr,si
84 1164 136 1229 hoc
149 1165 242 1230 modo
256 1163 380 1231 affecte
395 1163 610 1232 velamentum
631 1163 691 1229 sibi
713 1164 897 1252 injicereat;
919 1163 976 1232 sed

6 1295 35 1338 er
46 1297 160 1340 summas
176 1271 303 1340 delicias
321 1274 482 1342 vehuntur
498 1297 516 1338 a
534 1273 671 1350 famulis,
690 1284 850 1338 ostentare
865 1296 899 1339 se
918 1297 978 1340 cu-

6 1383 89 1450 icntes
100 1385 209 1476 dperto
230 1386 337 1473 itaque
356 1384 426 1451 velo
444 1407 499 1450 eos
513 1385 568 1473 qui
582 1385 665 1473 ipsas
683 1385 857 1473 respiciunt
873 1385 979 1452 acrius

6 1503 121 1570 umentes,
137 1518 237 1561 mores
251 1519 327 1562 suos
346 1495 520 1562 ostendunt
538 1517 546 1559 ι
568 1517 650 1583 saepe
666 1507 773 1560 autem
784 1495 881 1560 etiam
893 1495 979 1562 intus

6 1605 155 1693 respiciunt,
165 1604 260 1682 beno,
275 1629 347 1694 quae
358 1618 406 1672 est
417 1605 584 1694 superficie
595 1617 699 1682 tenus,
711 1605 911 1671 honestatem
922 1629 980 1695 por

6 1733 54 1778 unc
65 1712 198 1782 lubricam
213 1715 414 1805 diligentiam
425 1717 543 1806 probro
554 1715 738 1782 afficientes.
753 1741 766 1774 ι
782 1715 827 1782 Nc
840 1714 981 1782 circum-

6 1823 98 1910 spicias
109 1837 219 1903 autem,
236 1828 365 1914 inquit,
381 1828 414 1893 in
430 1827 505 1892 vicis
521 1825 675 1892 civitatis:
690 1847 751 1892 nec
765 1849 851 1890 erres
866 1825 899 1890 in
914 1825 983 1912 ejus

18 1931 218 2001 solitudinibus²
242 1958 251 2000 :
277 1947 356 2001 »est
376 1935 462 2002 enim
484 1958 557 2001 vere
585 1933 742 2014 solitudo,
759 1935 881 2000 etiamsi
903 1935 984 2000 adsit

6 2041 68 2104 urba
79 2041 338 2119 incontinentium,
353 2045 406 2110 ubi
419 2067 483 2110 non
499 2044 659 2110 esthemo
675 2044 820 2132 pudicus.
836 2045 984 2110 Circum-

6 2147 208 2220 'eranturautcm
220 2179 280 2244 per
301 2154 417 2244 templa
434 2153 647 2221 sacrificantes
662 2163 695 2219 et
710 2154 896 2231 divinantes,
908 2178 984 2220 cum

6 2261 225 2350 traestigiatoribus
237 2277 271 2330 et
289 2263 547 2340 circulatoribus,
560 2274 677 2328 etcum
690 2261 849 2330 sceleratis
859 2263 986 2343 vetulis,

6 2369 378 2464 paedomoscorrumpunt,
395 2375 537 2464 quotidie
554 2397 616 2439 une
631 2395 763 2464 pompas
775 2373 985 2452 celebrantes,

7 2478 108 2547 taniles
117 2491 251 2552 susurros
264 2486 308 2551 ad
328 2483 440 2574 pocula
458 2485 661 2560 sustinentes,
672 2483 888 2572 nonnullaque
899 2510 989 2553 ama-

7 2587 87 2655 ariact
99 2596 227 2662 cannina
240 2595 275 2661 in
288 2595 480 2660 matrimonii
496 2595 669 2683 perniciem
681 2595 855 2683 composite
866 2617 884 2658 a
897 2618 990 2684 praes-

7 2691 149 2782 &ruribus
169 2706 378 2772 ediscentes:
399 2715 433 2768 et
454 2701 530 2769 alios
547 2703 676 2791 quidem
691 2704 774 2769 viros
793 2703 925 2779 habent,
948 2705 990 2770 ab

7 2801 246 2897 lispossidentur,
260 2813 340 2880 alios
352 2825 459 2880 autem
470 2813 515 2879 eis
527 2825 613 2880 vetes
629 2812 833 2904 pollicentur.
850 2814 915 2882 lllae
930 2799 991 2880 au·

7 2935 41 2984 tm
52 2919 103 2986 lalli
117 2947 179 2991 sese
190 2925 354 3000 nesciunt,
370 2936 402 2991 et
417 2926 534 3013 seipsas
550 2923 692 3014 quidem,
705 2935 859 3012 tanquam
869 2949 922 2990 vas
941 2949 993 2990 vo·
1098 3013 1100 3020 Ι

8 3033 101 3116 aptotis,
125 3035 159 3102 iis
178 3037 309 3102 tradere
331 3037 384 3125 qui
402 3034 513 3102 volunt
539 3032 664 3124 explere
690 3033 881 3101 libidinem:
904 3057 995 3100 suem

8 3149 73 3205 abur
84 3144 266 3232 pudicitiam
281 3146 400 3234 probro
416 3144 598 3233 turpissimo
621 3151 852 3232 permutantes,
868 3144 994 3232 vitupe-

8 3247 97 3315 mdurn
111 3253 142 3317 in
156 3254 270 3342 primis
285 3255 416 3346 exitium
432 3276 490 3342 pro
509 3275 624 3339 magno
639 3249 728 3317 lucro
750 3252 883 3317 ducunt.
904 3248 995 3317 Multi

8 3365 75 3420 utem
94 3374 161 3426 suut
179 3363 370 3428 meretriciae
392 3361 597 3451 impudicitiae
619 3362 768 3436 ministri,
790 3360 842 3426 alii
865 3360 993 3428 aliunde

8 3465 142 3536 abeuntes.
160 3471 270 3540 Facile
288 3473 374 3538 enim
390 3472 431 3538 ad
445 3471 610 3573 libidinem
624 3471 771 3536 feruntur
786 3471 997 3560 intomperan-

9 3593 40 3648 ea,
50 3575 118 3644 siout
129 3582 218 3671 porci
235 3582 276 3648 ad
293 3605 366 3648 eam
377 3579 456 3648 alvei
470 3565 594 3672 perlem
607 3604 678 3670 quae
690 3581 887 3670 deprimitur.
909 3582 998 3648 Unde

9 3681 128 3774 leriptura
143 3693 398 3759 constantissime
413 3691 563 3760 admonet
578 3714 585 3755 ι
606 3719 619 3752 ι
634 3691 681 3758 Ne
694 3692 876 3758 introducas
887 3716 1001 3780 quem-

17 3792 213 3866 visbominem
224 3801 258 3866 in
269 3800 401 3868 domum
410 3812 497 3868 tuam
510 3823 519 3865 ε
535 3797 636 3866 dolosi
647 3801 733 3866 enim
746 3800 881 3868 hominis
892 3801 999 3869 multae

21 3919 105 3976 'Eme
118 3945 189 3992 nur,
204 3949 226 3979 a.
241 3930 292 3971 -²
305 3931 384 3982 uncti.
396 3947 431 3992 ιι,
443 3948 467 3996 7.
