2452 4602
301 301 496 357 rnnruoeus,
520 300 657 348 nin-111.
928 280 989 356 lot

15 425 213 496 reheudsntur.
227 425 268 496 lis
284 437 390 492 autom
405 427 459 515 qui
476 423 589 492 nolunt
603 433 712 514 operte
726 445 874 514 pecome,
888 420 994 489 occul·

15 559 38 602 rs
54 535 165 600 habitus
179 547 211 600 et
230 558 297 601 non
317 533 447 624 insignis
460 546 509 600 est
528 533 733 624 gratissimus.
753 531 849 612 Quod
864 531 955 599 veriti
969 531 992 596 ii

15 646 88 734 pibus
105 641 175 711 licet
194 666 344 733 peceare,
367 657 536 734 propterea
554 643 641 734 quod
659 666 724 709 non
743 653 990 732 cognoscantur,

15 753 82 820 ruitis
92 752 243 820 assimilati
255 766 292 820 ut
307 776 417 821 secure
431 764 560 843 possent
575 773 708 841 peccare
724 751 887 818 consecuti
903 763 987 816 sunt.

15 863 54 932 lou
62 863 150 932 solum
160 885 234 954 ergo
246 886 393 930 sororum
403 865 507 931 virum
518 863 655 930 ostendit
667 861 855 952 capillorum
867 861 990 942 raritas,
1034 897 1038 904 -

15 971 42 1036 ed
58 973 139 1037 etism
152 957 246 1038 ellicit
264 984 299 1037 ut
313 972 419 1038 minus
434 968 525 1038 sucile
544 969 678 1038 laedrtur
691 971 849 1047 cronium,
865 981 994 1037 sumet
1027 1019 1030 1030 ,
1058 976 1061 984 ’

15 1079 81 1170 iperi
90 1080 208 1148 otaestui
223 1081 330 1170 ipsum
340 1079 540 1156 sssuolroiut,
552 1092 584 1146 ot
594 1079 799 1146 incommodo
814 1101 884 1168 quae
896 1081 936 1146 uh
947 1078 992 1144 eis

15 1188 206 1254 roficiscuntur
221 1186 367 1278 repellet,
385 1211 455 1277 qun
478 1188 609 1278 quidem
631 1209 722 1254 coma
741 1189 839 1255 iustur
854 1187 992 1278 spongia
1045 1241 1050 1252 .

15 1297 146 1386 reipsum
155 1297 324 1386 recipiens,
337 1309 574 1387 perpetuemur
588 1298 723 1365 humore
733 1322 848 1366 noxum
859 1299 992 1365 cerebro

15 1403 95 1494 rtipt
110 1405 288 1473 llulierilrus
306 1419 415 1474 sutem
435 1408 539 1474 crines
560 1407 683 1475 mollire
705 1409 833 1487 sufficit,
853 1411 992 1486 ettenui

15 1513 79 1606 dqus
93 1515 178 1584 libule
192 1541 323 1586 comum
338 1518 426 1606 juxto
445 1516 564 1586 collum
580 1518 707 1610 alligare
728 1518 904 1610 frugaliter,
920 1521 993 1588 sim·

15 1623 173 1694 lidculturs
190 1629 325 1717 pudicos
342 1651 450 1696 comas
468 1630 500 1696 in
519 1653 703 1720 germanam
719 1630 994 1719 pulchritudinem

15 1731 132 1803 lentibus.
144 1737 313 1806 Meretricii
324 1738 412 1804 onim
421 1737 611 1828 capillorum
626 1737 750 1827 plexus,
762 1753 795 1807 ot
807 1753 995 1808 cutenorum

15 1865 80 1910 exus
91 1869 153 1912 oum
165 1871 216 1914 eos
231 1848 392 1916 deformes
408 1849 558 1925 reddunt,
574 1861 643 1914 tum
659 1849 755 1926 etiam
775 1848 857 1939 pilos
872 1849 994 1917 disosr..

15 1966 79 2042 runt,
88 1957 243 2025 artificiosis
259 1959 394 2025 texturis
409 1957 578 2025 evellentes
594 1983 602 2024 τ
616 1959 731 2048 quibus
746 1959 893 2026 etiam'fit
906 1970 995 2028 ut-ne

15 2063 162 2149 *munden
175 2077 309 2157 tongent
324 2067 440 2157 cupita,
460 2091 501 2135 ne
523 2066 653 2156 capillos
675 2069 993 2160 confunderemus

15 2187 150 2242 murto.
167 2178 353 2259 Quinetiam
374 2201 438 2244 non
453 2179 521 2244 sine
539 2190 627 2244 metu
642 2201 695 2244 ess
711 2179 835 2246 invadit
849 2203 991 2256 somnus,

15 2279 63 2347 lun
78 2285 180 2352 timent
190 2311 230 2354 ue
247 2299 383 2354 texturae
398 2287 533 2378 liguram
551 2287 769 2377 imprudentes
786 2290 990 2356 conturbent.

16 2387 147 2462 llieuorum
160 2407 265 2465 eutem
283 2396 473 2489 capillorum
488 2397 700 2488 oppositlones
715 2408 789 2464 sunt
803 2399 993 2468 omninoro·

16 2501 123 2582 idende,
133 2518 320 2576 etexternss
331 2531 438 2574 comes
450 2507 545 2602 ospiti
556 2505 708 2573 udhilsere
722 2518 771 2574 est
786 2505 925 2574 monime
936 2508 993 2574 im·

16 2611 142 2704 sinuque
157 2617 191 2685 lit
207 2630 242 2684 ut
260 2619 396 2684 mortuis
414 2616 484 2708 pilis
501 2615 807 2685 craniumindusnt.
826 2617 885 2685 Cui
906 2619 993 2684 euim

17 2741 103 2792 tenum
115 2729 239 2818 imponit
251 2727 443 2821 presbyter?
458 2725 509 2792 cui
521 2725 829 2794 sutem-benedicet?
840 2727 912 2796 Non
922 2751 992 2794 mu·

17 2825 56 2898 lori
71 2857 126 2922 que
143 2850 188 2904 ost
208 2851 335 2914 ornatu,
355 2835 412 2901 sed
434 2833 542 2902 olienis
561 2833 694 2925 cupillis,
717 2848 750 2901 et
767 2858 827 2925 per
840 2837 923 2926 ipsos
938 2838 990 2906 ulii

17 2940 82 3026 spiri.
93 2943 121 3012 Si
130 2959 231 3014 sutem
248 2973 263 3011 ι
280 2943 420 3012 mulieris
431 2931 565 3032 quidem
575 2955 671 3033 caput
681 2955 729 3013 est
741 2944 800 3022 vir,
813 2945 870 3012 riri
882 2959 992 3014 autem

18 3064 97 3138 cun
108 3069 149 3121 est
162 3055 327 3125 Christus*
343 3079 351 3122 ε
368 3055 555 3144 »quomodo
575 3077 640 3120 non
660 3065 710 3122 est
729 3055 862 3147 impium
884 3079 938 3123 eos
955 3059 989 3125 in

18 3151 260 3252 &simperatum
277 3163 517 3232 inciderclPer
538 3161 744 3230 immodicum
761 3164 847 3231 euim
863 3187 990 3231 comum

18 3263 237 3364 ltotdscipiunt:
253 3277 427 3343 Dominum
439 3285 559 3354 sutem,
570 3286 725 3362 quantum
736 3274 769 3338 in
780 3274 855 3362 ipsis
865 3285 925 3351 est,
938 3274 991 3341 de-

19 3371 92 3446 ltote
107 3385 252 3466 efficiunt,
271 3387 347 3453 dum
363 3384 543 3452 meretricie
558 3395 713 3450 ornantur
728 3379 761 3450 in
777 3382 921 3449 fraudem
935 3407 991 3450 re-

19 3481 93 3565 ltstis
107 3505 134 3558 rt
150 3510 256 3586 ceput,
279 3495 364 3585 quod
383 3518 457 3561 vero
473 3492 646 3584 pulchrum
662 3506 724 3572 est,
742 3493 904 3560 insumunt.
924 3493 991 3562 Neo

19 3613 63 3683 *go
76 3599 120 3689 pili
135 3619 203 3674 sunt
218 3607 372 3698 tingendi,
391 3629 452 3674 nec
469 3607 555 3674 cunis
574 3603 663 3672 color
680 3602 860 3672 mutandus.
882 3604 991 3696 Neque

20 3703 72 3772 uin
82 3725 183 3784 restem
196 3717 314 3784 rarime
326 3739 514 3786 conoessum
524 3728 572 3782 est
587 3739 595 3781 :
609 3727 643 3781 ot
652 3715 788 3782 maxime
799 3716 887 3782 obest
898 3729 934 3782 ut
945 3739 992 3788 se

20 3811 211 3916 diurs,quae
221 3829 455 3896 venerationem
465 3840 498 3895 et
509 3826 730 3904 ,acui-itatem
738 3824 906 3898 0⁰¹¹&th
917 3839 989 3918 al'la

34 3935 41 3970 ¹
52 3943 116 3998 ¹⁰⁰¹·
126 3967 156 4012 u,
166 3955 189 4005 t.
