2478 4594
367 293 558 342 srnormrmr
580 293 641 340 nro.
666 295 697 341 v.
988 281 1051 366 257

118 415 355 494 Flummsntiquo
366 415 473 496 procul
488 427 608 477 rustum
620 419 689 478 nire
702 418 824 480 turbine
839 420 945 481 sulces.

114 519 198 578 Astra
213 528 265 578 tuo
280 529 379 578 certos
389 517 517 577 rolrunt
530 520 584 578 sub
600 519 731 580 Numine
742 533 854 581 motus.

114 619 219 698 Longo
232 618 372 678 indefessi
386 619 497 679 solium
511 629 589 680 stunt
603 622 722 699 agmine
737 623 855 682 circum

114 716 246 798 iligen,
259 737 391 796 quorum
405 719 543 780 mortalia
555 721 668 780 credite
679 741 767 781 ourae.

111 817 185 878 Vere
196 828 249 878 tuo
265 817 367 877 nitidis
380 838 411 878 se
427 815 551 880 floribus
566 839 637 878 nrru
650 831 814 891 coronent;

114 919 150 976 lit
164 929 214 978 tue
229 917 315 978 saerit
327 917 445 992 biems,
460 919 566 999 gelidis
579 920 634 981 sub
647 921 779 982 nubibus
794 935 878 1000 ectu,

110 1019 146 1078 llt
158 1018 212 1078 tibi
224 1017 349 1078 debetur
364 1019 478 1078 Bromii
491 1019 644 1080 vindemie
656 1021 754 1094 tetus,

21 1157 93 1224 'lum
117 1157 232 1224 diserte
249 1157 502 1254 omnipotentem
522 1158 627 1226 Deum
651 1161 855 1250 sequentibus
882 1161 975 1229 dictis
997 1187 1051 1256 up-

19 1264 125 1353 pellet:

111 1417 285 1475 Immunem
297 1415 444 1489 interitu,
459 1415 530 1476 solis
543 1433 634 1496 quem
649 1416 751 1478 dicere
767 1419 812 1478 lus
821 1429 869 1479 est

113 1511 264 1574 Caelitibus
268 1554 407 1572 .....

109 1615 238 1674 Maxime
253 1623 285 1671 tu
300 1614 431 1686 Dirum,
450 1616 510 1674 leto
527 1618 688 1677 comitatus
702 1617 821 1687 adesto,

105 1711 232 1792 Ingens,
245 1713 404 1788 terribilis,
417 1725 526 1774 cuncto
540 1715 712 1775 discrimine
724 1716 841 1794 major,
930 1713 1043 1796 [ronst.

104 1812 205 1887 Quem
220 1833 303 1874 mors
322 1814 406 1878 nullu
425 1815 547 1887 (lomet,
569 1835 721 1898 quemque
743 1815 851 1876 ardens
866 1813 967 1874 AEtlrru
991 1834 1046 1875 co-

12 1949 69 2031 Qui
84 1973 159 2017 sune
175 1952 253 2018 (lum
276 1951 391 2020 lllotris
413 1972 488 2018 eum
515 1951 643 2018 Patrem
659 1953 820 2030 nominet,
845 1973 920 2048 epm
935 1977 1045 2020 rerum

8 2071 109 2126 ortum
121 2084 162 2126 ex
173 2060 273 2127 nihilo
286 2061 462 2150 significat,
479 2071 548 2127 tum
559 2061 596 2127 iis
612 2062 694 2128 forte
710 2061 764 2150 qui
776 2061 1046 2147 proseminationcs
1132 2082 1141 2093 ·

8 2161 68 2232 sslas
84 2169 261 2244 invehunt,
283 2168 428 2256 conjugis
449 2169 546 2234 etiam
568 2169 638 2235 Deo
652 2169 832 2236 tribuendae
842 2171 1043 2240 occasionem

8 2271 97 2341 ledit.
132 2274 294 2342 Caeterum
312 2273 381 2342 illes
396 2298 523 2365 quoque
543 2277 777 2366 Prophetarum
794 2301 888 2346 voces
910 2277 1045 2346 illustrat

8 2383 107 2451 Esaias
121 2385 247 2474 (mos)
260 2385 336 2452 dum
347 2387 408 2453 uit:
418 2388 591 2478 rEoccego
600 2387 922 2464 firmanstonitm‚et
932 2411 1045 2456 creans

8 2493 193 2581 sspiritum,
210 2496 302 2582 cujus
313 2518 427 2561 munus
440 2497 618 2563 exercitum
630 2494 701 2562 coeli
713 2497 927 2587 sundarorunt
935 2497 990 2574 ’μ
1005 2501 1046 2567 Et

8 2599 122 2678 boses,
139 2624 199 2690 per
217 2627 314 2691 quem
331 2605 375 2670 ita
389 2605 495 2680 Deus,
513 2603 665 2681 «Videte,
678 2606 800 2682 videte,
819 2607 969 2695 quoniam
985 2631 1046 2698 ego

8 2732 87 2776 »sum
100 2760 110 2786 ,
129 2720 164 2776 et
179 2735 243 2778 non
256 2722 305 2778 est
314 2713 400 2778 Deus
413 2710 492 2779 alius
500 2725 617 2804 praeter
629 2736 692 2780 me.
707 2713 775 2804 Ego
787 2712 996 2795 interficiam,
1009 2729 1043 2783 et

8 2819 123 2885 ¹vivere
140 2819 272 2886 sociam:
293 2822 544 2920 percutismset
563 2845 622 2912 ego
638 2823 774 2900 sanabo,
791 2835 824 2888 et
839 2848 906 2890 non
921 2836 969 2892 est
985 2821 1041 2913 qut

8 2927 140 2993 unieret
153 2929 352 2996 demonibus
365 2929 444 2996 meis
453 2929 500 2994 ².»

96 3081 121 3136 Δ
135 3075 212 3138 lestis
227 3076 304 3138 solet
317 3074 366 3138 bie
377 3077 469 3138 duras
482 3081 671 3140 summittere
686 3079 795 3152 rebus,

95 3179 140 3237 Ao
152 3180 253 3238 tristes
268 3177 340 3238 belli
356 3180 447 3240 furius
459 3225 468 3254 ‚
482 3179 711 3258 lacrymosaque
726 3182 803 3251 luta,

8 3323 26 3376 it
43 3314 186 3379 canebat
201 3312 357 3402 Orpheus.
378 3315 486 3394 Quam
505 3311 538 3379 in
558 3335 627 3378 rem
642 3313 753 3379 Parius
771 3313 868 3380 etiam
887 3313 1038 3383 Archilo-

8 3417 68 3488 bus
84 3423 132 3489 ita
149 3423 278 3490 scribit:
303 3421 357 3488 «Ο
376 3423 518 3514 Jupiter,
537 3434 629 3489 tuum
644 3423 774 3510 quidem
795 3435 844 3488 est
867 3424 1036 3515 imperium

9 3529 104 3596 coeli:
121 3543 279 3597 tuentem
295 3531 390 3620 opero
402 3530 434 3596 in
447 3530 535 3599 ooelis
547 3531 634 3596 rides
646 3531 793 3621 improba
808 3544 841 3598 et
856 3531 951 3622 justu.
965 3562 978 3597 ι
994 3535 1038 3602 At

8 3661 98 3706 ursus
110 3638 290 3706 Thracium
301 3637 468 3729 Orpheum
485 3639 673 3706 audiemus:

90 3779 210 3838 Oceani
225 3787 376 3838 extremos
387 3777 598 3860 complectitur
610 3775 744 3856 undique
758 3775 833 3837 fines

22 3913 32 3938 ¹
43 3915 132 3968 Amor
143 3934 180 3981 rr,
191 3915 232 3968 13.
243 3945 276 3955 -
291 3915 300 3940 ¹
311 3919 383 3970 Dent.
393 3934 467 3968 mn
480 3954 488 3982 ,
504 3919 545 3982 39.
617 3935 622 3946 ·
641 3957 646 3966 .
