2412 4596
332 209 523 262 ιιιοιιιιοιι
545 210 608 262 ιιι.
633 211 657 262 ι.
970 191 1015 262 tt

18 372 22 377 -
44 370 98 415 12,
119 333 169 405 vci
187 331 354 427 cogendo,
387 334 438 406 rel
459 336 576 428 injuria
593 332 779 414 afficiendo,
803 357 885 428 quot
902 334 1015 412 uitiati

0 478 8 496 ·
42 446 121 514 vit.
136 458 170 514 et
184 444 274 525 haec,
290 443 342 516 tel
354 445 498 516 faciendo
511 446 639 538 idquod
649 447 772 538 justum
785 458 850 524 eat:
867 445 916 517 tal
926 471 1016 518 men·

66 588 71 613 ι
89 606 101 635 ,
116 553 166 622 vel
182 578 261 624 vcra
273 555 428 633 diceudot
443 553 492 624 vel
507 557 605 626 etiam
615 555 731 626 harum
744 557 861 626 artium
867 556 1013 650 pluribut

12 685 82 732 vm
108 675 255 756 tempore
274 665 405 734 utendo.
431 665 508 735 fleo
526 677 633 736 autern
655 667 777 744 omnia,
798 677 832 734 et
849 667 1013 758 quomodo

15 810 19 825 ι
68 785 115 841 ·ἰ
134 775 184 842 uti
197 795 391 866 unoquoque
413 798 547 856 eorum,
570 799 645 844 cram
663 774 766 846 Greci
781 778 976 870 acceperant
991 803 1011 850 a

0 920 4 939 ι
39 883 657 977 ·-,nonparvamaccepcraut1htatem

8 1040 58 1134 7⁵.
71 1037 421 1134 SequiturMosaicae
434 1033 522 1134 legra
534 1051 646 1136 supra
655 1039 788 1108 Minore
800 1047 838 1109 et
849 1039 1008 1138 Lycurgi

3 1145 95 1222 tci'ta
112 1145 341 1241 encomium
358 1149 564 1222 hancPlato
580 1147 797 1223 subsecutus
811 1153 910 1223 est¹=

5 1296 97 1374 Plato
112 1314 222 1370 autem
242 1291 469 1394 philosophus,
489 1295 614 1370 aMosis
634 1295 760 1392 scriptia
774 1299 807 1368 in
822 1295 945 1392 legibue
962 1303 1009 1372 ie-

6 1409 67 1483 tdIa
80 1397 232 1502 adjutus,
247 1407 453 1506 reprehendit
473 1407 604 1501 quidem
617 1405 730 1478 Minois
745 1422 778 1478 ct
791 1408 929 1504 Lycurgi
945 1408 1006 1480 rei·

1 1511 103 1595 ¹biioar
116 1521 378 1589 administrandae
392 1520 567 1600 rationem,
584 1531 620 1588 ut
630 1543 702 1612 quae
716 1515 756 1586 ad
768 1514 1004 1612 solamquidem

1 1631 164 1724 ,picerent
187 1626 427 1699 fortitudinem:
441 1623 581 1700 laudavit
596 1639 724 1708 autem,
741 1641 778 1696 ut
788 1621 1004 1699 honestiorem

14 1740 119 1832 magia
148 1739 384 1820 venerandam,
406 1763 501 1820 eam,
522 1763 592 1830 quae
619 1762 720 1806 unum
751 1737 829 1829 quid
854 1734 952 1820 dicit,
973 1741 1007 1808 et
1089 1794 1092 1800 .

8 1871 90 1940 aper
115 1847 156 1918 ad
177 1873 280 1918 unum
301 1850 448 1944 dirigitur
471 1846 649 1920 decretum.
677 1841 757 1916 Nam
773 1855 805 1913 at
820 1837 959 1928 robore,
974 1859 1008 1944 et

1 1969 145 2058 ,nectua
160 1971 194 2028 et
206 1959 377 2049 prudentia
390 1960 534 2028 dicitnoc
548 1953 662 2026 decere
668 1952 1003 2048 magisphilosophari,

10 2049 131 2138 tdcoeli
154 2068 344 2162 dignitatem
364 2069 589 2160 respicientes,
604 2055 864 2149 immutabiliter,
880 2079 913 2136 et
923 2067 1004 2140 citra

11 2177 314 2268 ampoenitentiam,
329 2179 442 2246 eadam
457 2177 633 2282 sententia,
645 2189 678 2242 et
687 2171 726 2242 de
741 2175 853 2245 usdcm
861 2191 999 2247 utamur

13 2285 44 2356 'm
57 2287 160 2378 igitur
175 2287 401 2378 interpretatur
416 2312 474 2366 ea,
478 2309 563 2376 quae
577 2273 610 2354 in
623 2285 707 2386 Lege
723 2274 895 2369 dicuntur,
913 2301 948 2356 ut
964 2284 1006 2356 ad

10 2397 180 2479 tmDeum
191 2398 416 2487 respiciamus,
431 2409 532 2475 etea,
550 2419 620 2487 quae
637 2395 722 2485 justa
741 2407 815 2462 sunt
825 2421 1004 2488 Negamus

9 2507 156 2598 airricus·
184 2505 308 2576 Politici
331 2517 438 2576 autem
462 2505 539 2574 dicit
559 2528 628 2573 esse
647 2502 725 2574 duas
749 2505 888 2598 species,
904 2528 1003 2576 unam

1 2613 84 2684 'tem
97 2607 252 2707 legalemt
273 2613 405 2684 alteram
417 2639 512 2694 vero,
528 2625 652 2683 servato
664 2611 810 2693 nomine,
822 2609 998 2708 politicam.

14 2724 189 2822 editicum
214 2709 345 2816 quidem
367 2725 494 2816 proprie
520 2717 699 2816 significare
720 2747 828 2792 rerum
853 2723 998 2795 omnium

2 2818 134 2915 fiam,
151 2834 259 2904 innuit
272 2835 305 2902 in
316 2831 399 2902 libro
410 2832 555 2925 ejusdem
567 2831 703 2901 nominis
718 2856 726 2900 ε
742 2832 917 2924 quinetiam
931 2859 999 2916 eoa,

7 2938 68 3014 tat
79 2947 191 3038 ipsum
210 2943 405 3034 respiciunt,
426 2944 587 3034 vitamque
606 2943 748 3016 activam⁴
760 2953 792 3008 et
808 2942 926 3034 justam
942 2932 1002 3011 eli-

3 3056 52 3134 Ι,
68 3067 100 3122 et
120 3048 386 3144 contemplationi
409 3041 505 3120 etiam
528 3065 660 3132 vacant,
683 3049 830 3156 politicos
850 3043 996 3142 appellat.

14 3185 84 3233 tero
99 3160 290 3256 politicum,
311 3160 399 3252 quod
419 3159 520 3253 legale
541 3161 676 3239 dicitur,
692 3159 726 3228 in
744 3159 940 3228 mundanam
956 3157 1001 3228 di-
1068 3192 1073 3201 ·

5 3267 169 3345 &mentis
181 3271 455 3364 magnitudinem,
471 3283 504 3339 et
516 3270 715 3362 inprivatum
727 3267 892 3350 ordinem,
902 3283 998 3360 quem

4 3368 211 3466 durationem
222 3395 255 3450 et
266 3381 515 3450 concinnitatem
534 3379 676 3458 vocavit,
692 3391 725 3446 et
740 3379 996 3480 temperantiam,

4 3493 81 3578 mdo
98 3492 305 3583 magistratus
316 3493 446 3584 quidem
454 3490 677 3582 convenientes
688 3488 806 3556 suerint
812 3489 870 3568 iis,
883 3489 998 3579 quibua

4 3611 132 3694 tamt,
152 3603 321 3682 iiautem,
343 3602 459 3692 quibus
484 3601 678 3690 imperatur,
698 3585 864 3693 paruerint
882 3597 999 3691 magir-

5 3711 102 3784 tibua.
124 3712 226 3796 Quod
246 3709 378 3807 quidem
393 3723 429 3784 ut
444 3709 522 3794 liat,
538 3707 633 3784 Mose
652 3707 769 3801 scripta
786 3709 994 3814 contendunt.

13 3843 233 3918 hottma-
