2448 4610
186 287 249 365 452
499 303 671 350 cununnrrs
696 303 906 350 annxanumnr

186 453 260 496 eum
276 427 403 494 dilectio
419 426 578 515 ductaque
592 439 670 492 oum
684 397 725 492 ao
741 423 928 504 similitudo,
942 425 1008 493 sola
1025 431 1082 495 rita
1096 433 1203 500 exist

230 535 316 606 VIII.
329 537 422 603 Hunc
434 559 510 625 ergo
525 535 664 623 primum
681 537 921 625 agnoscendum
937 537 1030 624 jubet
1047 541 1074 604 ei
1092 541 1145 628 qui
1159 563 1207 606 aa·

188 671 255 713 ram
269 647 370 713 vitam'
384 647 424 713 sil
439 659 568 713 acturus
584 669 593 711 ε
612 646 747 724 «Quam
766 669 861 712 nemo
877 648 965 714 nevit
985 649 1044 713 nisi
1059 649 1165 726 Filius,
1209 687 1210 690 ¹

186 757 268 823 acui
283 755 382 822 Filius
401 753 616 822 revelaverit¹.
637 753 785 820 »Exinde
804 756 1027 844 cognoscenda
1039 769 1085 822 est
1100 781 1180 838 may
1213 759 1216 762 ’

186 847 263 931 tudo
279 847 449 931 Salvatoria
465 877 537 955 post
554 859 643 929 illum
659 883 806 952 novaque
825 865 1140 956 gratia,quodque,1
1176 900 1181 923 ι

186 973 386 1064 Apostolum,
404 999 418 1034 a
432 973 496 1039 Lex
507 995 565 1062 per
576 961 697 1039 llosem
710 972 784 1037 data
795 982 860 1047 σου
875 973 976 1061 gratia
988 986 1023 1038 et
1038 975 1148 1040 veritas
1167 1012 1169 1031 ι
1184 1022 1188 1031 ·

183 1083 321 1150 adesum
337 1070 503 1149 'Christum
525 1071 607 1146 facta
626 1079 695 1147 eat¹
715 1103 723 1146 ε
743 1109 757 1143 a
777 1103 838 1148 nec
853 1081 942 1169 paria
960 1093 1050 1158 suut,
1072 1105 1139 1171 qua
1166 1120 1170 1139 ·

180 1215 307 1258 servum
322 1190 450 1257 lidelem
472 1192 544 1255 data
560 1201 647 1264 sunt,
662 1200 695 1254 et
706 1211 809 1278 quaea
826 1211 902 1256 vero
916 1187 985 1255 lilio
996 1191 1115 1259 donata
1134 1226 1157 1253 a
1174 1244 1175 1251 ,

181 1303 325 1392 Denique
341 1302 366 1366 si
385 1301 478 1366 llosia
502 1298 553 1364 len
575 1298 735 1365 sufficiens
757 1309 827 1365 erat
848 1311 884 1364 ut
903 1300 1003 1366 vitam
1020 1303 1205 1390 praestarem

179 1408 295 1476 l'rustra
314 1409 464 1475 nimirum
488 1406 632 1474 Salvator
654 1407 722 1496 ipae
740 1407 917 1487 adveniret,
934 1409 1103 1497 nostrique
1148 1444 1179 1467 ικ-

179 1529 353 1608 pateretur,
367 1521 406 1586 ab
423 1529 495 1583 ortu
511 1516 683 1582 nativitatis
699 1513 874 1583 admotam
889 1537 991 1606 usque
1009 1541 1140 1585 emenso
1167 1552 1170 1577 .

179 1651 281 1694 manae
301 1630 373 1694 ritae
396 1626 566 1696 curriculo.
597 1627 729 1693 Frustra
752 1649 892 1715 quoquo,
916 1629 970 1718 qni
994 1631 1106 1696 omnin
1158 1649 1209 1711 ς’

179 1739 328 1805 mandata
344 1763 362 1804 a
379 1740 547 1828 juventute
562 1736 747 1825 implorarat
757 1737 782 1814 ⁴,
799 1738 840 1803 ab
854 1738 930 1814 alio,
946 1737 992 1804 illi
1011 1740 1152 1830 prorola
1170 1774 1181 1797 r
1191 1774 1206 1789 ·-

179 1848 365 1915 immortalis
377 1850 644 1938 vitaeexposceret
655 1847 794 1937 praemia.
812 1838 922 1936 Neque
933 1851 1023 1916 enim
1035 1851 1142 1917 solum
1153 1851 1206 1917 In·

178 1980 251 2046 gem
268 1968 457 2034 servaverat,
469 1957 526 2022 sed
539 1969 600 2024 cta
615 1956 716 2046 prima
730 1966 824 2022 aetato
840 1957 871 2023 in
885 1979 957 2026 eam
971 1982 1044 2026 rem
1063 1962 1205 2027 iamt*
1221 2041 1223 2044 Ι

177 2042 239 2133 rat:
250 2067 337 2145 Quid
347 2065 433 2132 enim
443 2065 549 2157 magni
560 2079 614 2134 aut
624 2067 740 2157 egregii
751 2079 811 2144 est,
823 2080 968 2135 senectus
981 2093 1051 2137 non
1062 2072 1107 2138 ita
1117 2071 1216 2138 delio·-

178 2187 285 2242 torum
301 2176 412 2242 ferax?
428 2163 483 2243 aed
498 2176 607 2264 siquis
622 2175 804 2244 lasciviente
819 2177 949 2265 juventa
963 2201 1004 2245 ac
1018 2181 1204 2248 aetitiam

176 2299 337 2353 maturum
351 2309 416 2376 prae
436 2309 469 2354 ae
492 2309 619 2353 sonsum
640 2285 734 2362 ierat,
750 2297 783 2352 et
798 2309 895 2375 quam
912 2311 971 2376 pro
991 2292 1151 2380 temporis
1162 2312 1208 2356 rr·

175 2399 262 2463 tione
277 2394 382 2462 senior
404 2405 570 2484 appareat:
587 2393 641 2460 hic
655 2392 750 2483 plana
765 2394 969 2462 admirandus
984 2419 1024 2462 ac
1040 2397 1206 2486 prachru

173 2504 274 2594 pugil,
285 2517 318 2570 et
325 2503 562 2592 judiciocaaus.
576 2501 637 2573 Hic
647 2513 755 2568 tamen
767 2521 842 2568 oum
853 2515 961 2569 tantus
972 2517 1060 2570 esset
1070 2508 1217 2596 apprint

174 2627 318 2692 noverat,
334 2625 504 2701 certusque
518 2623 599 2688 erat,
615 2608 693 2678 nilril
708 2611 767 2678 sihi
783 2611 914 2700 quidem
928 2612 969 2676 ad
986 2615 1148 2702 justitiam
1161 2613 1217 2681 ἁ»

171 2747 239 2789 csse
256 2747 264 2789 ε
279 2724 409 2789 omnino
424 2735 531 2787 autem
543 2719 587 2785 illi
602 2719 665 2786 vita
680 2743 759 2808 opus
774 2730 857 2796 erut3
872 2720 993 2788 idcirco
1005 2727 1152 2811 praestari
1163 2747 1207 2792 ro·

172 2844 224 2921 gat
241 2833 281 2897 al)
301 2855 340 2896 eo
354 2831 408 2918 qul
424 2829 508 2896 solus
524 2828 600 2895 dare
615 2825 724 2918 possit.
740 2829 783 2895 At
795 2829 926 2917 quidem
937 2830 978 2897 ad
991 2831 1112 2922 Legem
1125 2833 1203 2924 quad

170 2950 304 3029 spectat,
319 2938 413 3028 longe
428 2959 559 3005 securus
576 2951 661 3012 eratt
676 2937 734 3004 Dai
752 2949 858 3005 tamen
875 2939 958 3006 Filio
977 2943 1149 3032 supplicat.
1163 2946 1202 3010 lit

170 3047 234 3114 lide
249 3049 283 3113 in
298 3047 396 3114 fldem
417 3047 616 3114 translertur.
631 3044 738 3114 Veluti
756 3048 812 3134 qui
825 3070 890 3113 non
903 3061 976 3116 tuto
998 3051 1032 3116 in
1047 3052 1143 3144 Lagis
1157 3079 1205 3120 nn·

169 3159 251 3246 rigia
265 3159 437 3245 jactaretur
453 3177 491 3222 ac
510 3153 688 3244 periculose
706 3155 876 3222 stationem
893 3157 1066 3236 habeant,
1083 3163 1124 3228 ad
1141 3161 1203 3229 Sal·

168 3273 308 3332 satorem
319 3265 513 3332 transmittit.
709 3339 712 3346 ,

211 3376 269 3442 ΙΧ.
289 3376 331 3442 At
348 3396 424 3443 vero
438 3374 529 3441 Iesus
544 3395 610 3440 non
626 3373 715 3441 illum
730 3375 905 3464 redarguit,
921 3376 1010 3464 quad
1028 3377 1122 3468 Legis
1133 3403 1202 3446 om.

167 3485 218 3550 nia
235 3508 300 3552 non
321 3482 514 3572 implererltt
530 3482 607 3571 quin
627 3483 724 3551 otiam
737 3482 852 3573 diligit,
872 3497 905 3550 et
927 3486 1017 3574 qood
1030 3486 1071 3552 iis
1086 3489 1199 3576 quihus

167 3591 269 3658 luerat
279 3593 440 3659 institutus
452 3603 580 3658 strenue
590 3594 762 3660 obsecutus
777 3593 830 3671 sit,
845 3593 945 3683 possit
963 3593 1045 3662 ulnis
1063 3595 1200 3684 amploc-

166 3701 264 3766 titurz
278 3702 426 3767 advitam
442 3713 550 3768 tamen
561 3712 714 3766 eternam
724 3702 811 3789 quod
830 3703 959 3778 attinet,
976 3703 1196 3792 impcrlootrmr

165 3831 238 3875 eum
249 3811 446 3899 pronuntiat,
459 3809 544 3898 quod
558 3831 595 3874 ea
607 3831 677 3898 quaa
690 3809 894 3899 perfectionis
909 3825 984 3878 aunt
1001 3834 1068 3878 non
1085 3811 1196 3902 impla-

196 3938 206 3972 ¹
218 3935 310 3986 ldattlr.
321 3953 355 3997 ιι,
370 3954 407 4002 ¹7·
418 3961 442 3976 -
461 3935 558 3988 Ποία.
574 3954 592 3998 r,
607 3951 642 4002 17.
653 3935 703 3978 ·-⁸
716 3935 773 3989 (tat
785 3957 813 4000 rr,
825 3955 866 3989 21.
879 3965 910 3978 -
921 3939 932 3974 ⁴
942 3939 1023 3992 tlara.
1036 3955 1061 4002 x,
1077 3958 1118 3991 ao.
