2412 4596
201 237 245 316 90
344 273 347 278 .
518 235 692 282 Girfflss'ifl
716 238 928 285 nummii!

200 339 412 428 »requireret
420 359 482 405 noo
490 338 668 406 averteret¹.
679 339 885 430 Magnnmest
895 339 983 408 enim
993 339 1124 430 gaudiam
1131 343 1200 433 apii

200 448 371 524 »Patrem
387 469 451 514 uno
464 460 633 537 peccatore
647 447 810 526 serrato¹‚
828 448 926 538 inquit
935 448 1110 516 nonem,

250 593 343 662 Hinc
368 611 435 684 per·
464 602 697 660 transennam
727 587 893 660 confutat
922 613 986 661 eos
1021 593 1081 686 qui
1110 624 1195 651 uo<

202 703 313 775 animi
329 697 584 774 affectionibus
600 699 748 773 abducti
766 754 777 792 ,
800 704 867 776 Dei
887 699 1175 801 impatibiliaoln

202 826 314 888 tatem
331 813 503 886 humanis
516 813 742 886 motionibus
750 813 901 888 similem
917 811 1138 886 existimanti

246 959 333 1026 Deua
344 969 452 1026 autem
462 955 583 1027 nuliam
598 959 739 1026 hahetin
754 983 813 1026 nos
830 958 1011 1026 natirmlem
1024 957 1142 1026 halatur
1155 1002 1169 1015 κ
1189 1000 1194 1019 t

208 1085 264 1130 reu
282 1061 486 1142 relationem,
505 1075 542 1129 ut
556 1057 667 1132 volunt
684 1063 853 1130 haeresinm
873 1063 1056 1132 conditores
1069 1087 1077 1130 :
1090 1087 1166 1153 neque

203 1197 246 1241 ex
256 1171 358 1241 nihilo
369 1173 475 1242 omnia
486 1173 694 1263 produxerit,
709 1198 771 1242 nec
783 1175 808 1239 si
822 1197 862 1240 ex
877 1175 1096 1264 praeexistente
1115 1207 1127 1233 ιι

205 1282 318 1350 iecerit
337 1307 346 1348 :
367 1282 625 1372 qnandoquidem
643 1281 723 1348 illud
744 1283 875 1374 quidem
896 1307 939 1349 ne
964 1283 1093 1349 omnino
1117 1318 1121 1339 ι
1156 1322 1170 1337 o

204 1403 270 1470 est,
286 1392 356 1459 haec
369 1414 445 1458 vero
460 1403 508 1458 est
523 1417 542 1460 a
557 1393 628 1460 Deo
648 1392 769 1459 diversa
785 1393 818 1459 in
838 1377 990 1460 omnibns
996 1416 1007 1466 ;
1028 1392 1086 1458 nisi
1101 1392 1152 1480 quis

204 1502 275 1591 ejus
289 1524 359 1568 esse
375 1513 521 1591 partem,
540 1513 573 1568 et
590 1501 734 1591 ejusdem
750 1525 825 1569 eum
844 1502 912 1569 Deo
927 1500 1075 1566 essentie
1094 1501 1153 1567 ausit
1178 1515 1185 1524 ”

205 1625 289 1686 oera'.
310 1609 425 1677 Nescio
437 1621 545 1676 antem
556 1610 718 1699 quomodo
733 1611 824 1700 quis,
842 1609 897 1699 qui
916 1610 1024 1677 Deum
1038 1611 1152 1685 norit‚-
1183 1609 1188 1646 ¹

205 1718 270 1788 hoc
287 1719 397 1787 audire
415 1720 521 1786 animo
536 1720 656 1810 possit,
674 1719 700 1786 si
720 1719 891 1809 respiciens
911 1718 953 1786 ad
973 1731 1111 1785 nostram
1122 1719 1176 1794 ria,

206 1829 240 1898 in
257 1840 336 1917 quot
352 1851 515 1896 versemur
528 1827 638 1906 malis,
660 1828 849 1895 consideret.
871 1827 926 1895 Sic
937 1828 1045 1904 enim,
1060 1823 1179 1917 quodi

206 1949 254 2003 est
266 1936 372 2003 dicere
383 1987 392 2014 ,
405 1937 491 2004 Deua
502 1948 652 2027 peccaret
665 1937 698 2004 in
710 1936 901 2026 quibusdam
912 1935 1074 2026 partibus,
1088 1933 1183 2024 siqnih

205 2057 310 2136 partes
327 2056 403 2112 sunt
420 2047 519 2113 totius
540 2057 666 2136 partes,
689 2057 722 2111 et
742 2057 846 2112 totum
866 2041 1040 2135 complent.
1061 2045 1109 2112 Sin
1126 2053 1186 2108 m

205 2176 272 2222 non
291 2153 475 2244 oomplent‚
491 2177 534 2222 ne
549 2167 655 2245 partes
671 2153 800 2244 quidem
815 2153 943 2221 fuerint.
962 2151 1184 2221 Verumeninm

208 2285 282 2330 cum
311 2275 424 2332 natura
450 2264 536 2331 Deus
558 2265 597 2332 sit
622 2263 709 2331 dives
730 2262 970 2340 misericordia,
997 2263 1093 2330 nostri
1109 2269 1182 2352 pop!

206 2393 298 2439 tuam
320 2373 497 2440 bonitatem
514 2395 624 2439 curam
638 2372 739 2463 gerit,
763 2372 818 2459 qui
833 2394 896 2439 nee
907 2395 1022 2438 sumus
1038 2372 1100 2462 ejus
1114 2377 1187 2460 pann

206 2503 268 2548 nec
279 2479 335 2546 filii
351 2493 474 2548 natura.
492 2481 533 2548 Et
551 2493 599 2548 est
608 2479 674 2547 hoc
687 2479 821 2568 quidem
838 2492 927 2546 certe
942 2481 1108 2547 maximum
1120 2470 1176 2544 Μ’

205 2610 265 2655 nos
287 2589 435 2656 honitatis
454 2589 628 2667 indicium,
647 2588 830 2678 quodcum
848 2587 944 2655 sicin
965 2587 1069 2679 ipsum
1081 2610 1126 2653 nos

207 2717 296 2773 mur,
321 2709 353 2763 et
371 2709 485 2766 natura
504 2699 602 2765 simus
618 2697 748 2764 omnino
766 2696 880 2776 alieni,
897 2699 998 2764 nostri
1014 2711 1109 2764 tamen
1139 2724 1142 2743 ³
1178 2782 1183 2797 Ι

207 2816 306 2895 gerat.
329 2804 377 2874 Ac
395 2805 547 2874 naturalis
565 2807 696 2896 quidem
715 2818 764 2873 est
780 2807 996 2874 animantibus
1012 2807 1045 2872 in
1062 2828 1120 2872 snos
1185 2813 1188 2830 ⁴

206 2913 353 2994 affectio,
377 2927 410 2982 et
432 2939 503 3006 quae
525 2940 564 2984 ex
581 2916 814 2983 consuetudine
836 2918 938 2982 oritur
956 2898 1187 2998 amicititiinfl

205 3035 280 3090 sunt
295 3024 440 3115 ejusdem
454 3025 629 3093 sententiae.
647 3025 703 3092 Est
718 3037 826 3091 antem
841 3025 874 3091 in
889 3049 948 3092 nos
965 3025 1085 3115 copiosa
1099 3004 1195 3088 Deis

207 3135 399 3213 sericorriia,
423 3136 478 3226 qui
496 3135 575 3202 nihil
594 3135 634 3204 ad
656 3159 732 3203 eum
752 3135 943 3213 attinemus,
963 3134 1011 3203 vel
1023 3125 1179 3204 essentiis*

209 3265 326 3332 quam,
342 3256 469 3322 nostra,
492 3242 542 3312 rel
558 3255 691 3322 natura,
706 3242 757 3311 vel
773 3245 902 3334 propria
916 3256 1030 3310 nostre
1040 3231 1177 3308 essenitfl·

209 3349 348 3430 onitate,
375 3353 432 3420 secl
450 3375 489 3418 eo
511 3364 636 3420 tantum
656 3353 743 3442 quod
764 3353 862 3420 simus
878 3376 959 3444 opus
977 3354 1043 3444 ejus
1059 3337 1178 3416 volun&

209 3457 315 3548 Atque
328 3461 407 3528 adeo
422 3484 514 3540 eum,
531 3462 657 3552 quisue
673 3473 786 3553 sponte
796 3485 872 3529 curn
889 3450 1186 3529 exercitationem·

209 3568 292 3636 trina
307 3571 520 3660 cognitionem
537 3572 658 3661 aceepit
677 3571 834 3649 veritatis,
853 3583 946 3638 vocat
962 3571 1002 3638 ad
1022 3567 1180 3658 adoptem.

210 3699 282 3764 quae
298 3690 346 3744 est
365 3680 522 3748 maximus
538 3681 682 3750 omnium
703 3679 876 3771 proiectus.
906 3680 1103 3772 ‹Loquuntur
1116 3681 1180 3739 ram

250 3779 260 3806 ¹
273 3785 360 3836 bech.
369 3803 464 3850 xxm,
474 3789 500 3841 6.
519 3815 540 3826 -
554 3787 633 3839 'iana
648 3807 690 3838 xv.

247 3873 324 3942 Ῥις.
337 3877 386 3939 467
399 3889 424 3927 et
432 3895 483 3943 req.
