2522 4608
238 206 300 270 550
549 227 722 272 cnsrtenrrs
748 228 960 272 auaxranarnr

237 333 299 402 illae
314 334 443 423 quidem
455 309 593 402 exterius
603 335 724 402 amictu
739 333 874 424 pulchre
888 348 1049 428 tegantur,
1064 337 1135 406 intus
1146 353 1225 409 auten

238 445 371 533 pudore.
390 446 611 534 Quaecumque
626 458 734 514 nutem
748 471 813 514 nou
826 460 899 513 sunt
916 449 984 514 viro
996 449 1144 535 subjecta,
1157 451 1224 518 iter

239 567 419 626 extremum
433 559 590 645 probrum
612 558 764 625 interesse
782 558 927 624 convivio
948 561 1096 634 virorum,
1109 559 1183 648 idque
1193 564 1223 628 ri-

239 664 452 733 nolentorum.
484 667 549 747 Qui
570 669 603 734 in
624 666 863 734 reclinatorium
884 679 992 734 autem
1007 666 1111 734 oculos
1124 668 1224 746 mor.

239 774 431 854 immobiles,
458 777 557 844 innixi
584 778 713 855 cubitis,
735 778 841 844 adsint
863 776 938 845 solis
963 779 1099 846 auribus.
1119 780 1225 859 Quodsi

237 889 335 954 etiam
354 889 507 968 sederint,
520 913 561 956 ne
576 890 674 979 pedes
688 913 771 980 saepe
785 901 982 979 permutent,
999 912 1060 958 nec
1075 887 1186 956 eltenrn
1195 891 1226 956 le·

239 1021 313 1066 mur
327 1000 418 1069 alteri
433 1015 663 1092 superponant,
680 1025 740 1068 nec
755 1024 887 1068 manum
901 1014 1011 1069 mento
1026 1012 1186 1067 sustentent
1197 1001 1225 1068 ll·

241 1109 373 1178 liberale
399 1114 492 1180 enim·
508 1125 569 1189 est,
592 1113 732 1202 seipsum
753 1135 819 1178 non
844 1111 941 1188 serre,
965 1111 1062 1200 idque
1084 1111 1163 1176 datur
1177 1110 1226 1176 ritis

240 1221 445 1292 adolescenti.
466 1225 557 1315 Saepe
578 1237 686 1291 autem
707 1224 838 1298 moveri,
864 1223 1074 1311 hahitumque
1089 1235 1119 1288 ct
1133 1221 1225 1311 ignom

242 1345 380 1409 mutare,
397 1334 524 1422 signum
538 1345 587 1400 est
601 1333 746 1400 levitatis.
766 1335 838 1400 Jam
853 1357 928 1400 vero
947 1334 1081 1400 modesti
1100 1333 1223 1404 emunt

184 1533 187 1538 Ι
241 1454 273 1508 ot
289 1443 321 1508 in
334 1444 408 1510 cibo
422 1445 502 1510 etin
517 1457 595 1532 potu
610 1444 816 1532 quodminus
830 1454 879 1508 est
893 1441 1023 1532 eligere,
1036 1443 1126 1530 idque
1134 1440 1223 1514 tandiu,

213 1531 219 1543 ¹
241 1563 274 1618 et
289 1576 353 1620 non
368 1554 539 1644 proclivus,
559 1568 625 1622 tam
645 1557 677 1622 in
699 1554 869 1646 principio,
893 1578 991 1644 quam
1008 1555 1102 1621 etiam
1118 1556 1146 1620 ir
1163 1556 1223 1618 nur

242 1663 340 1731 vullis.
358 1667 543 1746 Quinetiam
554 1668 694 1756 priorem
705 1667 861 1742 desinere,
870 1679 903 1732 et
913 1690 947 1732 se
959 1666 1026 1732 istis
1041 1663 1224 1731 rebusaddut

222 1797 311 1840 ‘esse
326 1776 469 1843 deditum
485 1778 674 1844 ostendere:
699 1803 712 1839 s
728 1777 882 1853 Comede,
899 1778 1023 1864 inquit,
1036 1788 1071 1843 ut
1084 1775 1226 1861 nouom

243 1913 257 1948 ι
273 1900 478 1975 opponuntur
491 1911 499 1953 :
513 1911 601 1954 cessa
618 1901 726 1955 autem
742 1889 865 1979 primus
879 1887 1053 1978 discipline
1067 1887 1163 1977 gratia.
1174 1882 1223 1950 tui

243 1996 305 2060 »in
323 1996 430 2063 medio
446 1997 587 2086 plurium
609 1999 740 2075 sederis,
757 2021 797 2064 ne
814 2010 888 2064 ante
910 1999 995 2087 ipsos
1019 2019 1144 2065 manum
1160 1992 1223 2083 poti·

244 2133 258 2168 s
274 2104 359 2194 gas&
377 2107 471 2175 ’Non
482 2109 637 2176 debemus
652 2133 729 2199 ergo
741 2123 815 2176 ante
826 2108 903 2176 alios
914 2108 1074 2199 prosilire,
1086 2109 1123 2172 ult
1133 2103 1222 2194 inglorio

244 2216 386 2283 incitatis
399 2218 456 2284 sed
465 2241 539 2294 nec,
549 2220 693 2307 quamvis
702 2220 880 2309 cupientes,
890 2237 954 2286 non
966 2220 1026 2284 nisi
1038 2216 1226 2306 aliquantotot

246 2329 410 2418 porrigere
436 2342 575 2418 oportet,
597 2328 691 2419 longa
716 2353 803 2397 mora
833 2329 1109 2420 intemperantium
1129 2325 1223 2409 durus

243 2435 310 2502 Sed
328 2459 433 2525 neque
456 2439 584 2505 interim
612 2439 713 2506 videri
736 2453 888 2528 tanquam
907 2438 990 2507 lares
1017 2440 1093 2507 cibo
1112 2435 1225 2502 initam

244 2569 384 2636 eumque
398 2547 488 2614 avide
509 2551 669 2639 arripere:
685 2549 785 2616 Porro
804 2562 911 2630 sutem
927 2573 988 2616 nec
997 2549 1122 2616 obsonii
1138 2542 1227 2611 multu

244 2657 455 2744 ingerendum
473 2671 545 2725 est:
563 2683 668 2749 neque
682 2660 769 2726 enim
779 2660 926 2736 obsonio,
943 2661 999 2726 sed
1015 2659 1164 2726 frumento
1180 2647 1227 2718 aad

244 2764 367 2832 homini
383 2765 527 2849 naturale
541 2781 599 2834 est
616 2769 801 2849 Quinetiam
812 2771 979 2859 temperati
995 2768 1130 2834 hominis
1143 2769 1228 2830 ests*

245 2877 324 2944 alios
346 2877 515 2984 plerosque
534 2903 677 2971 surgere,
694 2895 726 2947 et
749 2883 928 2948 econvivio
945 2879 1063 2947 leniter
1078 2901 1141 2946 sese
1152 2875 1228 2942 subt*

245 2988 332 3056 ltere.
347 3014 360 3050 s
373 2989 456 3056 Cum
470 3003 531 3066 cst,
542 2991 665 3078 inquit,
678 3003 803 3080 tempus
815 2991 976 3082 surgendi,
986 3013 1029 3057 ne
1041 2991 1229 3080 sisposueru.

246 3129 259 3163 ι
273 3112 306 3165 et
320 3111 480 3168 revertere
493 3102 525 3166 in
542 3101 674 3167 domum
688 3101 807 3169 tuem².
823 3101 1032 3182 »Quinetiam
1043 3099 1176 3166 dicebant
1185 3092 1230 3157 dut

245 3210 364 3288 decim,
377 3233 451 3277 cum
464 3224 649 3278 evocassent
660 3211 890 3302 discipulorum
902 3210 1135 3278 multitudinem
1148 3231 1155 3273 ε
1171 3200 1230 3268 *litt

247 3350 260 3384 r
276 3333 322 3386 est
339 3322 462 3388 bonum
477 3346 548 3396 nos.
565 3321 683 3389 relicto.
696 3326 793 3390 verbo
807 3323 879 3400 Dei,
900 3322 1083 3388 ministrare
1097 3311 1227 3386 mensit'·’

249 3431 346 3511 Quod
360 3433 386 3498 si
401 3431 464 3500 hoo
478 3431 646 3522 diligenter
660 3445 827 3510 caverunt,
847 3432 951 3501 multo
966 3433 1067 3523 magis
1082 3419 1233 3498 riututir

250 3539 399 3630 gluviem.
417 3543 457 3610 lli
482 3555 590 3609 autem
606 3543 663 3632 ipsi
688 3543 832 3634 Apostoli
847 3544 1023 3611 scribentes
1038 3567 1051 3604 r
1065 3525 1233 3615 tacituri

250 3663 369 3717 »erunt
385 3653 418 3719 in
437 3654 625 3730 Antiochia,
643 3652 750 3743 Syrie,
775 3666 808 3721 et
831 3654 955 3731 Cilicis,
978 3651 1089 3720 Visum
1101 3661 1157 3724 est,
1171 3641 1235 3707 div·

248 3777 369 3840 rrum,
387 3761 519 3854 Spiritui
535 3777 647 3833 sancto
665 3777 698 3832 et
715 3765 820 3844 nobis,
839 3761 963 3833 nullum
980 3764 1069 3831 rotis
1083 3759 1232 3849 majam

274 3895 289 3930 '¹
301 3895 379 3946 Eccli.
392 3912 461 3960 mr,
474 3894 514 3956 rt,
527 3909 565 3959 17,
579 3895 616 3946 18.
629 3923 660 3936 -—
670 3893 682 3932 ¹
693 3893 763 3946 lbld·
778 3909 863 3956 mn,
875 3909 913 3946 u.
924 3919 955 3934 -·
968 3890 978 3928 Ι
989 3891 1046 3944 det·
1060 3905 1094 3950 vt,
1109 3904 1126 3938 n
