2570 4614
382 271 579 324 runaooous,
603 255 661 314 uio.
689 271 710 312 1.
1001 249 1059 316 aba

36 387 261 477 quodpropter
277 388 527 456 imbecillitatem
544 389 660 455 auxilio
674 401 778 478 egeat,
795 400 921 478 gratum
935 401 995 464 est,
1011 391 1064 478 ju-

34 499 184 572 cundum,
202 509 235 563 et
249 496 453 574 delectabile,
466 499 607 564 animosa
622 498 734 564 anima
750 510 839 586 parte
853 499 895 573 ei,
914 498 1002 586 quod
1016 510 1065 564 est

35 607 199 685 tantillum,
216 607 370 676 auxilium
390 609 520 676 ferente.
545 609 825 689 Quemadmodum
849 610 935 676 eninr
958 624 1063 700 patros

35 731 184 785 etmatres
194 719 355 786 lubentius
370 721 488 797 rident,
504 742 661 808 equorum
672 720 814 808 quidem,
825 717 947 810 pullos;
962 721 1063 788 boum

36 851 113 904 sero,
129 853 245 918 parvos
259 829 374 896 vitulos
380 855 390 903 ς
408 844 440 895 et
456 830 598 905 leonum,
615 827 816 910 leonculuma
834 843 866 894 et
879 830 977 905 corvi,
992 829 1062 895 bin·

36 939 156 1014 nulum3
172 954 205 1004 et
218 940 371 1018 hominis,
387 939 528 1030 puellum
543 963 552 1004 :
568 941 610 1006 ita
623 941 719 1004 etiam
735 940 955 1017 universorum
969 940 1063 1006 Pater
1162 979 1165 984 ·

36 1050 153 1138 eosqui
175 1050 216 1114 ad
236 1051 341 1138 ipsum
363 1051 550 1140 confugiunt
566 1051 692 1139 recipit,
712 1062 745 1116 et
768 1050 801 1116 in
815 1048 954 1115 [iliorum
968 1049 1064 1139 adop·
1095 1105 1098 1115 ,

35 1160 143 1224 tionem
171 1157 293 1248 Spiritu
312 1172 514 1249 regeneratos
531 1161 617 1225 novit
634 1171 829 1237 mansuetos,
852 1172 884 1225 ct
903 1183 957 1224 eos
980 1157 1063 1225 solos

37 1267 137 1358 diligit,
155 1271 268 1357 eisque
285 1271 346 1336 sert
364 1269 528 1346 auxilium,
549 1281 581 1336 et
597 1295 656 1360 pro
671 1271 716 1336 eis
731 1283 863 1360 pugnat,
879 1293 996 1358 eosque
1012 1270 1064 1335 de-

38 1379 144 1445 lendit:
166 1392 200 1444 et
215 1380 288 1446 ideo
302 1381 450 1469 puellum
465 1379 638 1448 nominat¹.
657 1383 724 1469 Ego
740 1405 816 1448 vero
834 1374 920 1448 lsaac
936 1403 1064 1469 quoque

39 1489 73 1554 ad
85 1513 220 1578 puerum
236 1491 349 1556 refero.
366 1489 466 1566 lsaac,
479 1471 567 1556 risus
580 1491 758 1580 exponitur.
771 1481 855 1556 llum
867 1491 944 1556 vidit
955 1490 1064 1556 luden-

40 1611 96 1665 tem
113 1623 189 1667 cum
207 1623 306 1665 uxore
321 1613 354 1665 et
368 1601 564 1667 auxiliatrice
585 1600 730 1667 Rebecca
747 1595 802 1666 rex
821 1602 975 1668 curiosus.
995 1599 1063 1666 Rex

40 1711 214 1782 satomoni
230 1733 348 1775 nomen
364 1723 433 1775 eret
447 1708 646 1786 Abimelecb,
662 1708 740 1774 mibi
758 1709 966 1775 videturesse
981 1732 1064 1796 quae-
1107 1763 1109 1767 ,

42 1819 368 1908 damsupramundana
378 1817 544 1907 sapientia,
557 1841 627 1906 quae
637 1816 705 1882 ludi
718 1818 940 1886 considerabat
948 1828 1064 1905 myste-

44 1928 130 1991 rium.
143 1928 393 2017 lnterpretantur
403 1940 511 1993 autem
523 1927 715 2006 Rebeccam,
728 1927 939 1996 tolerantiam.
954 1925 1065 2014 Opru-
1110 1947 1117 1958 ·

49 2035 167 2102 denum
176 2037 299 2104 ludum!
312 2037 406 2104 Risus
418 2050 478 2102 eta
491 2035 656 2104 tolerantia
668 2038 852 2127 adjuratum
866 2049 899 2102 et
909 2059 964 2102 rex
976 2058 1063 2126 spec-

49 2157 128 2210 tator
142 2157 188 2213 est
204 2171 213 2211 :
230 2147 341 2236 gaudet
354 2170 430 2212 vero
451 2159 484 2212 et
504 2144 624 2212 exultat
645 2147 772 2235 spiritus
786 2169 898 2212 eorum
916 2145 970 2234 qui
989 2159 1064 2212 sunt

36 2249 136 2342 'puelli
150 2251 181 2318 in
198 2252 334 2328 Christo,
352 2253 406 2340 qui
428 2252 460 2319 in
477 2250 643 2318 tolerantia
657 2252 754 2318 vitam
768 2264 875 2340 agunt.
894 2253 934 2316 Et
949 2250 1003 2316 bie
1016 2261 1064 2316 est

46 2358 157 2424 dirinus
169 2357 271 2424 ludus.
288 2357 400 2424 Talem
414 2356 526 2424 ludum
541 2357 654 2425 ludere
668 2381 762 2423 suum
778 2359 891 2424 lovem
907 2357 985 2423 dicit
1004 2357 1065 2422 lle·

40 2467 169 2537 raclitus.
195 2469 281 2549 Quid
302 2469 390 2535 enim
405 2468 492 2534 aliud
508 2469 575 2535 viro
596 2466 730 2558 sapienti
749 2478 782 2534 ut
797 2467 939 2557 perlecto
965 2467 1064 2556 magis

40 2581 188 2658 convenit,
201 2603 297 2668 quam
312 2577 422 2646 ludere
433 2593 466 2644 et
479 2570 629 2646 collaetari
644 2603 720 2647 cum
736 2579 943 2644 honestarum
954 2601 1062 2644 rerum

39 2688 207 2767 tolerantia,
233 2691 445 2756 othonorum
474 2689 760 2764 administratione,
783 2689 849 2754 dies
870 2687 966 2754 festos
986 2711 1062 2754 cum

39 2797 100 2864 Deo
112 2799 348 2867 celebrantem?
367 2800 474 2865 Potest
492 2801 588 2865 utiam
605 2798 696 2866 aliter
717 2800 832 2889 accipi,
849 2798 967 2887 quoda
983 2823 1043 2888 pro

41 2909 136 2996 pbetia
159 2909 370 3000 significatur,
399 2933 457 2974 nos
477 2908 597 2977 scilicet
619 2909 716 2976 laetari
738 2922 771 2974 et
800 2909 904 2975 ridere
932 2919 1064 2997 propter

40 3017 174 3097 salutem
190 3021 464 3109 quemadmodum
479 3021 579 3087 Isaac.
596 3020 676 3086 Risit
695 3032 802 3086 autem
822 3017 875 3085 ille
897 3039 1024 3106 quoque
1046 3040 1064 3082 a

38 3143 133 3196 morte
147 3130 280 3207 solutus,
298 3129 412 3197 ludens
426 3142 459 3196 et
473 3130 616 3196 exultans
637 3155 711 3198 cum
726 3152 853 3219 sponsa,
870 3149 941 3216 quse
956 3138 1063 3192 nostra

36 3249 79 3305 est
90 3239 128 3306 ad
142 3239 276 3306 salutem
295 3239 484 3316 auxiliatrix,
504 3240 625 3308 scilicet
639 3240 794 3316 Ecclesia,
811 3239 865 3305 eui
880 3236 1009 3304 manum
1024 3258 1065 3303 ac

37 3347 164 3416 solidum
177 3371 294 3418 nomen
307 3351 494 3440 imposltum
504 3361 565 3426 est,
578 3351 790 3416 Toleramia:
804 3345 853 3414 vel
865 3346 1015 3442 quoniam
1025 3369 1061 3412 ea

37 3471 136 3524 manet
149 3460 183 3526 in
196 3459 325 3538 saecula,
341 3483 467 3549 semper
481 3459 640 3550 gaudeam
660 3456 709 3524 rel
724 3458 811 3546 quod
823 3468 947 3524 constet
958 3477 996 3522 ex
1015 3467 1062 3521 to·
1173 3503 1176 3511 -

35 3563 159 3634 lenatia
175 3569 386 3647 credentium,
405 3571 460 3660 qui
478 3591 588 3636 sumus
603 3569 747 3634 membra
763 3567 893 3642 Christi,
905 3577 1062 3633 eteorum

37 3677 71 3740 sit
85 3678 137 3764 qui
155 3680 197 3744 ad
212 3679 310 3759 linem
320 3681 540 3748 sustinuerunt
555 3678 788 3754 testimonium,
800 3689 832 3744 et
842 3701 912 3767 quse
923 3675 1062 3765 litprop·

37 3797 114 3852 teres
127 3791 298 3877 gratiarum
312 3793 406 3862 actio,
421 3791 482 3861 llic
491 3803 541 3858 est
551 3787 648 3858 ludus
659 3787 825 3878 mysticus,
836 3800 869 3856 et
880 3785 976 3864 satus,
989 3805 1066 3873 quat
1176 3853 1185 3866 ,

65 3913 75 3948 ¹
85 3915 179 3966 Genea.
194 3933 256 3980 rari,
267 3937 290 3986 7.
