2532 4608
391 355 433 398 nn
457 353 678 401 unricnmsro.
985 333 1048 421 595

1 453 4 494 ¹
29 471 128 540 lueom
144 467 288 546 edentes.
301 469 350 538 bis
360 469 415 557 qui
432 468 661 537 reeteoredere
677 466 802 536 valeant
818 466 952 558 legimus
964 467 1052 556 quod

29 581 104 662 bino
116 581 279 670 utriusque
293 581 499 648 commodum
513 580 629 657 veniat,
646 601 761 667 nempe
778 578 876 665 eiqui
897 575 1051 667 loquitur,

2 683 3 718 ³
27 692 110 782 quod
122 691 274 759 memoria
289 692 428 758 tenendo
441 705 530 760 recte
544 701 680 781 exponet
694 715 765 782 quae
785 689 937 778 praedieta
958 701 1051 762 sunt3

25 801 156 870 auditori
176 823 264 878 vero,
286 801 374 890 quod
394 799 443 867 his
464 824 535 890 quse
556 800 705 867 dicuntur
726 799 875 868 adhibeat
897 799 1050 866 animum.

2 911 4 946 ³
27 910 120 992 Quod
140 911 235 1000 igitur
254 910 434 978 eommunis
457 911 599 999 utrisque
617 909 707 977 lnbor
726 909 904 1000 propositus
919 920 980 984 est,
1005 908 1054 974 lo-

1 1023 9 1062 ¹
23 1021 130 1110 quenti
146 1020 310 1098 nimirum,
327 1031 364 1088 ut
377 1021 464 1086 omni
486 1032 575 1086 tutus
595 1018 740 1109 periculo
754 1016 937 1108 eloquatur3
961 1019 1054 1084 audi-

22 1129 86 1196 tori
99 1149 185 1203 vero,
205 1138 242 1193 ut
256 1127 320 1194 fide
336 1127 466 1195 audiens
482 1128 632 1216 suscipiet
648 1149 684 1194 ee
701 1149 771 1215 quae
787 1126 949 1198 dicuntur.
966 1127 1055 1191 obse·

1 1252 81 1312 ¹oro
99 1249 133 1304 ut
147 1237 269 1304 orendo
283 1235 388 1305 Deum
403 1236 481 1304 mihi
495 1249 609 1328 presto
624 1237 675 1305 sis.

1 1365 13 1426 1
68 1348 122 1416 111.
143 1347 293 1427 Quonam
309 1347 407 1415 modo
429 1347 506 1414 olim
521 1349 621 1416 beatis
641 1346 808 1436 Prophetis
829 1329 888 1414 iiei
912 1343 1055 1412 Verbum

1 1477 14 1516 tt
22 1455 279 1536 manifestaverit,
303 1457 370 1546 ipse
391 1480 500 1524 rursus
520 1457 579 1526 Dei
602 1480 724 1532 servus,
741 1456 796 1545 qui
818 1454 895 1522 olim
908 1453 1054 1522 Verbum

2 1577 103 1642 seret,
119 1567 199 1633 seire
213 1565 373 1653 quernis¹i
392 1565 549 1636 Nimirum
568 1566 642 1655 quia
659 1564 803 1633 Verbum
819 1564 1056 1631 sunmmiseri·

1 1676 174 1752 wordiam,
197 1689 231 1742 et
253 1677 340 1766 quod
362 1677 493 1743 minime
514 1686 665 1763 aceeptor
686 1686 735 1740 est
756 1695 977 1763 personarum,
995 1696 1056 1762 per

1 1805 131 1852 somnes
146 1795 271 1848 sanctos
286 1781 437 1856 ostendit,
454 1775 636 1846 illuminans
652 1778 722 1845 illos
734 1791 828 1869 etque
845 1801 1054 1866 componens,

1 1888 110 1965 ovelut
123 1891 244 1979 peritus
255 1889 409 1965 medicus,
426 1889 467 1957 od
480 1911 518 1956 ea
530 1913 601 1978 quae
611 1887 652 1956 ad
663 1901 804 1956 nostram
816 1889 1000 1956 conducant
1010 1913 1056 1955 sa-

1 1996 136 2083 ‚tutem
148 1999 267 2088 quippe
281 2018 357 2065 eum
370 2019 436 2066 non
447 1997 567 2065 neseiat
582 1998 755 2064 homonum
765 1995 993 2064 infirmitatem.
1008 1999 1058 2064 Ao

1 2095 5 2190 j
18 2109 151 2198 quidem
165 2110 346 2198 ignorantes
361 2108 468 2177 studet
482 2109 619 2178 edocere
633 2133 642 2176 ε
655 2121 796 2176 errantes
808 2131 881 2175 vero
896 2108 1056 2175 adseram

2 2238 112 2288 bouum
127 2219 211 2287 vium
226 2217 392 2286 convertit.
411 2217 516 2306 Atque
531 2215 581 2284 bis
595 2218 725 2307 quidem
739 2218 794 2308 qui
817 2216 881 2284 sule
895 2229 1055 2307 querunt,

2 2326 112 2408 ,facile
127 2327 289 2400 invenitur
299 2350 308 2403 ι
320 2323 370 2394 his
381 2336 490 2394 nutem
500 2327 555 2417 qui
566 2326 693 2394 mumdis
706 2326 805 2394 oeulis
816 2339 849 2392 ot
860 2341 946 2392 costo
958 2328 1055 2394 corde

2 2436 139 2518 ostium
152 2434 278 2528 pulsare
300 2435 493 2513 desiderunt,
510 2435 679 2504 confestim
694 2438 806 2526 operit.
826 2434 955 2504 Nullum
970 2436 1055 2502 enim

13 2567 152 2610 suorum
167 2565 331 2612 servorum
347 2545 465 2634 rejicit,
479 2547 570 2636 qussi
585 2545 764 2614 divinorum
776 2547 1001 2635 mysteriorum
1011 2546 1058 2612 in·

12 2654 163 2742 dignum·
179 2652 251 2720 Non
263 2651 392 2721 divitem
403 2677 542 2744 paupere
553 2653 652 2744 pluris
665 2655 754 2732 feeit,
766 2677 869 2742 neque
884 2675 1058 2744 pauperem

11 2788 76 2858 pro
89 2764 162 2852 ejus
176 2763 332 2832 tenuitate
346 2764 478 2852 spernit.
493 2765 564 2832 Non
575 2765 718 2832 Barbare
734 2766 915 2854 exprobrat,
929 2788 991 2832 nee
1001 2789 1057 2830 eu·

11 2872 166 2940 nuebum
186 2871 274 2958 quusi
296 2893 361 2938 non
377 2873 480 2939 virum
494 2872 630 2963 ableget.
648 2873 721 2941 Non
741 2873 808 2940 odit
826 2874 989 2940 ioeminem
1012 2877 1055 2941 ob

9 2981 132 3072 primae
143 2979 273 3068 originis
287 2980 547 3059 inobedientiam.
559 3006 620 3050 nee
633 2985 736 3051 virum
747 2985 788 3050 ob
802 2983 1055 3074 transgressionis

10 3101 149 3158 reatum
165 3089 336 3178 deturpata
355 3091 412 3157 sed
432 3102 542 3160 omnes
557 3092 623 3159 vult
640 3117 814 3182 omnesque
835 3093 955 3162 alvom
971 3094 1056 3160 desi-

8 3199 123 3276 derat.
144 3197 264 3264 Omnes
284 3197 343 3263 Dei
366 3195 448 3264 filios
463 3211 611 3288 praestare
629 3201 709 3280 volt,
733 3214 922 3292 sanctosque
944 3225 1055 3270 omnes

7 3309 50 3374 in
68 3327 172 3370 unum
187 3303 350 3381 bominem
364 3308 541 3396 perfeetum
558 3323 657 3380 voest.
676 3313 757 3380 Nam
771 3327 804 3379 et
828 3337 908 3381 unus
923 3313 981 3380 Dei
1000 3313 1056 3380 Fi-

7 3415 80 3488 lius
103 3428 166 3491 est,
189 3397 281 3504 cujus
302 3417 399 3484 etiam
419 3441 476 3485 nos
498 3441 630 3488 munero
651 3446 709 3512 per
732 3423 887 3514 Spiritum
908 3437 1054 3492 sanetum

7 3528 129 3619 adepti
148 3529 433 3617 regenerationem,
455 3531 609 3599 inunum
631 3534 809 3622 perfectum
829 3558 868 3602 so
895 3535 1055 3605 ooelestem

7 3637 188 3707 hominem
203 3661 314 3705 omnes
329 3661 498 3708 occurrere
513 3654 669 3730 optamus.

61 3745 121 3816 lv.
142 3748 239 3828 Quod
258 3750 344 3816 enim
368 3749 426 3818 Dei
440 3749 584 3819 Verbum
607 3775 682 3821 oum
703 3766 785 3821 esset
806 3755 910 3821 carnis
929 3777 1056 3847 expers,

10 3871 168 3939 sanetum
183 3881 314 3927 curnem
324 3883 363 3927 ex
374 3871 481 3934 senote
491 3861 622 3954 Virgine
634 3863 750 3941 induit,
763 3877 912 3955 tunquam
923 3887 1057 3956 sponsus

51 3991 140 4042 ¹lsni.
156 4007 205 4052 ιιι,
221 4008 242 4040 ι.
256 3992 347 4042 Mnub.
362 3995 458 4054 xu,18.
