2382 4592
325 258 515 312 srnousrnu
540 255 602 313 iris.
629 273 668 316 ιι.
827 339 836 354 ¹
956 239 1017 341 157

1 420 39 449 ‚e
67 385 127 453 iiio
146 389 339 464 intercedis„
354 390 456 478 privat
476 392 720 458 necessitudine.
744 393 808 474 Qui
828 405 921 485 nogat
939 419 1016 486 ergo

3 528 6 535 ·
32 509 193 573 sutorem,
207 509 299 586 negot
315 498 429 571 vitam;
448 501 599 587 quoniam
612 505 665 568 lua
682 515 747 566 erut
761 501 854 568 uita¹.
870 506 933 569 Eos
945 503 1017 593 qui-

2 630 43 672 am
56 631 124 672 non
137 607 214 672 dicit
223 629 292 672 esse
303 607 429 674 modica
436 608 508 696 fidei
517 603 543 687 ¹,
552 610 608 675 sed
619 609 799 676 infideleset
810 611 994 701 hypocritas
1006 633 1015 680 t

11 746 14 755 ·
33 715 174 780 nominis
186 717 315 804 quidem
327 718 504 806 suscipiunt
515 719 767 812 inscriptionem,
784 719 893 786 fideles
906 735 1013 789 autem

0 862 11 881 ι.
24 854 32 881 ι
46 826 219 913 abnegant.

14 991 219 1064 Deficiente
238 1008 361 1065 autem
380 997 566 1092 sanguinis
589 1002 785 1093 martyrio,
805 996 897 1070 adsit
919 1023 1013 1072 mar⁴

0 1144 2 1149 >
27 1112 102 1180 ium
119 1113 290 1181 virtutis⁸
308 1136 317 1180 ι

10 1265 218 1354 Quicumque
241 1275 346 1330 autem
369 1264 546 1330 Servatoris
566 1265 717 1332 mandata
732 1278 950 1354 exequuntur,
978 1268 1011 1335 in

0 1395 156 1462 aquaque
171 1373 295 1439 actione
309 1382 383 1438 sunt
394 1383 568 1462 martyres,
585 1396 640 1439 seu
657 1385 761 1450 testes,
775 1375 926 1441 facientes
938 1377 1011 1463 qui-

0 1512 30 1539 ,ιι
48 1481 137 1570 quod
150 1479 238 1558 vult,
253 1491 287 1546 et
298 1481 430 1571 perinde
442 1482 641 1548 nominantes
653 1481 845 1558 Dominum,
861 1495 894 1547 et
907 1485 1009 1572 reipsa

0 1601 123 1666 tentes,
149 1591 202 1656 cui
225 1589 360 1656 credunt
376 1611 444 1656 esse
462 1613 556 1666 eum,
578 1591 658 1678 «qui
675 1613 806 1658 earnem
825 1615 914 1658 suam
934 1611 1009 1660 cum

17 1730 22 1755 ·
36 1697 255 1786 cupiscentiis
269 1707 301 1763 et
315 1697 512 1786 passionibus
523 1698 587 1763 suis
603 1694 692 1763 eruci
708 1697 886 1764 affixerunt.
902 1697 936 1768 Si
950 1699 1011 1788 spi·

7 1806 14 1820 '
30 1831 50 1872 u
63 1807 221 1881 vivimus,
236 1805 353 1892 inquit,
371 1803 483 1895 spiritu
499 1803 750 1872 ambulemus.»

17 1971 59 2069 γ’.
72 1978 247 2071 Magnam
264 1971 526 2072 expectandam
548 1996 624 2044 esse
644 1976 806 2069 martyrii
836 1997 1007 2046 remune-

0 2093 143 2160 tionem
157 2115 167 2158 ι

17 2245 100 2324 «Qui
117 2243 257 2310 seminat
271 2245 303 2309 in
319 2267 409 2310 suam
425 2265 573 2319 carnem,
592 2265 631 2308 ex
646 2260 742 2308 earne
758 2253 856 2308 metet
875 2265 1009 2335 eorrup-

0 2347 126 2415 t‘onemz
150 2350 203 2436 qui
222 2359 327 2415 autem
347 2349 481 2414 seminat
497 2349 529 2414 in
549 2347 714 2438 spiritum,
731 2371 770 2412 ex
784 2347 896 2437 spiritu
912 2355 1011 2414 metet

18 2489 20 2494 a
36 2479 77 2523 :m
92 2457 307 2524 aeternsm⁶.»
328 2456 448 2522 Misenis
467 2468 576 2523 autem
599 2455 803 2534 hominibus,
824 2455 910 2543 quoti
928 2478 1012 2544 prae-

1 2571 55 2626 atur
63 2587 120 2652 per
136 2563 324 2652 sanguinem
337 2563 476 2628 Domino
488 2561 696 2650 martyrium,
709 2561 835 2626 videtur
846 2581 915 2626 esse
923 2583 1009 2628 mors

1 2667 204 2747 oientissima,
220 2670 433 2736 nescientibus
448 2665 532 2735 bane
545 2669 657 2734 mortis
674 2669 825 2756 januam,
842 2689 911 2734 esse
926 2691 1008 2736 verse

1 2788 34 2843 te
46 2779 262 2868 principium:
283 2789 316 2843 et
331 2799 391 2844 neu
407 2777 545 2844 bonores
560 2787 633 2866 post
648 2788 786 2845 mortem
801 2795 933 2854 eornm,
952 2778 1009 2868 qni·

2 2897 67 2952 nete
78 2889 247 2963 riserunt,
265 2905 326 2952 nee
337 2884 492 2975 supplicia
506 2907 639 2960 eorum,
653 2884 706 2972 qui
719 2885 837 2974 injuste
852 2898 885 2950 et
900 2883 1009 2951 libidi-

2 3014 40 3058 tte
51 3019 82 3061 se
96 3006 282 3086 gesserunt,
299 2993 409 3060 volunt
425 2992 618 3082 intelligere,
635 3015 702 3058 non
716 3014 756 3057 ex
771 2993 887 3058 nostris
904 2991 1009 3062 solum

4 3103 214 3194 soScripturis
230 3104 317 3190 (nam
329 3103 435 3169 omnia
447 3101 514 3166 sere
525 3099 673 3168 mandata
684 3099 755 3166 haec
769 3100 940 3189 indicant),
952 3101 1008 3167 sed

4 3229 166 3279 usuorum
178 3211 376 3279 sermonibus
387 3208 497 3276 volunt
512 3233 602 3275 aures
618 3207 771 3297 praebere.
787 3207 904 3273 Scribit
921 3207 1008 3276 enim

4 3317 90 3386 benno
108 3319 341 3410 Pythagorica:
360 3317 473 3385 «Esset
494 3318 580 3384 enim
601 3339 711 3382 revera
733 3313 824 3382 malis
845 3315 907 3381 vita
926 3339 1009 3405 epu-

5 3449 69 3505 nm,
91 3430 147 3518 qui
165 3440 334 3519 postquam
354 3427 459 3494 omnia
473 3425 712 3492 ‘commiserunt
733 3422 872 3500 scelera,
894 3421 1011 3489 deinde

5 3537 183 3616 nubuntur,
206 3537 232 3605 si
256 3559 322 3604 non
344 3547 426 3602 esset
445 3536 551 3603 anima
566 3531 786 3610 immortalis,
809 3553 896 3600 mors
925 3544 1012 3600 esset*

10 3700 455 3772 ¹5m.1,4.-¹Mattb.v1,30.

8 3793 79 3865 ⁸Png-
92 3795 144 3851 583
157 3809 243 3864 etseq.

7 3887 137 3950 ‘Galam
152 3897 203 3960 at„
215 3883 321 3942 25·-⁸
334 3887 373 3939 ld.
385 3903 426 3952 rr,
438 3890 463 3942 8.
