<?xml version="1.0" encoding="UTF-8"?>
<!DOCTYPE html PUBLIC "-//W3C//DTD XHTML 1.0 Transitional//EN"
    "http://www.w3.org/TR/xhtml1/DTD/xhtml1-transitional.dtd">
<html xmlns="http://www.w3.org/1999/xhtml" xml:lang="en" lang="en">
 <head>
  <title>
</title>
<meta http-equiv="Content-Type" content="text/html;charset=utf-8" />
  <meta name='ocr-system' content='tesseract 3.04.00' />
  <meta name='ocr-capabilities' content='ocr_page ocr_carea ocr_par ocr_line ocrx_word'/>
</head>
<body>
  <div class='ocr_page' id='page_1' title='image "./collectioselect00guilgoog_0851.png"; bbox 0 0 2532 4608; ppageno 0'>
   <div class='ocr_carea' id='block_1_1' title="bbox 352 299 1070 366">
    <p class='ocr_par' dir='ltr' id='par_1_1' title="bbox 352 299 1070 366">
     <span class='ocr_line' id='line_1_1' title="bbox 352 299 1070 366; baseline 0 -2"><span class='ocrx_word' id='word_1_1' title='bbox 352 320 562 366; x_wconf 71' lang='lat' dir='ltr'><strong>sinemuri</strong></span> <span class='ocrx_word' id='word_1_2' title='bbox 584 321 645 366; x_wconf 80' lang='lat' dir='ltr'><strong>uro.</strong></span> <span class='ocrx_word' id='word_1_3' title='bbox 672 322 727 365; x_wconf 82' lang='lat' dir='ltr'><strong>vu.</strong></span> <span class='ocrx_word' id='word_1_4' title='bbox 1007 299 1070 366; x_wconf 78' lang='lat'><strong>555</strong></span> 
     </span>
    </p>
   </div>
   <div class='ocr_carea' id='block_1_2' title="bbox 41 438 1145 1292">
    <p class='ocr_par' dir='ltr' id='par_1_2' title="bbox 41 438 1145 1292">
     <span class='ocr_line' id='line_1_2' title="bbox 46 438 1072 529; baseline -0.002 -19"><span class='ocrx_word' id='word_1_5' title='bbox 46 440 213 517; x_wconf 82' lang='lat' dir='ltr'><strong>creatione,</strong></span> <span class='ocrx_word' id='word_1_6' title='bbox 230 451 263 506; x_wconf 93' lang='lat' dir='ltr'><strong>et</strong></span> <span class='ocrx_word' id='word_1_7' title='bbox 278 439 393 508; x_wconf 86' lang='lat' dir='ltr'><strong>domus</strong></span> <span class='ocrx_word' id='word_1_8' title='bbox 413 461 507 520; x_wconf 83' lang='lat' dir='ltr'><strong>cure,</strong></span> <span class='ocrx_word' id='word_1_9' title='bbox 525 439 604 508; x_wconf 91' lang='lat' dir='ltr'><strong>citra</strong></span> <span class='ocrx_word' id='word_1_10' title='bbox 621 438 818 529; x_wconf 83' lang='lat' dir='ltr'><strong>voluptatem</strong></span> <span class='ocrx_word' id='word_1_11' title='bbox 833 453 865 506; x_wconf 90' lang='lat' dir='ltr'><strong>et</strong></span> <span class='ocrx_word' id='word_1_12' title='bbox 882 440 1026 510; x_wconf 90' lang='lat' dir='ltr'><strong>dolorem</strong></span> <span class='ocrx_word' id='word_1_13' title='bbox 1037 465 1072 508; x_wconf 86' lang='lat' dir='ltr'><strong>se</strong></span> 
     </span>
     <span class='ocr_line' id='line_1_3' title="bbox 45 547 1071 626; baseline 0.002 -10"><span class='ocrx_word' id='word_1_14' title='bbox 45 562 180 626; x_wconf 78' lang='lat' dir='ltr'>exercet,</span> <span class='ocrx_word' id='word_1_15' title='bbox 196 561 229 615; x_wconf 88' lang='lat' dir='ltr'><strong>et</strong></span> <span class='ocrx_word' id='word_1_16' title='bbox 245 573 319 616; x_wconf 92' lang='lat' dir='ltr'><strong>cum</strong></span> <span class='ocrx_word' id='word_1_17' title='bbox 337 550 371 615; x_wconf 92' lang='lat' dir='ltr'><strong>iu</strong></span> <span class='ocrx_word' id='word_1_18' title='bbox 386 547 513 618; x_wconf 86' lang='lat' dir='ltr'><strong>lamiliae</strong></span> <span class='ocrx_word' id='word_1_19' title='bbox 530 560 674 615; x_wconf 77' lang='lat' dir='ltr'><strong>versetur</strong></span> <span class='ocrx_word' id='word_1_20' title='bbox 693 551 876 626; x_wconf 81' lang='lat' dir='ltr'><strong>curatione,</strong></span> <span class='ocrx_word' id='word_1_21' title='bbox 897 549 1071 618; x_wconf 84' lang='lat' dir='ltr'><strong>indivulsus</strong></span> 
     </span>
     <span class='ocr_line' id='line_1_4' title="bbox 44 659 1073 749; baseline 0.002 -23"><span class='ocrx_word' id='word_1_22' title='bbox 44 673 143 728; x_wconf 88' lang='lat' dir='ltr'><strong>tamen</strong></span> <span class='ocrx_word' id='word_1_23' title='bbox 160 673 208 726; x_wconf 87' lang='lat' dir='ltr'><strong>est</strong></span> <span class='ocrx_word' id='word_1_24' title='bbox 227 685 245 726; x_wconf 91' lang='lat' dir='ltr'><strong>a</strong></span> <span class='ocrx_word' id='word_1_25' title='bbox 267 661 326 726; x_wconf 87' lang='lat' dir='ltr'><strong>Dei</strong></span> <span class='ocrx_word' id='word_1_26' title='bbox 349 659 524 736; x_wconf 82' lang='lat' dir='ltr'><strong>charitate,</strong></span> <span class='ocrx_word' id='word_1_27' title='bbox 547 660 744 749; x_wconf 87' lang='lat' dir='ltr'><strong>insurgitque</strong></span> <span class='ocrx_word' id='word_1_28' title='bbox 767 660 916 727; x_wconf 81' lang='lat' dir='ltr'><strong>adversus</strong></span> <span class='ocrx_word' id='word_1_29' title='bbox 943 683 1073 728; x_wconf 90' lang='lat' dir='ltr'><strong>omnem</strong></span> 
     </span>
     <span class='ocr_line' id='line_1_5' title="bbox 43 766 1145 858; baseline 0 -22"><span class='ocrx_word' id='word_1_30' title='bbox 43 770 242 836; x_wconf 74' lang='lat' dir='ltr'><strong>tentationem</strong></span> <span class='ocrx_word' id='word_1_31' title='bbox 257 791 328 858; x_wconf 74' lang='lat' dir='ltr'><strong>que</strong></span> <span class='ocrx_word' id='word_1_32' title='bbox 356 768 488 836; x_wconf 80' lang='lat' dir='ltr'><strong>affertur</strong></span> <span class='ocrx_word' id='word_1_33' title='bbox 509 791 566 858; x_wconf 88' lang='lat' dir='ltr'><strong>per</strong></span> <span class='ocrx_word' id='word_1_34' title='bbox 586 766 691 850; x_wconf 85' lang='lat' dir='ltr'><strong>filios,</strong></span> <span class='ocrx_word' id='word_1_35' title='bbox 706 789 839 834; x_wconf 82' lang='lat' dir='ltr'><strong>uxorem</strong></span> <span class='ocrx_word' id='word_1_36' title='bbox 861 780 894 834; x_wconf 93' lang='lat' dir='ltr'><strong>et</strong></span> <span class='ocrx_word' id='word_1_37' title='bbox 918 767 1072 848; x_wconf 73' lang='lat' dir='ltr'><strong>timulos,</strong></span> <span class='ocrx_word' id='word_1_38' title='bbox 1141 808 1145 815; x_wconf 95' lang='lat'><em>·</em></span> 
     </span>
     <span class='ocr_line' id='line_1_6' title="bbox 42 874 1074 967; baseline 0 -22"><span class='ocrx_word' id='word_1_39' title='bbox 42 889 78 946; x_wconf 87' lang='lat' dir='ltr'><strong>et</strong></span> <span class='ocrx_word' id='word_1_40' title='bbox 91 878 303 967; x_wconf 84' lang='lat' dir='ltr'><strong>possessiones.</strong></span> <span class='ocrx_word' id='word_1_41' title='bbox 328 877 367 944; x_wconf 85' lang='lat' dir='ltr'><strong>Ei</strong></span> <span class='ocrx_word' id='word_1_42' title='bbox 382 887 490 944; x_wconf 85' lang='lat' dir='ltr'><strong>autem</strong></span> <span class='ocrx_word' id='word_1_43' title='bbox 509 876 565 966; x_wconf 90' lang='lat' dir='ltr'><strong>qui</strong></span> <span class='ocrx_word' id='word_1_44' title='bbox 581 875 713 944; x_wconf 90' lang='lat' dir='ltr'><strong>domum</strong></span> <span class='ocrx_word' id='word_1_45' title='bbox 735 897 800 942; x_wconf 92' lang='lat' dir='ltr'><strong>non</strong></span> <span class='ocrx_word' id='word_1_46' title='bbox 817 874 935 955; x_wconf 84' lang='lat' dir='ltr'><strong>hahet,</strong></span> <span class='ocrx_word' id='word_1_47' title='bbox 958 901 1074 967; x_wconf 80' lang='lat' dir='ltr'><strong>magua</strong></span> 
     </span>
     <span class='ocr_line' id='line_1_7' title="bbox 42 973 1074 1076; baseline 0.001 -24"><span class='ocrx_word' id='word_1_48' title='bbox 42 998 179 1076; x_wconf 82' lang='lat' dir='ltr'><strong>exparte</strong></span> <span class='ocrx_word' id='word_1_49' title='bbox 194 986 299 1055; x_wconf 82' lang='lat' dir='ltr'><strong>evenit</strong></span> <span class='ocrx_word' id='word_1_50' title='bbox 315 997 351 1050; x_wconf 94' lang='lat' dir='ltr'><strong>ut</strong></span> <span class='ocrx_word' id='word_1_51' title='bbox 366 1009 432 1051; x_wconf 91' lang='lat' dir='ltr'><strong>non</strong></span> <span class='ocrx_word' id='word_1_52' title='bbox 448 995 600 1052; x_wconf 88' lang='lat' dir='ltr'><strong>tentetur.</strong></span> <span class='ocrx_word' id='word_1_53' title='bbox 624 984 688 1066; x_wconf 88' lang='lat' dir='ltr'><strong>Qui</strong></span> <span class='ocrx_word' id='word_1_54' title='bbox 711 1007 786 1074; x_wconf 89' lang='lat' dir='ltr'><strong>ergo</strong></span> <span class='ocrx_word' id='word_1_55' title='bbox 805 983 853 1052; x_wconf 90' lang='lat' dir='ltr'><strong>sui</strong></span> <span class='ocrx_word' id='word_1_56' title='bbox 871 973 1074 1052; x_wconf 86' lang='lat' dir='ltr'><strong>solummodo</strong></span> 
     </span>
     <span class='ocr_line' id='line_1_8' title="bbox 42 1077 1074 1183; baseline -0.004 -18"><span class='ocrx_word' id='word_1_57' title='bbox 42 1117 147 1165; x_wconf 80' lang='lat' dir='ltr'><strong>curam</strong></span> <span class='ocrx_word' id='word_1_58' title='bbox 161 1095 262 1183; x_wconf 88' lang='lat' dir='ltr'><strong>gerit,</strong></span> <span class='ocrx_word' id='word_1_59' title='bbox 278 1093 415 1158; x_wconf 89' lang='lat' dir='ltr'><strong>vincitur</strong></span> <span class='ocrx_word' id='word_1_60' title='bbox 430 1094 471 1159; x_wconf 85' lang='lat' dir='ltr'><strong>ab</strong></span> <span class='ocrx_word' id='word_1_61' title='bbox 488 1115 549 1171; x_wconf 88' lang='lat' dir='ltr'><strong>eo,</strong></span> <span class='ocrx_word' id='word_1_62' title='bbox 565 1091 619 1180; x_wconf 87' lang='lat' dir='ltr'><strong>qui</strong></span> <span class='ocrx_word' id='word_1_63' title='bbox 639 1114 713 1159; x_wconf 89' lang='lat' dir='ltr'><strong>cum</strong></span> <span class='ocrx_word' id='word_1_64' title='bbox 734 1092 775 1158; x_wconf 79' lang='lat' dir='ltr'><strong>sit</strong></span> <span class='ocrx_word' id='word_1_65' title='bbox 794 1077 925 1158; x_wconf 84' lang='lat' dir='ltr'><strong>inferior</strong></span> <span class='ocrx_word' id='word_1_66' title='bbox 943 1095 1074 1181; x_wconf 90' lang='lat' dir='ltr'><strong>quidem</strong></span> 
     </span>
     <span class='ocr_line' id='line_1_9' title="bbox 41 1197 1075 1292; baseline -0.002 -20"><span class='ocrx_word' id='word_1_67' title='bbox 41 1204 77 1272; x_wconf 92' lang='lat' dir='ltr'><strong>in</strong></span> <span class='ocrx_word' id='word_1_68' title='bbox 91 1205 125 1270; x_wconf 86' lang='lat' dir='ltr'><strong>iis</strong></span> <span class='ocrx_word' id='word_1_69' title='bbox 146 1204 201 1292; x_wconf 93' lang='lat' dir='ltr'><strong>qui</strong></span> <span class='ocrx_word' id='word_1_70' title='bbox 223 1204 385 1292; x_wconf 80' lang='lat' dir='ltr'><strong>pertinent</strong></span> <span class='ocrx_word' id='word_1_71' title='bbox 405 1204 446 1271; x_wconf 87' lang='lat' dir='ltr'><strong>ad</strong></span> <span class='ocrx_word' id='word_1_72' title='bbox 466 1226 557 1269; x_wconf 82' lang='lat' dir='ltr'><strong>suam</strong></span> <span class='ocrx_word' id='word_1_73' title='bbox 577 1199 729 1280; x_wconf 84' lang='lat' dir='ltr'><strong>salutem,</strong></span> <span class='ocrx_word' id='word_1_74' title='bbox 753 1203 896 1290; x_wconf 81' lang='lat' dir='ltr'><strong>superior</strong></span> <span class='ocrx_word' id='word_1_75' title='bbox 918 1197 1026 1271; x_wconf 87' lang='lat' dir='ltr'><strong>autem</strong></span> <span class='ocrx_word' id='word_1_76' title='bbox 1040 1204 1075 1270; x_wconf 95' lang='lat' dir='ltr'><strong>in</strong></span> 
     </span>
    </p>
   </div>
   <div class='ocr_carea' id='block_1_3' title="bbox 41 1309 1247 1401">
    <p class='ocr_par' dir='ltr' id='par_1_3' title="bbox 41 1309 1247 1401">
     <span class='ocr_line' id='line_1_10' title="bbox 41 1309 1247 1401; baseline 0 -23"><span class='ocrx_word' id='word_1_77' title='bbox 41 1335 169 1392; x_wconf 75' lang='lat' dir='ltr'><strong>eorum,</strong></span> <span class='ocrx_word' id='word_1_78' title='bbox 188 1333 260 1400; x_wconf 70' lang='lat' dir='ltr'><strong>quse</strong></span> <span class='ocrx_word' id='word_1_79' title='bbox 281 1313 320 1378; x_wconf 77' lang='lat' dir='ltr'><strong>ed</strong></span> <span class='ocrx_word' id='word_1_80' title='bbox 345 1312 439 1378; x_wconf 86' lang='lat' dir='ltr'><strong>vitam</strong></span> <span class='ocrx_word' id='word_1_81' title='bbox 466 1320 630 1400; x_wconf 80' lang='lat' dir='ltr'><strong>spectant,</strong></span> <span class='ocrx_word' id='word_1_82' title='bbox 657 1309 908 1399; x_wconf 82' lang='lat' dir='ltr'><strong>dispensatione,</strong></span> <span class='ocrx_word' id='word_1_83' title='bbox 928 1312 1075 1401; x_wconf 81' lang='lat' dir='ltr'><strong>exiguam</strong></span> <span class='ocrx_word' id='word_1_84' title='bbox 1136 1357 1138 1360; x_wconf 94' lang='lat'>-</span> <span class='ocrx_word' id='word_1_85' title='bbox 1246 1315 1247 1326; x_wconf 75' lang='grc'>’</span> 
     </span>
    </p>
   </div>
   <div class='ocr_carea' id='block_1_4' title="bbox 25 1404 1144 3898">
    <p class='ocr_par' dir='ltr' id='par_1_4' title="bbox 25 1404 1144 3898">
     <span class='ocr_line' id='line_1_11' title="bbox 42 1404 1077 1508; baseline 0 -22"><span class='ocrx_word' id='word_1_86' title='bbox 42 1444 150 1486; x_wconf 85' lang='lat' dir='ltr'><strong>revera</strong></span> <span class='ocrx_word' id='word_1_87' title='bbox 165 1429 331 1486; x_wconf 85' lang='lat' dir='ltr'><strong>conservat</strong></span> <span class='ocrx_word' id='word_1_88' title='bbox 353 1420 544 1508; x_wconf 79' lang='lat' dir='ltr'><strong>imaginem,</strong></span> <span class='ocrx_word' id='word_1_89' title='bbox 568 1441 627 1507; x_wconf 87' lang='lat' dir='ltr'><strong>per</strong></span> <span class='ocrx_word' id='word_1_90' title='bbox 641 1417 780 1486; x_wconf 83' lang='lat' dir='ltr'><strong>veritatis</strong></span> <span class='ocrx_word' id='word_1_91' title='bbox 800 1442 922 1486; x_wconf 84' lang='lat' dir='ltr'><strong>curam.</strong></span> <span class='ocrx_word' id='word_1_92' title='bbox 936 1404 1006 1486; x_wconf 76' lang='lat' dir='ltr'><strong>&#39;sed</strong></span> <span class='ocrx_word' id='word_1_93' title='bbox 1021 1442 1077 1486; x_wconf 90' lang='lat' dir='ltr'><strong>no-</strong></span> 
     </span>
     <span class='ocr_line' id='line_1_12' title="bbox 43 1511 1077 1616; baseline 0 -22"><span class='ocrx_word' id='word_1_94' title='bbox 43 1529 93 1602; x_wconf 77' lang='lat' dir='ltr'><strong>bis</strong></span> <span class='ocrx_word' id='word_1_95' title='bbox 108 1511 252 1616; x_wconf 76' lang='lat' dir='ltr'><strong>quidem,</strong></span> <span class='ocrx_word' id='word_1_96' title='bbox 268 1550 364 1616; x_wconf 90' lang='lat' dir='ltr'><strong>quam</strong></span> <span class='ocrx_word' id='word_1_97' title='bbox 380 1527 448 1594; x_wconf 82' lang='lat' dir='ltr'><strong>fieri</strong></span> <span class='ocrx_word' id='word_1_98' title='bbox 471 1537 578 1616; x_wconf 91' lang='lat' dir='ltr'><strong>potest</strong></span> <span class='ocrx_word' id='word_1_99' title='bbox 592 1527 750 1605; x_wconf 80' lang='lat' dir='ltr'><strong>maxime,</strong></span> <span class='ocrx_word' id='word_1_100' title='bbox 771 1527 859 1616; x_wconf 88' lang='lat' dir='ltr'><strong>prius</strong></span> <span class='ocrx_word' id='word_1_101' title='bbox 884 1528 970 1594; x_wconf 82' lang='lat' dir='ltr'><strong>varie</strong></span> <span class='ocrx_word' id='word_1_102' title='bbox 989 1549 1077 1594; x_wconf 68' lang='lat' dir='ltr'><strong>exer</strong></span> 
     </span>
     <span class='ocr_line' id='line_1_13' title="bbox 28 1634 1077 1725; baseline 0 -23"><span class='ocrx_word' id='word_1_103' title='bbox 28 1635 140 1712; x_wconf 80' lang='lat' dir='ltr'><strong>,conda</strong></span> <span class='ocrx_word' id='word_1_104' title='bbox 158 1649 205 1702; x_wconf 88' lang='lat' dir='ltr'><strong>est</strong></span> <span class='ocrx_word' id='word_1_105' title='bbox 223 1637 347 1714; x_wconf 89' lang='lat' dir='ltr'><strong>anima,</strong></span> <span class='ocrx_word' id='word_1_106' title='bbox 364 1647 401 1705; x_wconf 92' lang='lat' dir='ltr'><strong>ut</strong></span> <span class='ocrx_word' id='word_1_107' title='bbox 417 1635 458 1702; x_wconf 87' lang='lat' dir='ltr'><strong>od</strong></span> <span class='ocrx_word' id='word_1_108' title='bbox 475 1634 712 1725; x_wconf 80' lang='lat' dir='ltr'><strong>suscipiendam</strong></span> <span class='ocrx_word' id='word_1_109' title='bbox 734 1635 949 1723; x_wconf 86' lang='lat' dir='ltr'><strong>cognitionem</strong></span> <span class='ocrx_word' id='word_1_110' title='bbox 964 1636 1006 1700; x_wconf 88' lang='lat' dir='ltr'><strong>sit</strong></span> <span class='ocrx_word' id='word_1_111' title='bbox 1019 1659 1077 1702; x_wconf 86' lang='lat' dir='ltr'><strong>ex-</strong></span> 
     </span>
     <span class='ocr_line' id='line_1_14' title="bbox 39 1740 1076 1833; baseline -0.003 -22"><span class='ocrx_word' id='word_1_112' title='bbox 39 1745 144 1833; x_wconf 84' lang='lat' dir='ltr'><strong>pedito</strong></span> <span class='ocrx_word' id='word_1_113' title='bbox 158 1756 190 1810; x_wconf 91' lang='lat' dir='ltr'><strong>et</strong></span> <span class='ocrx_word' id='word_1_114' title='bbox 202 1743 311 1812; x_wconf 81' lang='lat' dir='ltr'><strong>facilis.</strong></span> <span class='ocrx_word' id='word_1_115' title='bbox 328 1743 400 1811; x_wconf 92' lang='lat' dir='ltr'><strong>Non</strong></span> <span class='ocrx_word' id='word_1_116' title='bbox 418 1742 529 1810; x_wconf 84' lang='lat' dir='ltr'><strong>ridetis</strong></span> <span class='ocrx_word' id='word_1_117' title='bbox 544 1741 708 1830; x_wconf 91' lang='lat' dir='ltr'><strong>quomodo</strong></span> <span class='ocrx_word' id='word_1_118' title='bbox 719 1740 862 1808; x_wconf 87' lang='lat' dir='ltr'><strong>mollitur</strong></span> <span class='ocrx_word' id='word_1_119' title='bbox 876 1763 950 1808; x_wconf 87' lang='lat' dir='ltr'><strong>cera</strong></span> <span class='ocrx_word' id='word_1_120' title='bbox 961 1753 1076 1833; x_wconf 89' lang='lat' dir='ltr'><strong>etpur-</strong></span> 
     </span>
     <span class='ocr_line' id='line_1_15' title="bbox 39 1847 1079 1941; baseline 0 -25"><span class='ocrx_word' id='word_1_121' title='bbox 39 1865 133 1941; x_wconf 75' lang='lat' dir='ltr'><strong>gctur</strong></span> <span class='ocrx_word' id='word_1_122' title='bbox 146 1875 208 1930; x_wconf 78' lang='lat' dir='ltr'><strong>sas,</strong></span> <span class='ocrx_word' id='word_1_123' title='bbox 236 1862 272 1916; x_wconf 90' lang='lat' dir='ltr'><strong>ut</strong></span> <span class='ocrx_word' id='word_1_124' title='bbox 293 1873 412 1918; x_wconf 80' lang='lat' dir='ltr'><strong>novum</strong></span> <span class='ocrx_word' id='word_1_125' title='bbox 434 1850 571 1938; x_wconf 84' lang='lat' dir='ltr'><strong>accipiat</strong></span> <span class='ocrx_word' id='word_1_126' title='bbox 594 1847 834 1928; x_wconf 65' lang='lat' dir='ltr'><strong>characterem?</strong></span> <span class='ocrx_word' id='word_1_127' title='bbox 856 1847 929 1915; x_wconf 79' lang='lat' dir='ltr'><strong>lam</strong></span> <span class='ocrx_word' id='word_1_128' title='bbox 947 1873 1023 1918; x_wconf 84' lang='lat' dir='ltr'><strong>vero</strong></span> <span class='ocrx_word' id='word_1_129' title='bbox 1042 1863 1079 1918; x_wconf 88' lang='lat' dir='ltr'><strong>ut</strong></span> 
     </span>
     <span class='ocr_line' id='line_1_16' title="bbox 40 1956 1078 2047; baseline -0.005 -18"><span class='ocrx_word' id='word_1_130' title='bbox 40 1983 128 2030; x_wconf 88' lang='lat' dir='ltr'><strong>mors</strong></span> <span class='ocrx_word' id='word_1_131' title='bbox 143 1971 191 2026; x_wconf 82' lang='lat' dir='ltr'><strong>est</strong></span> <span class='ocrx_word' id='word_1_132' title='bbox 205 1958 319 2026; x_wconf 82' lang='lat' dir='ltr'><strong>enimae</strong></span> <span class='ocrx_word' id='word_1_133' title='bbox 334 1959 489 2047; x_wconf 82' lang='lat' dir='ltr'><strong>separatio</strong></span> <span class='ocrx_word' id='word_1_134' title='bbox 502 1983 521 2024; x_wconf 84' lang='lat' dir='ltr'><strong>a</strong></span> <span class='ocrx_word' id='word_1_135' title='bbox 533 1980 685 2045; x_wconf 90' lang='lat' dir='ltr'><strong>corpore,</strong></span> <span class='ocrx_word' id='word_1_136' title='bbox 701 1957 745 2024; x_wconf 92' lang='lat' dir='ltr'><strong>ita</strong></span> <span class='ocrx_word' id='word_1_137' title='bbox 764 1956 904 2046; x_wconf 79' lang='lat' dir='ltr'><strong>cognitio</strong></span> <span class='ocrx_word' id='word_1_138' title='bbox 918 1970 967 2024; x_wconf 86' lang='lat' dir='ltr'><strong>est</strong></span> <span class='ocrx_word' id='word_1_139' title='bbox 981 1957 1078 2024; x_wconf 79' lang='lat' dir='ltr'><strong>veluti</strong></span> 
     </span>
     <span class='ocr_line' id='line_1_17' title="bbox 38 2065 1078 2154; baseline 0 -20"><span class='ocrx_word' id='word_1_140' title='bbox 38 2091 126 2134; x_wconf 88' lang='lat' dir='ltr'><strong>mors</strong></span> <span class='ocrx_word' id='word_1_141' title='bbox 141 2065 322 2142; x_wconf 84' lang='lat' dir='ltr'><strong>rationalis,</strong></span> <span class='ocrx_word' id='word_1_142' title='bbox 342 2065 504 2132; x_wconf 85' lang='lat' dir='ltr'><strong>abducens</strong></span> <span class='ocrx_word' id='word_1_143' title='bbox 524 2077 557 2130; x_wconf 90' lang='lat' dir='ltr'><strong>et</strong></span> <span class='ocrx_word' id='word_1_144' title='bbox 571 2087 722 2154; x_wconf 83' lang='lat' dir='ltr'><strong>separans</strong></span> <span class='ocrx_word' id='word_1_145' title='bbox 735 2065 875 2133; x_wconf 86' lang='lat' dir='ltr'><strong>animam</strong></span> <span class='ocrx_word' id='word_1_146' title='bbox 898 2091 917 2134; x_wconf 85' lang='lat' dir='ltr'><strong>a</strong></span> <span class='ocrx_word' id='word_1_147' title='bbox 938 2067 1078 2134; x_wconf 87' lang='lat' dir='ltr'><strong>motibus</strong></span> 
     </span>
     <span class='ocr_line' id='line_1_18' title="bbox 36 2171 1079 2266; baseline 0 -24"><span class='ocrx_word' id='word_1_148' title='bbox 36 2189 71 2242; x_wconf 89' lang='lat' dir='ltr'><strong>et</strong></span> <span class='ocrx_word' id='word_1_149' title='bbox 89 2175 402 2266; x_wconf 78' lang='lat' dir='ltr'><strong>perturbationibus,</strong></span> <span class='ocrx_word' id='word_1_150' title='bbox 426 2185 459 2238; x_wconf 86' lang='lat' dir='ltr'><strong>et</strong></span> <span class='ocrx_word' id='word_1_151' title='bbox 474 2171 635 2240; x_wconf 89' lang='lat' dir='ltr'><strong>deducens</strong></span> <span class='ocrx_word' id='word_1_152' title='bbox 651 2173 692 2240; x_wconf 86' lang='lat' dir='ltr'><strong>od</strong></span> <span class='ocrx_word' id='word_1_153' title='bbox 714 2173 812 2239; x_wconf 85' lang='lat' dir='ltr'><strong>vitam</strong></span> <span class='ocrx_word' id='word_1_154' title='bbox 828 2175 984 2242; x_wconf 88' lang='lat' dir='ltr'><strong>honarum</strong></span> <span class='ocrx_word' id='word_1_155' title='bbox 1000 2200 1079 2266; x_wconf 90' lang='lat' dir='ltr'><strong>opo-</strong></span> 
     </span>
     <span class='ocr_line' id='line_1_19' title="bbox 35 2265 1078 2362; baseline -0.002 -10"><span class='ocrx_word' id='word_1_156' title='bbox 35 2286 221 2362; x_wconf 86' lang='lat' dir='ltr'><strong>rationum,</strong></span> <span class='ocrx_word' id='word_1_157' title='bbox 240 2295 275 2350; x_wconf 91' lang='lat' dir='ltr'><strong>ut</strong></span> <span class='ocrx_word' id='word_1_158' title='bbox 286 2296 365 2349; x_wconf 89' lang='lat' dir='ltr'><strong>tunc</strong></span> <span class='ocrx_word' id='word_1_159' title='bbox 379 2284 447 2350; x_wconf 89' lang='lat' dir='ltr'><strong>Deo</strong></span> <span class='ocrx_word' id='word_1_160' title='bbox 463 2265 547 2348; x_wconf 85' lang='lat' dir='ltr'><strong>dicat</strong></span> <span class='ocrx_word' id='word_1_161' title='bbox 562 2280 680 2348; x_wconf 89' lang='lat' dir='ltr'><strong>libero:</strong></span> <span class='ocrx_word' id='word_1_162' title='bbox 699 2279 731 2345; x_wconf 84' lang='lat' dir='ltr'><em>V</em></span> <span class='ocrx_word' id='word_1_163' title='bbox 732 2281 779 2348; x_wconf 83' lang='lat' dir='ltr'><strong>ico</strong></span> <span class='ocrx_word' id='word_1_164' title='bbox 791 2281 868 2348; x_wconf 82' lang='lat' dir='ltr'><strong>sicat</strong></span> <span class='ocrx_word' id='word_1_165' title='bbox 880 2295 912 2348; x_wconf 88' lang='lat' dir='ltr'><strong>to</strong></span> <span class='ocrx_word' id='word_1_166' title='bbox 923 2283 978 2350; x_wconf 79' lang='lat' dir='ltr'><strong>vis.</strong></span> <span class='ocrx_word' id='word_1_167' title='bbox 997 2285 1078 2352; x_wconf 87' lang='lat' dir='ltr'><strong>Nam</strong></span> 
     </span>
     <span class='ocr_line' id='line_1_20' title="bbox 35 2388 1079 2482; baseline -0.002 -22"><span class='ocrx_word' id='word_1_168' title='bbox 35 2395 198 2482; x_wconf 79' lang='lat' dir='ltr'><strong>cujusest</strong></span> <span class='ocrx_word' id='word_1_169' title='bbox 216 2393 397 2458; x_wconf 87' lang='lat' dir='ltr'><strong>institutum</strong></span> <span class='ocrx_word' id='word_1_170' title='bbox 418 2403 452 2456; x_wconf 91' lang='lat' dir='ltr'><strong>ut</strong></span> <span class='ocrx_word' id='word_1_171' title='bbox 466 2389 591 2481; x_wconf 84' lang='lat' dir='ltr'><strong>placeat</strong></span> <span class='ocrx_word' id='word_1_172' title='bbox 604 2388 806 2468; x_wconf 89' lang='lat' dir='ltr'><strong>hominibus,</strong></span> <span class='ocrx_word' id='word_1_173' title='bbox 824 2392 850 2456; x_wconf 88' lang='lat' dir='ltr'><strong>is</strong></span> <span class='ocrx_word' id='word_1_174' title='bbox 870 2392 938 2458; x_wconf 89' lang='lat' dir='ltr'><strong>Deo</strong></span> <span class='ocrx_word' id='word_1_175' title='bbox 952 2390 1079 2482; x_wconf 79' lang='lat' dir='ltr'><strong>placere</strong></span> 
     </span>
     <span class='ocr_line' id='line_1_21' title="bbox 34 2502 1080 2595; baseline -0.004 -21"><span class='ocrx_word' id='word_1_176' title='bbox 34 2528 105 2575; x_wconf 84' lang='lat' dir='ltr'><strong>non</strong></span> <span class='ocrx_word' id='word_1_177' title='bbox 121 2515 245 2593; x_wconf 88' lang='lat' dir='ltr'><strong>potest:</strong></span> <span class='ocrx_word' id='word_1_178' title='bbox 264 2504 414 2595; x_wconf 88' lang='lat' dir='ltr'><strong>quoniam</strong></span> <span class='ocrx_word' id='word_1_179' title='bbox 430 2527 495 2570; x_wconf 92' lang='lat' dir='ltr'><strong>non</strong></span> <span class='ocrx_word' id='word_1_180' title='bbox 513 2525 583 2592; x_wconf 85' lang='lat' dir='ltr'><strong>quae</strong></span> <span class='ocrx_word' id='word_1_181' title='bbox 604 2502 790 2578; x_wconf 86' lang='lat' dir='ltr'><strong>conferunt,</strong></span> <span class='ocrx_word' id='word_1_182' title='bbox 815 2502 871 2583; x_wconf 82' lang='lat' dir='ltr'><strong>sed</strong></span> <span class='ocrx_word' id='word_1_183' title='bbox 883 2526 957 2590; x_wconf 77' lang='lat' dir='ltr'><strong>que</strong></span> <span class='ocrx_word' id='word_1_184' title='bbox 972 2502 1080 2570; x_wconf 90' lang='lat' dir='ltr'><strong>delec-</strong></span> 
     </span>
     <span class='ocr_line' id='line_1_22' title="bbox 33 2609 1080 2704; baseline -0.002 -24"><span class='ocrx_word' id='word_1_185' title='bbox 33 2625 107 2680; x_wconf 79' lang='lat' dir='ltr'><strong>tent</strong></span> <span class='ocrx_word' id='word_1_186' title='bbox 124 2612 269 2703; x_wconf 77' lang='lat' dir='ltr'><strong>plerique</strong></span> <span class='ocrx_word' id='word_1_187' title='bbox 284 2612 423 2704; x_wconf 86' lang='lat' dir='ltr'><strong>eligunt:</strong></span> <span class='ocrx_word' id='word_1_188' title='bbox 439 2612 497 2700; x_wconf 88' lang='lat' dir='ltr'><strong>qui</strong></span> <span class='ocrx_word' id='word_1_189' title='bbox 512 2623 620 2677; x_wconf 87' lang='lat' dir='ltr'><strong>nutem</strong></span> <span class='ocrx_word' id='word_1_190' title='bbox 636 2612 705 2676; x_wconf 90' lang='lat' dir='ltr'><strong>Deo</strong></span> <span class='ocrx_word' id='word_1_191' title='bbox 723 2609 846 2699; x_wconf 88' lang='lat' dir='ltr'><strong>placet,</strong></span> <span class='ocrx_word' id='word_1_192' title='bbox 869 2612 960 2677; x_wconf 86' lang='lat' dir='ltr'><strong>bonis</strong></span> <span class='ocrx_word' id='word_1_193' title='bbox 978 2611 1080 2678; x_wconf 87' lang='lat' dir='ltr'><strong>homi-</strong></span> 
     </span>
     <span class='ocr_line' id='line_1_23' title="bbox 31 2719 1144 2810; baseline -0.002 -22"><span class='ocrx_word' id='word_1_194' title='bbox 31 2723 132 2788; x_wconf 84' lang='lat' dir='ltr'><strong>nibus</strong></span> <span class='ocrx_word' id='word_1_195' title='bbox 146 2744 204 2810; x_wconf 89' lang='lat' dir='ltr'><strong>per</strong></span> <span class='ocrx_word' id='word_1_196' title='bbox 219 2721 479 2809; x_wconf 85' lang='lat' dir='ltr'><strong>consequentiam</strong></span> <span class='ocrx_word' id='word_1_197' title='bbox 497 2719 534 2784; x_wconf 90' lang='lat' dir='ltr'><strong>fit</strong></span> <span class='ocrx_word' id='word_1_198' title='bbox 550 2730 658 2808; x_wconf 85' lang='lat' dir='ltr'><strong>gratus</strong></span> <span class='ocrx_word' id='word_1_199' title='bbox 674 2729 707 2784; x_wconf 89' lang='lat' dir='ltr'><strong>et</strong></span> <span class='ocrx_word' id='word_1_200' title='bbox 725 2731 884 2808; x_wconf 82' lang='lat' dir='ltr'><strong>acceptus.</strong></span> <span class='ocrx_word' id='word_1_201' title='bbox 907 2722 1080 2801; x_wconf 85' lang='lat' dir='ltr'><strong>Quomodo</strong></span> <span class='ocrx_word' id='word_1_202' title='bbox 1141 2743 1144 2750; x_wconf 87' lang='lat'>·</span> 
     </span>
     <span class='ocr_line' id='line_1_24' title="bbox 31 2825 1078 2919; baseline -0.001 -24"><span class='ocrx_word' id='word_1_203' title='bbox 31 2853 115 2918; x_wconf 88' lang='lat' dir='ltr'><strong>ergo</strong></span> <span class='ocrx_word' id='word_1_204' title='bbox 131 2830 223 2895; x_wconf 87' lang='lat' dir='ltr'><strong>cibus</strong></span> <span class='ocrx_word' id='word_1_205' title='bbox 238 2841 270 2895; x_wconf 91' lang='lat' dir='ltr'><strong>et</strong></span> <span class='ocrx_word' id='word_1_206' title='bbox 285 2843 380 2919; x_wconf 88' lang='lat' dir='ltr'><strong>potus</strong></span> <span class='ocrx_word' id='word_1_207' title='bbox 395 2839 427 2895; x_wconf 92' lang='lat' dir='ltr'><strong>et</strong></span> <span class='ocrx_word' id='word_1_208' title='bbox 439 2851 541 2904; x_wconf 53' lang='lat' dir='ltr'><strong>,venus</strong></span> <span class='ocrx_word' id='word_1_209' title='bbox 556 2827 585 2894; x_wconf 89' lang='lat' dir='ltr'><strong>ci</strong></span> <span class='ocrx_word' id='word_1_210' title='bbox 605 2825 739 2916; x_wconf 89' lang='lat' dir='ltr'><strong>amplius</strong></span> <span class='ocrx_word' id='word_1_211' title='bbox 759 2827 854 2892; x_wconf 84' lang='lat' dir='ltr'><strong>fuerit</strong></span> <span class='ocrx_word' id='word_1_212' title='bbox 870 2827 1078 2907; x_wconf 85' lang='lat' dir='ltr'><strong>delectabilis,</strong></span> 
     </span>
     <span class='ocr_line' id='line_1_25' title="bbox 32 2934 1080 3026; baseline 0.003 -24"><span class='ocrx_word' id='word_1_213' title='bbox 32 2959 118 3002; x_wconf 85' lang='lat' dir='ltr'><strong>cum</strong></span> <span class='ocrx_word' id='word_1_214' title='bbox 133 2936 230 3002; x_wconf 82' lang='lat' dir='ltr'><strong>etiem</strong></span> <span class='ocrx_word' id='word_1_215' title='bbox 245 2961 423 3004; x_wconf 86' lang='lat' dir='ltr'><strong>sermonem</strong></span> <span class='ocrx_word' id='word_1_216' title='bbox 438 2937 492 3026; x_wconf 78' lang='lat' dir='ltr'><strong>qui</strong></span> <span class='ocrx_word' id='word_1_217' title='bbox 512 2935 650 3025; x_wconf 75' lang='lat' dir='ltr'><strong>aliquam</strong></span> <span class='ocrx_word' id='word_1_218' title='bbox 666 2935 758 3002; x_wconf 78' lang='lat' dir='ltr'><strong>affert</strong></span> <span class='ocrx_word' id='word_1_219' title='bbox 773 2934 987 3025; x_wconf 81' lang='lat' dir='ltr'><strong>voluptatem,</strong></span> <span class='ocrx_word' id='word_1_220' title='bbox 1006 2963 1080 3004; x_wconf 87' lang='lat' dir='ltr'><strong>mo-</strong></span> 
     </span>
     <span class='ocr_line' id='line_1_26' title="bbox 32 3045 1080 3135; baseline 0 -21"><span class='ocrx_word' id='word_1_221' title='bbox 32 3057 178 3132; x_wconf 83' lang='lat' dir='ltr'><strong>tumque</strong></span> <span class='ocrx_word' id='word_1_222' title='bbox 203 3045 400 3133; x_wconf 78' lang='lat' dir='ltr'><strong>cogitationis</strong></span> <span class='ocrx_word' id='word_1_223' title='bbox 429 3056 462 3112; x_wconf 89' lang='lat' dir='ltr'><strong>et</strong></span> <span class='ocrx_word' id='word_1_224' title='bbox 484 3045 703 3135; x_wconf 79' lang='lat' dir='ltr'><strong>operationem</strong></span> <span class='ocrx_word' id='word_1_225' title='bbox 729 3045 932 3132; x_wconf 88' lang='lat' dir='ltr'><strong>jucundam,</strong></span> <span class='ocrx_word' id='word_1_226' title='bbox 963 3046 1080 3114; x_wconf 85' lang='lat' dir='ltr'><strong>habeat</strong></span> 
     </span>
     <span class='ocr_line' id='line_1_27' title="bbox 30 3151 1078 3242; baseline 0.003 -23"><span class='ocrx_word' id='word_1_227' title='bbox 30 3152 247 3242; x_wconf 73' lang='lat' dir='ltr'><strong>suspectam?</strong></span> <span class='ocrx_word' id='word_1_228' title='bbox 258 3151 355 3218; x_wconf 71' lang='lat' dir='ltr'><strong>Nono</strong></span> <span class='ocrx_word' id='word_1_229' title='bbox 369 3153 455 3220; x_wconf 88' lang='lat' dir='ltr'><strong>enim</strong></span> <span class='ocrx_word' id='word_1_230' title='bbox 467 3165 563 3240; x_wconf 78' lang='lat' dir='ltr'><strong>potest</strong></span> <span class='ocrx_word' id='word_1_231' title='bbox 583 3152 700 3220; x_wconf 79' lang='lat' dir='ltr'><strong>duobus</strong></span> <span class='ocrx_word' id='word_1_232' title='bbox 718 3152 849 3219; x_wconf 71' lang='lat' dir='ltr'><strong>dominis</strong></span> <span class='ocrx_word' id='word_1_233' title='bbox 869 3155 994 3232; x_wconf 79' lang='lat' dir='ltr'><strong>seruire,</strong></span> <span class='ocrx_word' id='word_1_234' title='bbox 1011 3157 1078 3223; x_wconf 86' lang='lat' dir='ltr'><strong>Deo</strong></span> 
     </span>
     <span class='ocr_line' id='line_1_28' title="bbox 28 3259 1078 3351; baseline 0.001 -20"><span class='ocrx_word' id='word_1_235' title='bbox 28 3275 64 3332; x_wconf 85' lang='lat' dir='ltr'><strong>et</strong></span> <span class='ocrx_word' id='word_1_236' title='bbox 73 3259 274 3328; x_wconf 74' lang='lat' dir='ltr'><strong>mammone*</strong></span> <span class='ocrx_word' id='word_1_237' title='bbox 295 3284 387 3328; x_wconf 90' lang='lat' dir='ltr'><strong>:non</strong></span> <span class='ocrx_word' id='word_1_238' title='bbox 399 3262 568 3350; x_wconf 86' lang='lat' dir='ltr'><strong>pecuniam</strong></span> <span class='ocrx_word' id='word_1_239' title='bbox 580 3259 757 3351; x_wconf 87' lang='lat' dir='ltr'><strong>intelligens</strong></span> <span class='ocrx_word' id='word_1_240' title='bbox 766 3263 907 3328; x_wconf 84' lang='lat' dir='ltr'><strong>sicunde</strong></span> <span class='ocrx_word' id='word_1_241' title='bbox 919 3264 1012 3341; x_wconf 90' lang='lat' dir='ltr'><strong>dicit,</strong></span> <span class='ocrx_word' id='word_1_242' title='bbox 1022 3267 1078 3332; x_wconf 85' lang='lat' dir='ltr'><strong>sed</strong></span> 
     </span>
     <span class='ocr_line' id='line_1_29' title="bbox 28 3369 1074 3462; baseline 0.002 -23"><span class='ocrx_word' id='word_1_243' title='bbox 28 3371 333 3461; x_wconf 80' lang='lat' dir='ltr'><strong>suppeditationem</strong></span> <span class='ocrx_word' id='word_1_244' title='bbox 353 3393 424 3458; x_wconf 81' lang='lat' dir='ltr'><strong>quae</strong></span> <span class='ocrx_word' id='word_1_245' title='bbox 449 3369 486 3436; x_wconf 89' lang='lat' dir='ltr'><strong>tit</strong></span> <span class='ocrx_word' id='word_1_246' title='bbox 504 3395 522 3436; x_wconf 88' lang='lat' dir='ltr'><strong>a</strong></span> <span class='ocrx_word' id='word_1_247' title='bbox 543 3371 679 3460; x_wconf 84' lang='lat' dir='ltr'><strong>pecunie</strong></span> <span class='ocrx_word' id='word_1_248' title='bbox 704 3371 736 3436; x_wconf 90' lang='lat' dir='ltr'><strong>in</strong></span> <span class='ocrx_word' id='word_1_249' title='bbox 762 3370 863 3436; x_wconf 81' lang='lat' dir='ltr'><strong>variae</strong></span> <span class='ocrx_word' id='word_1_250' title='bbox 889 3370 1074 3462; x_wconf 86' lang='lat' dir='ltr'><strong>voluptates.</strong></span> 
     </span>
     <span class='ocr_line' id='line_1_30' title="bbox 27 3478 1078 3570; baseline 0 -20"><span class='ocrx_word' id='word_1_251' title='bbox 27 3482 162 3550; x_wconf 81' lang='lat' dir='ltr'><strong>Revera</strong></span> <span class='ocrx_word' id='word_1_252' title='bbox 173 3505 239 3546; x_wconf 93' lang='lat' dir='ltr'><strong>non</strong></span> <span class='ocrx_word' id='word_1_253' title='bbox 256 3491 359 3570; x_wconf 89' lang='lat' dir='ltr'><strong>potest</strong></span> <span class='ocrx_word' id='word_1_254' title='bbox 373 3478 442 3544; x_wconf 88' lang='lat' dir='ltr'><strong>lieri</strong></span> <span class='ocrx_word' id='word_1_255' title='bbox 458 3489 494 3544; x_wconf 88' lang='lat' dir='ltr'><strong>ut</strong></span> <span class='ocrx_word' id='word_1_256' title='bbox 509 3479 564 3567; x_wconf 91' lang='lat' dir='ltr'><strong>qui</strong></span> <span class='ocrx_word' id='word_1_257' title='bbox 578 3479 682 3545; x_wconf 91' lang='lat' dir='ltr'><strong>Deum</strong></span> <span class='ocrx_word' id='word_1_258' title='bbox 703 3480 850 3568; x_wconf 87' lang='lat' dir='ltr'><strong>cognovit</strong></span> <span class='ocrx_word' id='word_1_259' title='bbox 867 3482 1034 3570; x_wconf 84' lang='lat' dir='ltr'><strong>magnifice</strong></span> <span class='ocrx_word' id='word_1_260' title='bbox 1046 3497 1078 3550; x_wconf 92' lang='lat' dir='ltr'><strong>et</strong></span> 
     </span>
     <span class='ocr_line' id='line_1_31' title="bbox 27 3586 1077 3682; baseline 0.003 -26"><span class='ocrx_word' id='word_1_261' title='bbox 27 3613 130 3666; x_wconf 81' lang='lat' dir='ltr'><strong>vere,</strong></span> <span class='ocrx_word' id='word_1_262' title='bbox 157 3590 203 3655; x_wconf 84' lang='lat' dir='ltr'><strong>cis</strong></span> <span class='ocrx_word' id='word_1_263' title='bbox 223 3613 292 3677; x_wconf 86' lang='lat' dir='ltr'><strong>quae</strong></span> <span class='ocrx_word' id='word_1_264' title='bbox 314 3587 520 3656; x_wconf 83' lang='lat' dir='ltr'><strong>adversantur</strong></span> <span class='ocrx_word' id='word_1_265' title='bbox 540 3586 655 3654; x_wconf 83' lang='lat' dir='ltr'><strong>serviat</strong></span> <span class='ocrx_word' id='word_1_266' title='bbox 676 3586 901 3677; x_wconf 78' lang='lat' dir='ltr'><strong>voluptatibus.</strong></span> <span class='ocrx_word' id='word_1_267' title='bbox 928 3592 983 3656; x_wconf 88' lang='lat' dir='ltr'><strong>Est</strong></span> <span class='ocrx_word' id='word_1_268' title='bbox 1001 3617 1077 3682; x_wconf 89' lang='lat' dir='ltr'><strong>ergo</strong></span> 
     </span>
     <span class='ocr_line' id='line_1_32' title="bbox 27 3696 1078 3788; baseline 0.005 -22"><span class='ocrx_word' id='word_1_269' title='bbox 27 3725 121 3766; x_wconf 89' lang='lat' dir='ltr'><strong>unus</strong></span> <span class='ocrx_word' id='word_1_270' title='bbox 133 3700 265 3788; x_wconf 88' lang='lat' dir='ltr'><strong>quidem</strong></span> <span class='ocrx_word' id='word_1_271' title='bbox 281 3698 366 3766; x_wconf 84' lang='lat' dir='ltr'><strong>solus</strong></span> <span class='ocrx_word' id='word_1_272' title='bbox 380 3701 421 3764; x_wconf 88' lang='lat' dir='ltr'><strong>ab</strong></span> <span class='ocrx_word' id='word_1_273' title='bbox 431 3699 520 3766; x_wconf 91' lang='lat' dir='ltr'><strong>omni</strong></span> <span class='ocrx_word' id='word_1_274' title='bbox 533 3697 708 3788; x_wconf 88' lang='lat' dir='ltr'><strong>cupiditate</strong></span> <span class='ocrx_word' id='word_1_275' title='bbox 722 3696 891 3766; x_wconf 88' lang='lat' dir='ltr'><strong>alienusah</strong></span> <span class='ocrx_word' id='word_1_276' title='bbox 902 3701 1006 3781; x_wconf 92' lang='lat' dir='ltr'><strong>initio,</strong></span> <span class='ocrx_word' id='word_1_277' title='bbox 1025 3706 1078 3770; x_wconf 86' lang='lat' dir='ltr'><strong>be·</strong></span> 
     </span>
     <span class='ocr_line' id='line_1_33' title="bbox 25 3807 1078 3898; baseline 0.003 -23"><span class='ocrx_word' id='word_1_278' title='bbox 25 3809 154 3898; x_wconf 85' lang='lat' dir='ltr'><strong>nignus</strong></span> <span class='ocrx_word' id='word_1_279' title='bbox 177 3821 211 3874; x_wconf 91' lang='lat' dir='ltr'><strong>et</strong></span> <span class='ocrx_word' id='word_1_280' title='bbox 233 3807 372 3875; x_wconf 87' lang='lat' dir='ltr'><strong>clemens</strong></span> <span class='ocrx_word' id='word_1_281' title='bbox 394 3809 571 3885; x_wconf 86' lang='lat' dir='ltr'><strong>Dominus,</strong></span> <span class='ocrx_word' id='word_1_282' title='bbox 601 3808 656 3896; x_wconf 90' lang='lat' dir='ltr'><strong>qui</strong></span> <span class='ocrx_word' id='word_1_283' title='bbox 682 3819 814 3898; x_wconf 92' lang='lat' dir='ltr'><strong>propter</strong></span> <span class='ocrx_word' id='word_1_284' title='bbox 841 3833 897 3878; x_wconf 88' lang='lat' dir='ltr'><strong>nos</strong></span> <span class='ocrx_word' id='word_1_285' title='bbox 911 3810 1012 3880; x_wconf 87' lang='lat' dir='ltr'><strong>sactus</strong></span> <span class='ocrx_word' id='word_1_286' title='bbox 1030 3825 1078 3879; x_wconf 84' lang='lat' dir='ltr'><strong>est</strong></span> 
     </span>
    </p>
   </div>
   <div class='ocr_carea' id='block_1_5' title="bbox 73 3951 483 4020">
    <p class='ocr_par' dir='ltr' id='par_1_5' title="bbox 73 3951 483 4020">
     <span class='ocr_line' id='line_1_34' title="bbox 73 3951 483 4020; baseline -0.007 -15"><span class='ocrx_word' id='word_1_287' title='bbox 73 3951 83 3976; x_wconf 85' lang='lat'><em>¹</em></span> <span class='ocrx_word' id='word_1_288' title='bbox 99 3955 241 4020; x_wconf 71' lang='lat' dir='ltr'><strong>Mnttlmr,</strong></span> <span class='ocrx_word' id='word_1_289' title='bbox 252 3959 293 4018; x_wconf 68' lang='lat' dir='ltr'><strong>ari.</strong></span> <span class='ocrx_word' id='word_1_290' title='bbox 303 3959 361 4007; x_wconf 84' lang='lat' dir='ltr'><strong>Luc.</strong></span> <span class='ocrx_word' id='word_1_291' title='bbox 373 3972 432 4018; x_wconf 78' lang='grc' dir='ltr'><strong>ιιι,</strong></span> <span class='ocrx_word' id='word_1_292' title='bbox 444 3957 483 4004; x_wconf 79' lang='lat'><strong>13.</strong></span> 
     </span>
    </p>
   </div>
   <div class='ocr_carea' id='block_1_6' title="bbox 0 0 1270 4608">
    <p class='ocr_par' dir='ltr' id='par_1_6' title="bbox 0 0 1270 4608">
     <span class='ocr_line' id='line_1_35' title="bbox 0 0 1270 4608; baseline 0 2"><span class='ocrx_word' id='word_1_293' title='bbox 0 0 1270 4608; x_wconf 95' lang='lat' dir='ltr'><strong> </strong></span> 
     </span>
    </p>
   </div>
  </div>
 </body>
</html>
