2614 4628
208 249 250 333 98
541 263 572 308 u.
599 261 725 307 utruru
748 261 868 308 rauseis

209 379 487 470 seiunt‘ple'rique,
499 391 573 467 pars
589 389 740 453 vestrum,
759 379 842 466 ipsos
859 378 1017 444 daemonas
1032 377 1072 445 de
1088 379 1262 469 semetip-

207 495 247 559 sis
259 479 417 566 confiteri,
429 489 553 578 quoties
567 511 586 553 a
601 489 692 554 nobis
707 489 874 556 tormentis
888 489 1059 555 verborum
1072 500 1107 555 et
1123 489 1259 555 oratic

208 603 256 668 nis
268 601 421 669 incendiis
434 598 473 665 de
484 598 671 687 corporibus
681 599 861 688 exiguntur.
875 599 947 687 lpse
958 597 1131 674 Saturnus,
1146 612 1186 668 et
1200 598 1262 665 Se-

212 712 308 802 rapis,
316 722 349 776 et
360 710 498 800 Jupiter,
507 719 539 774 et
550 708 704 797 quidquid
716 708 895 774 demonum
907 707 1023 783 colitis,
1034 709 1108 776 victi
1122 708 1264 786 dolore,

210 825 297 914 quod
316 834 390 889 sunt
412 809 627 910 eloquuntur:
653 843 712 885 uec
735 819 844 906 utique
867 819 899 886 in
924 819 1162 908 turpitudinem
1195 821 1264 896 sui,

210 933 370 1002 nonnullis
381 932 556 1023 praesertim
572 941 711 997 vestrum
726 930 956 1005 assistentibus,
969 931 1193 996 mentiuntur.
1212 931 1266 1020 tp

211 1047 252 1114 sis
266 1045 400 1112 testibus
421 1065 488 1110 esse
509 1065 563 1108 eos
585 1041 744 1109 daemouas
768 1039 807 1106 de
828 1062 991 1106 severum
1014 1040 1264 1108 confitentibus

212 1156 356 1224 credite:
374 1153 509 1241 adjurati
530 1152 616 1218 euim
635 1173 693 1240 per
713 1149 818 1216 Deum
836 1173 948 1216 verum
962 1162 994 1216 et
1009 1149 1129 1228 solum,
1149 1152 1266 1228 inviti,

212 1265 334 1340 miseri,
349 1262 536 1353 corporibus
552 1262 788 1334 inhorrescunt;
802 1273 835 1326 et
850 1260 899 1328 vel
914 1260 1046 1328 exiliunt
1064 1262 1200 1338 statim,
1215 1260 1267 1328 vel

214 1387 409 1446 evanescunt
420 1374 589 1465 gradatim,
600 1383 694 1461 prout
706 1370 785 1458 fides
797 1373 944 1462 patientis
955 1372 1097 1462 adjuvat,
1110 1387 1174 1439 aut
1193 1397 1267 1463 gra-

215 1490 258 1554 tia
279 1487 419 1556 curantis
437 1485 564 1576 aspirat
587 1482 641 1550 Sic
663 1479 850 1549 christianos
871 1483 910 1549 de
931 1484 1075 1572 proximo
1098 1483 1266 1574 fugitant,

195 1617 294 1689 'quos
313 1596 407 1686 longe
430 1596 462 1661 in
484 1595 619 1662 coetibus
644 1616 702 1682 per
728 1615 784 1659 vos
806 1591 1014 1660 lacessebant.
1039 1594 1116 1660 ldeo
1143 1595 1268 1660 inserti

216 1708 376 1774 mentibus
388 1705 622 1795 imperitorum,
633 1703 743 1768 odium
759 1703 859 1770 nostri
875 1716 985 1770 serunt
1000 1703 1127 1770 occulte
1144 1727 1215 1792 per
1227 1705 1269 1770 ti·

217 1841 350 1888 morem.
366 1814 517 1883 Naturale
531 1827 579 1881 est
590 1813 676 1879 enim
692 1825 724 1879 et
739 1812 843 1880 odisse
861 1837 957 1902 quem
971 1815 1094 1889 timeas,
1105 1824 1141 1880 et
1153 1839 1271 1904 quem

217 1928 367 1996 metueris
385 1925 545 2002 infestare,
565 1925 590 1990 si
606 1923 716 2013 possis.
732 1923 786 1990 Sic
802 1936 960 2012 occupant
982 1925 1120 2001 animos,
1140 1937 1178 1990 et
1201 1928 1271 1992 ob-

216 2050 344 2105 struunt
369 2048 512 2126 pectora,
533 2045 568 2100 ut
593 2044 666 2100 ante
693 2055 750 2100 uos
776 2033 930 2124 incipiant
955 2035 1102 2102 homines
1130 2035 1269 2114 odisse,

217 2170 313 2237 quam
328 2170 420 2213 nosse
434 2168 442 2210 ε
456 2169 498 2212 ne
518 2144 661 2234 cognitos
672 2155 732 2230 ⁸aut
747 2143 863 2210 imitari
878 2145 1012 2234 possint,
1028 2157 1084 2212 aut
1099 2144 1271 2214 damnare

216 2257 423 2347 nonpossint.

235 2367 414 2434 'XXVllL
442 2367 547 2447 Quam
570 2379 677 2432 autem
696 2366 841 2454 iniquum
862 2365 915 2442 sit,
934 2367 1102 2456 incognitis
1117 2379 1156 2433 et
1170 2369 1271 2435 inex·

217 2477 347 2568 ploratis
369 2477 524 2566 judicare,
548 2476 635 2564 quod
664 2474 778 2552 facitis,
807 2477 899 2542 nobis
928 2477 1001 2566 ipsis
1026 2479 1271 2567 penitentibus

218 2587 355 2660 credite,
380 2597 413 2652 et
434 2609 492 2651 nos
515 2586 601 2651 enim
623 2585 708 2650 idem
735 2585 867 2663 luimus,
892 2598 924 2652 et
950 2587 1062 2653 eadem
1088 2589 1272 2656 vobiscum

219 2697 380 2786 quondam
396 2695 502 2762 adhuc
518 2695 594 2762 caeci
606 2709 638 2760 et
653 2695 785 2762 hebetes
804 2685 1016 2763 sentiebamus
1030 2701 1147 2786 :quasi
1165 2701 1274 2767 chris-

219 2806 295 2872 tiani
311 2818 451 2872 monstra
467 2804 626 2880 colerent,
644 2806 777 2872 infantes
793 2819 954 2884 vorarent,
977 2809 1118 2875 convivia
1135 2811 1271 2878 incesta

219 2919 390 2985 miscerent
404 2938 412 2981 ε
426 2939 487 2982 nec
502 2914 754 3006 intelligebamus
769 2918 809 2983 ab
833 2918 881 2985 bis
897 2916 1018 2984 subulas
1034 2919 1108 2985 istas
1132 2943 1273 3011 semper

222 3026 379 3102 ventilari,
395 3037 430 3097 et¹
443 3049 607 3116 nunquam
623 3025 672 3092 vel
687 3027 865 3117 investigari
881 3026 929 3094 vel
942 3030 1082 3118 probari,
1095 3053 1163 3097 nec
1173 3044 1276 3100 tanto

224 3154 368 3228 tempore
389 3135 527 3225 aliquem
549 3137 682 3203 existere
702 3137 757 3226 qui
770 3137 931 3227 proderet,
948 3161 1012 3204 non
1033 3151 1166 3208 tantum
1193 3141 1277 3209 sacti

222 3249 358 3323 veniam,
367 3246 582 3313 verumetiam
590 3246 698 3312 indicii
709 3248 841 3335 gratiam
854 3260 1120 3335 consecuturpma
1133 3251 1277 3320 malum

225 3369 333 3422 autem
348 3358 428 3423 adeo
439 3379 505 3423 uon
516 3377 597 3431 esse,
615 3367 650 3421 ut
671 3356 860 3424 christianus
876 3381 948 3424 reus
963 3381 1024 3426 nee
1039 3361 1278 3439 erubesceret,

224 3489 285 3532 nec
304 3467 442 3543 timeret,
459 3479 493 3532 et
514 3489 613 3532 uuum
629 3464 843 3545 solummodo,
865 3469 950 3556 quod
969 3492 1034 3536 non
1056 3481 1133 3536 ante
1153 3470 1279 3550 luerit,

225 3577 404 3666 poeniteret.
424 3575 488 3643 Nos
504 3588 610 3644 tamen
627 3599 703 3643 eum
725 3576 892 3667 sacrilegos
913 3576 1034 3669 aliquos
1054 3593 1087 3645 et
1106 3581 1278 3661 incestos,

225 3685 397 3774 parricidas
419 3688 528 3762 etiam,
551 3686 766 3754 defendendos
784 3701 817 3754 et
839 3689 972 3756 tuendos
994 3679 1280 3780 suscipiebamus,

224 3795 287 3860 hoc
312 3818 373 3860 neo
395 3795 569 3868 audiendos
595 3799 628 3863 in
659 3810 763 3863 totum
784 3800 973 3888 putabamus
995 3823 1004 3865 ε
1026 3825 1282 3892 nonnunquam

226 3905 323 3972 etiam
335 3905 519 3974 miserantes
531 3931 656 3986 eorum,
671 3906 830 3978 crudelius
841 3911 1059 3989 sedebamus,
1076 3924 1112 3978 ut
1129 3925 1281 4003 torque-
