2478 4594
401 199 591 288 arndsaruu
612 241 674 286 ass.
702 243 758 286 vu.
1034 219 1093 282 su

11 375 213 432 aeternam
225 364 322 432 ritem
337 375 371 430 et
386 366 517 432 beatum
531 363 698 452 premium
719 363 877 452 acciperet
889 385 898 447 ς
912 363 978 451 qui‘
993 373 1099 428 autem

14 495 166 538 rursus
186 473 263 540 vitio
278 484 361 538 esset
376 471 550 540 delectatus
567 493 753 538 concessere
774 483 809 536 ιιι
828 481 1008 536 versaretur
1023 491 1098 536 eum

16 581 72 646 iis
97 579 359 670 qsaaeelegerat:
381 594 414 647 et
434 603 543 647 rursus
568 592 602 645 ιιι
627 579 730 648 anima
746 602 817 667 quae
842 579 967 646 assidue
993 577 1099 646 evadit

21 688 172 756 melior
181 689 223 756 ad
235 689 461 778 acquirendam
472 688 641 765 virtutem,
656 699 688 754 et
699 687 893 776 parandam,
909 685 1103 775 augendam-

23 821 109 886 que
139 797 325 886 justitiam,
348 795 514 864 meliorem
533 794 642 867 locum
662 796 799 884 accipiat
823 794 856 862 in
876 795 1044 870 universo,
1067 806 1103 859 at

26 930 121 995 quae
136 929 201 995 per
214 927 475 993 unumquemque
494 903 675 994 profectum
690 903 879 970 extendatur
895 903 936 970 ad
954 902 1103 970 habitum

27 1012 331 1104 impatibilitatis,
365 1014 469 1080 donec
491 1012 655 1104 profecerit
689 1011 733 1078 ud
763 1011 861 1078 sirum
883 999 1101 1102 posternat,

30 1145 174 1211 nempe
201 1121 241 1190 ad
263 1121 451 1211 cognitionis
473 1119 570 1188 simul
593 1133 626 1187 et
655 1119 848 1186 haereditatis
870 1117 1100 1189 excellentiam.

33 1228 222 1298 Salutares
236 1229 285 1295 hae
309 1229 555 1306 conversiones,
577 1251 636 1318 pro
659 1229 771 1294 ordine
789 1227 997 1304 mutationis,
1021 1226 1103 1294 diri-

36 1337 204 1414 duntur,
220 1349 253 1402 et
270 1337 485 1426 temporibus,
509 1349 542 1402 et
558 1333 658 1412 loeis,
681 1347 714 1402 et
729 1335 924 1414 honoribus,
941 1347 974 1402 et
991 1335 1103 1423 cogni-

46 1446 224 1522 tionibus,
243 1455 275 1510 et
289 1444 548 1523 haereditatibus,
565 1457 598 1510 et
613 1445 816 1523 ministeriis,
832 1467 932 1531 usque
949 1443 989 1510 ad
1003 1454 1105 1510 trans

45 1553 255 1620 condentem
281 1554 529 1641 continuamque
553 1553 586 1619 in
607 1553 783 1620 aeternitate
800 1549 1102 1640 contemplationem

46 1661 202 1730 Domini.
222 1660 318 1741 Quod
333 1673 382 1726 est
402 1672 508 1727 autem
524 1659 679 1737 amabile,
700 1660 830 1727 adducit
842 1659 942 1726 adsui
960 1672 1103 1726 centem-

47 1767 237 1856 plationem
249 1766 444 1854 quemlihet,
466 1765 521 1854 qui
543 1789 577 1831 se
597 1777 700 1832 tetum
715 1765 885 1854 applicavit
900 1765 941 1832 ad
956 1778 1103 1832 centem-

51 1872 238 1962 plationem
249 1871 522 1962 perdilectionem
542 1873 741 1960 cognitionis.
767 1872 927 1952 Quocirca
945 1885 1103 1962 praecepta

55 1981 155 2048 dedit
166 1991 201 2046 et
211 1979 317 2069 priora
329 1989 361 2044 et
372 1979 565 2068 posteriora,
584 2001 623 2044 ex
643 2003 706 2045 uno
725 1979 814 2045 sonte
831 1979 979 2046 hauriens
997 1981 1104 2048 Demi-

54 2111 144 2165 nus,
162 2110 224 2154 nec
237 2087 358 2175 eosqui
373 2099 463 2152 erant
481 2098 555 2154 ante
568 2085 705 2175 Legem,
723 2088 791 2152 sine
807 2085 875 2175 lege
894 2111 961 2156 esse
976 2089 1100 2154 sinens:

55 2217 187 2262 neceas
202 2195 330 2283 quinon
342 2193 512 2262 audiebant
523 2195 697 2262 Barbarum
705 2193 937 2284 philosophiam
947 2246 956 2274 ,
966 2195 1040 2263 ferri
1059 2197 1103 2262 el-

56 2303 210 2370 fraenates
226 2303 424 2392 permittens.
440 2303 521 2370 Nam
540 2326 614 2370 cam
636 2301 696 2368 illis
708 2302 838 2392 quidem
858 2317 1036 2394 praeopta,
1053 2305 1102 2372 his
1210 2291 1220 2306 ⁸

58 2434 138 2477 vero
154 2411 340 2501 praebuisset
358 2409 613 2500 philosophiam,
628 2409 884 2478 incredulitatem
897 2411 1053 2478 conclusit
1068 2413 1101 2478 in

59 2520 160 2608 ipsius
184 2519 356 2586 adrentum
372 2567 383 2596 ,
400 2541 464 2607 que
478 2530 622 2607 tempore
645 2530 693 2584 est
718 2517 938 2586 inexcusabilis
961 2520 1102 2607 quisquis

61 2649 128 2694 nea
142 2626 322 2694 crediderit.
336 2626 417 2693 Nam
428 2625 575 2694 ediverso
589 2638 659 2692 tum
671 2626 783 2693 Graece
793 2638 862 2692 tum
875 2627 1017 2694 Barbare
1024 2649 1103 2716 pro-

65 2735 170 2811 sectu,
186 2735 227 2801 ad
241 2759 311 2802 eam
328 2758 398 2822 quse
415 2747 463 2800 est
476 2757 534 2823 per
550 2733 648 2800 fidem
664 2734 794 2802 deducit
810 2735 1048 2824 perlectionem.
1065 2735 1102 2804 si

67 2841 135 2928 quis
144 2852 246 2906 autem
259 2865 298 2906 ex
310 2841 427 2908 Graecis
436 2891 447 2924 ,
456 2841 665 2930 praetermissa
676 2865 745 2929 quae
757 2842 907 2930 praecedit
915 2845 1102 2912 Graecorum

68 2948 287 3039 philosophia,
318 2973 425 3016 veram
454 2950 632 3018 doctrinam
661 2943 806 3040 protinus
833 2952 974 3032 invasit,
994 2953 1019 3017 is
1043 2953 1102 3018 etsi

66 3056 157 3148 plane
171 3055 278 3133 rudis,
300 3054 395 3144 longe
412 3055 487 3122 alios
507 3059 666 3146 superarit
688 3057 876 3137 intervallo,
897 3083 972 3125 cum
992 3058 1101 3126 salutis

70 3164 292 3254 compendium
305 3188 362 3252 per
374 3162 468 3230 sidem
481 3163 609 3253 elegerit
623 3165 663 3232 ad
675 3165 914 3254 perlectionem.
932 3169 1101 3248 Quaecum-

69 3297 129 3363 que
150 3295 224 3362 erge
246 3270 325 3338 nihil
347 3271 561 3359 impediebant
583 3275 752 3361 queminus
770 3286 853 3340 esset
875 3274 997 3342 homini
1017 3275 1099 3343 libe-

71 3406 139 3448 ram
158 3380 292 3472 eligendi
314 3379 502 3454 arbitrium,
523 3379 629 3446 effecit
653 3393 687 3448 ut
710 3406 747 3478 ea
768 3384 809 3450 ad
830 3383 980 3450 virtutem
1004 3409 1098 3474 opem

73 3491 200 3566 serrant,
219 3501 254 3554 ιιι
269 3487 374 3576 aliqua
390 3487 513 3554 ratione
528 3486 565 3554 iis
584 3489 679 3556 ctiam
691 3491 745 3577 qui
760 3503 893 3580 pessunt
912 3493 1046 3560 obscure
1064 3505 1097 3563 ct

74 3599 185 3668 exiliter
192 3599 388 3688 perspicere,
401 3596 492 3686 isqui
505 3621 613 3664 revera
627 3597 711 3666 solus
723 3611 771 3664 est
783 3623 864 3668 unus
875 3603 1097 3692 omnipotens,

76 3709 166 3776 benus
187 3719 336 3797 appareat
353 3706 459 3782 Deus,
481 3706 630 3774 asaeoule
652 3708 684 3773 in
701 3707 851 3788 seculum
872 3711 947 3780 dare
962 3710 1097 3780 salutem

112 3849 256 3918 'Ephes.1r,
268 3849 307 3902 a&
394 3921 402 3942 ¹
