2382 4592
187 241 252 308 206
500 261 674 310 cunnus
699 265 910 314 marnam

185 381 320 474 pulchra
334 381 514 473 profluxere
530 383 690 475 dogmata.
709 385 929 477 «Sapientiam
939 403 1041 458 autem
1053 392 1169 485 loqdm

187 493 292 558 »inter
305 491 479 581 persscson
497 493 682 582 sapientiem
695 492 768 562 dico
779 519 845 562 non
864 495 961 586 hujus
977 499 1090 579 saeculi,
1100 527 1167 592 neq·

188 600 390 692 »principum
416 600 513 691 hujus
533 600 639 667 saeculi
654 603 709 691 qui
725 601 957 672 destruunturt
981 609 1035 674 sed
1054 608 1166 699 loqu'm

186 709 265 778 »Dei
278 709 465 798 sapientiam
480 709 512 776 in
528 709 680 799 mysterio
692 712 942 782 absconditam¹.
959 745 973 779 ι

236 957 302 1018 ιι·.
327 949 467 1018 Horum
487 945 641 1018 ulterior
658 951 768 1035 ratio,
791 953 860 1022 Dei
874 955 1034 1050 cognitio
1048 959 1165 1055 anigm

181 1065 271 1136 tica²
286 1089 295 1134 τ

224 1297 357 1365 Plurimi
371 1309 477 1365 autem
496 1297 661 1377 homines,
684 1299 716 1366 id
737 1300 825 1390 quod
843 1311 892 1368 est
909 1301 1043 1369 mortale
1061 1315 1161 1392 tanqua

180 1405 320 1473 cochleae
344 1406 528 1483 induentes,
545 1420 576 1474 ct
592 1409 677 1474 circa
695 1415 765 1475 suis
789 1408 929 1498 ipsarum
951 1409 1085 1478 libidines
1101 1412 1161 1477 iustu

180 1515 399 1582 erinaceorum
414 1515 447 1582 in
458 1517 570 1582 orbem
582 1515 782 1606 conglobati,
799 1517 840 1583 de
854 1519 951 1585 beato
972 1541 1010 1586 ac
1022 1519 1160 1607 nempe

178 1622 234 1691 bili
250 1625 337 1701 Deo,
354 1621 426 1691 talia
442 1622 545 1713 qualia
561 1625 601 1690 de
618 1647 652 1690 se
669 1625 851 1714 opinantur.
868 1627 941 1692 Non
961 1629 1159 1694 animsdrutnt

180 1744 305 1809 autem,
327 1731 385 1798 etsi
403 1731 466 1796 sint
484 1729 577 1796 nobis
594 1732 782 1820 propinqui,
799 1732 904 1798 Deum
918 1733 1042 1800 dedisse
1054 1733 1156 1801 adisis

179 1838 405 1917 numerabilia,
422 1861 559 1927 quorum
570 1837 635 1926 ipse
647 1861 711 1904 non
723 1852 771 1905 est
780 1841 960 1930 particeps:
982 1844 1158 1932 generatim

179 1949 326 2038 quidem,
343 1949 496 2037 cumipse
508 1947 547 2012 sit
562 1945 737 2035 ingenitus:
748 1949 983 2042 nutrimentum
998 1963 1104 2025 autem,
1114 1971 1157 2014 tm

177 2057 244 2146 ipse
256 2080 295 2122 eo
310 2079 376 2122 nou
391 2067 501 2144 egeat:
518 2065 551 2120 et
567 2067 789 2143 augmentum,
806 2078 881 2123 cum
894 2057 1024 2146 aequalis
1040 2059 1157 2124 consistat:

179 2163 352 2230 senectutis
369 2174 401 2228 et
417 2162 527 2229 mortis
542 2173 731 2252 potestatem
742 2213 752 2241 ‚
765 2165 914 2254 cumipse
923 2167 1047 2232 sitsenii
1059 2163 1159 2232 ducti

178 2295 290 2361 expers
308 2295 316 2337 ι
335 2272 483 2362 quocirca
498 2282 532 2336 et
543 2293 676 2347 manus,
693 2283 725 2336 et
738 2271 852 2361 pedes,
868 2285 902 2339 et
919 2297 974 2351 os,
990 2286 1020 2340 et
1031 2272 1161 2346 oculose
1189 2363 1190 2366 Ἴ

176 2381 356 2471 ingressus,
373 2391 406 2446 et
425 2401 587 2469 egressus,
607 2391 641 2444 et
658 2377 739 2456 iras,
760 2391 792 2445 et
806 2381 928 2461 minas,
944 2405 1040 2449 nemo
1052 2382 1162 2448 enses

176 2489 240 2556 dici
255 2490 313 2556 Del
329 2487 512 2556 affectiones
529 2484 614 2576 apud
628 2487 789 2554 llebraeos.
805 2489 1031 2580 Nequaquam:
1043 2501 1160 2556 estam

173 2599 273 2686 magis
299 2596 408 2686 pium,
436 2593 582 2684 quaedam
604 2618 644 2661 ex
668 2593 718 2661 his
742 2595 925 2664 nominibus
940 2597 1005 2664 dici
1023 2598 1160 2688 allegorice.
1188 2613 1190 2680 l

173 2728 244 2794 qoae
260 2704 390 2793 quidem
408 2703 603 2796 procedente
619 2713 762 2793 tempore
777 2727 835 2771 suo
846 2703 919 2772 loco
942 2707 1131 2796 aperiemus..
1125 2701 1162 2768 ‚S

174 2837 250 2903 ergo
257 2810 397 2879 ⁸ablatis
414 2812 562 2878 omnibus
582 2833 652 2900 quae
674 2814 789 2879 adsunt
810 2815 1018 2938 corporibus,
1032 2828 1063 2881 et
1080 2816 1161 2900 usqu
1188 2779 1190 2908 l

174 2919 356 2988 dicuntur
347 2941 552 3009 incorporea,
581 2943 641 2984 nos
663 2919 747 3009 ipsos
770 2922 1001 3010 projecerimus
1030 2925 1062 2990 in
1084 2919 1161 2987 thret
1189 2965 1190 3016 3

173 3029 451 3120 magnitudinem:
467 3037 500 3092 et
526 3025 636 3092 inde
626 3050 659 3092 ιιι
682 3028 752 3117 ejus
770 3028 1016 3097 immensitatem
1040 3029 1161 3097 sauctae
1188 3021 1190 3120 l

172 3139 436 3229 processerimus,
464 3135 505 3202 ad
533 3133 773 3222 intelligentiam
798 3139 1024 3228 omnipotentis
1044 3152 1189 3226 utonpt

172 3247 446 3338 perveniemus,
424 3243 546 3310 nonita
561 3243 816 3333 tamenutquod
830 3257 899 3323 est,
915 3247 971 3312 sed
986 3249 1160 3335 quodnoaut
1187 3241 1189 3324 l

173 3376 411 3445 cognoscamus.
435 3351 551 3442 Figura
572 3363 726 3417 autemst
742 3362 867 3430 motus,
884 3354 1062 3430 velstatus
1082 3325 1189 3444 vele-l

173 3461 248 3539 des,
264 3461 312 3528 vel
327 3461 436 3536 locus,
451 3457 501 3526 vel
522 3457 650 3535 dextra,
675 3458 724 3526 vel
739 3460 892 3558 sinistra,
917 3463 955 3528 de
972 3475 1057 3551 patre
1072 3447 1189 3536 mim-l

172 3593 281 3637 sorum
307 3591 347 3636 ne
371 3579 444 3634 sunt
462 3567 591 3658 quidem
615 3567 799 3658 cogitanda:
835 3569 956 3638 etiamsi
977 3571 1045 3639 haec
1067 3570 1127 3636 de'
1119 3545 1189 3657 qul

210 3737 345 3789 'rome
346 3737 409 3801 1„6
423 3755 446 3800 7.

205 3827 285 3893 (Peg.
296 3825 348 3878 686
357 3837 381 3876 et
391 3843 442 3893 seq.

207 3921 216 3946 ¹
227 3916 286 3985 Peg.
299 3919 459 3983 689elccqq.
