2570 4614
196 229 258 313 apli
505 251 677 293 cananaeis
702 250 911 294 assessorum

193 379 374 454 sequentes,
392 366 425 432 id
439 367 662 456 quod‘bonum
673 379 722 447 est
738 367 791 432 hic
808 367 931 455 utique,
947 364 982 430 in
995 365 1058 430 'vita
1074 387 1142 452 quae
1152 383 1225 426 mox

193 498 259 542 non
274 475 454 556 estimare,
470 476 674 551 infodientes,
691 475 749 542 soli
765 477 828 542 cibi
843 474 1041 542 devorationi
1061 471 1225 538 blandien-

194 597 255 660 tes,
267 597 399 674 propter
413 609 510 674 qnam
525 587 558 651 in
574 587 688 674 majori
703 585 806 674 pretio
822 597 897 650 sunt
916 585 1123 672 nequiquam
1145 581 1225 670 egri-

194 693 284 760 eolae.
307 694 378 762 Non
393 697 479 762 enim
490 696 686 764 serculorum
699 707 890 788 apparatum
905 694 1059 771 tollimus,
1076 693 1133 758 sed
1151 716 1225 758 con-

192 803 369 870 suetudinis
382 804 631 894 prolapsionem,
643 821 797 895 tanquam
809 793 1036 881 calamitatem,
1048 815 1226 892 suspectam

192 913 359 982 habemus.
378 915 539 996 Quocirca
555 916 700 982 vitandus
716 929 764 984 est
777 915 885 994 luxus,
901 938 1003 1006 pauca
1020 912 1179 1002 quaedam,
1192 923 1225 976 et

192 1047 263 1112 quoa
280 1035 354 1090 sunt
369 1025 560 1101 necessaria,
574 1025 790 1102 sumentibus;
806 1039 838 1093 et
848 1051 861 1087 ι
871 1025 898 1090 si
909 1025 980 1115 quis
992 1047 1051 1091 nos
1062 1023 1173 1090 inritat
1183 1022 1227 1086 in-

96 1147 98 1152 ’
192 1161 206 1196 s
223 1131 367 1200 fidelium
381 1147 414 1200 et
426 1137 580 1202 accedere
593 1149 768 1205 statuamus
784 1139 926 1224 (batum
939 1136 1089 1204 atenim
1100 1157 1174 1202 cum
1184 1135 1237 1200 in-'

192 1241 397 1309 »solentibus
417 1243 598 1314 hominibus
624 1249 866 1338 nonversari),
885 1246 1042 1336 quidquid
1062 1245 1227 1335 apponitur

192 1381 206 1416 a
214 1357 237 1440 j
240 1352 313 1419 ubet
328 1375 387 1420 nos
402 1355 583 1433 comedere,
596 1357 675 1424 nihil
686 1347 1059 1448 interrogantes'propter
1071 1355 1227 1422 consuen-

194 1492 206 1526 ι
224 1461 326 1530 tiam¹.
338 1492 351 1526 ι
361 1463 513 1532 Similiter
523 1479 631 1533 autem
641 1468 733 1555 jussit
744 1487 802 1534 nos
814 1493 851 1534 eu
859 1491 933 1555 qum
942 1483 1023 1534 sunt
1034 1467 1074 1530 in
1081 1463 1223 1540 msto,

197 1574 277 1640 citra
300 1571 403 1662 ullpm
428 1575 617 1666 scrupulum
641 1576 777 1644 ullamve
802 1567 962 1644 curiosam
982 1576 1228 1665 indagationes,

195 1705 301 1748 encre
313 1681 336 1746 ².
353 1681 424 1750 Non
442 1696 491 1750 est
511 1707 587 1774 ergo
605 1686 731 1774 penitus
749 1709 767 1752 a
785 1687 879 1754 variis
897 1687 976 1753 cibis
995 1686 1226 1760 abstinendum,
1282 1729 1284 1800 p

196 1793 301 1860 sedin
319 1794 364 1860 eis
383 1815 448 1860 non
467 1806 515 1860 est
529 1794 878 1884 studiumponendnm.
901 1797 946 1860 Ee
968 1807 1082 1860 autem
1096 1817 1226 1882 quasp-
1283 1803 1284 1872 l

194 1918 359 1994 ponuntur
381 1929 507 1974 sumere
532 1907 707 1981 debemus,
729 1919 765 1972 ut
792 1907 884 1974 decet
905 1905 1145 1982 Christianum,
1159 1927 1224 1969 erm

197 2016 328 2105 quidem
345 2017 400 2104 qni
418 2041 475 2082 nos
490 2018 633 2084 invitarit
648 2018 853 2093 honorantes,
866 2017 1113 2106 periuriorum,
1124 2028 1157 2082 ct
1168 2037 1228 2105 qua

196 2125 375 2194 satietatem
391 2150 455 2193 non
471 2127 594 2202 afferat,
608 2126 838 2217 congressionis
853 2127 1038 2194 societatem
1052 2149 1063 2191 :1
1078 2135 1229 2214 sumptae

198 2259 263 2314 sas,
277 2261 347 2326 quae
362 2237 553 2313 inseruntur,
571 2239 667 2327 dapes
683 2237 897 2306 indifferentes
915 2260 986 2304 esse
999 2237 1227 2302 existimantes:

182 2348 329 2413 obsonia
352 2349 571 2436 despicientes,
593 2359 629 2414 ut
647 2372 717 2436 quae
737 2347 833 2438 paulo
855 2360 926 2438 post
941 2371 1013 2420 non
1036 2349 1103 2414 sint
1119 2347 1228 2412 intare.

198 2457 293 2536 ‚Qui
317 2458 471 2534 eomedit,
496 2481 571 2522 eum
594 2459 647 2546 qui
671 2483 735 2524 non
759 2458 899 2526 comedit
919 2481 985 2526 non
1012 2470 1155 2547 spernat
1176 2454 1230 2534 Qui

200 2578 338 2632 »autem
358 2591 423 2634 non
443 2569 595 2645 comedit,
618 2589 693 2634 eum
714 2569 769 2657 qui
791 2569 930 2637 comedit
953 2592 1019 2636 non
1040 2567 1227 2658 judieet⁸.»

198 2672 334 2740 Paulum
352 2688 460 2742 autem
475 2699 672 2766 progressus,
688 2680 838 2768 praecepti
853 2703 1128 2768 quoqnecausam
1144 2701 1235 2766 expo·

199 2782 269 2850 nit:
283 2782 372 2861 «Qui
387 2785 539 2860 eomedit,
553 2785 721 2874 inquiens,
735 2788 872 2854 Domino
887 2789 1088 2870 comedit,‚et
1098 2788 1170 2856 Deo
1180 2788 1236 2876 egit

200 2922 214 2956 a
229 2893 366 2982 gratias:
381 2905 413 2959 et
428 2896 560 2984 quinon
572 2899 724 2974 comedit,
736 2898 873 2983 Domino
886 2922 950 2966 nen
962 2899 1120 2975 comedit,
1132 2897 1237 2966 etllee

201 3033 215 3068 a
230 3003 295 3094 agit
309 3003 440 3093 gratias‘
454 3027 465 3070 a
478 3017 536 3070 sut
551 3006 591 3073 sit
603 3008 724 3095 justum
740 3007 1176 3097 caeterorummetum
1189 3029 1239 3073 ac·

199 3116 257 3182 tio.
274 3114 374 3182 Porm
388 3125 497 3182 autem
508 3117 562 3205 qui
578 3139 704 3206 semper
718 3118 783 3207 agit
798 3118 929 3208 gratim,
941 3117 966 3184 is
977 3117 1012 3184 in
1024 3116 1239 3206 voluptatibus

200 3249 268 3294 non
281 3237 433 3292 versetur.
454 3225 551 3307 Quod
565 3227 590 3292 si
604 3227 754 3294 etiamad
770 3229 919 3293 virtutem
933 3251 951 3294 e
967 3227 1110 3295 conuiuis
1121 3226 1241 3315 aliquot

200 3335 323 3405 hortari
339 3333 484 3413 velimus,
496 3359 535 3402 eo
549 3335 650 3425 magis
665 3360 682 3401 a
700 3336 791 3404 lautis
807 3349 840 3404 et
860 3336 1000 3404 delicatis
1015 3337 1066 3404 his
1083 3338 1167 3403 cibis
1178 3337 1244 3402 ate

203 3433 574 3521 tinendumest,evidens
587 3447 710 3513 virtutis
717 3447 878 3538 exemplar
886 3471 942 3514 nos
950 3449 1035 3537 ipsos
1042 3448 1242 3518 exhibente.

205 3552 287 3618 sicin
294 3554 352 3642 ipsi
361 3555 523 3623 Christum
534 3555 695 3645 exemplar
706 3557 911 3624 habuimus«
924 3557 958 3623 Si
970 3559 1049 3646 quid
1059 3558 1153 3624 enim
1163 3559 1245 3643 ejas

207 3663 327 3724 smodi
348 3663 497 3730 ciborum
513 3666 642 3732 fratrem
665 3665 808 3744 offendit,
827 3691 892 3734 non
911 3669 1079 3734 comedam
1100 3667 1180 3742 boc,
1197 3667 1246 3728 in-

206 3769 320 3855 spuit,
336 3770 367 3834 in
381 3785 549 3852 arternum,
562 3800 602 3842 ne
616 3777 745 3844 fratrem
762 3801 869 3844 meum
886 3778 1046 3844 offendam
1057 3779 1083 3844 ⁵.
1099 3778 1245 3866 ›Exiffre

239 3899 335 3957 eror.
345 3918 369 3962 x,
378 3905 464 3968 27.—²
473 3907 542 3958 lbid.
551 3909 634 3959 15.--ι
644 3911 717 3958 Rom.
728 3909 857 3970 areb-¹
865 3909 934 3962 lbid.
945 3909 1016 3963 τ”>.---ι
1027 3927 1036 3960 ι
1046 3909 1173 3968 coram,
1183 3909 1222 3956 13-
