2522 4608
335 289 534 344 rnnaoooos.
557 293 619 338 nro.
645 293 681 338 rr.
959 271 1021 340 365

36 420 189 496 mannis,
199 417 463 486 constructionem
479 413 613 486 similem
627 419 883 507 comprobamus.
903 419 1023 502 Quem·

35 529 270 599 matoneum
293 529 435 618 utrisque
456 549 628 596 commune
647 539 696 594 est
715 539 752 593 ut
766 521 935 619 egeaat‘iis
951 550 1021 620 quse

35 653 131 732 tegam,
145 635 214 708 itala
227 640 341 729 quibus
355 637 484 734 tegendi
501 649 577 704 sunt
591 657 659 704 esse
674 649 800 728 oportet
816 637 947 715 similias
960 640 1020 706 etsi

34 764 148 842 oporteat
165 751 341 842 hujusmodi
360 762 581 842 tegumentum
603 766 762 816 assumere
783 773 848 840 quo
866 761 939 818 sunt
958 749 1021 816 sto·

33 863 158 930 marum
171 861 289 929 celandi
301 859 397 928 oculi.
412 861 480 927 Etsi
493 859 579 934 enim
595 858 723 928 immina
737 873 867 949 propter
881 857 1023 927 imbecil-

33 969 126 1040 litatem
138 972 222 1064 longe
236 971 324 1062 plura
341 971 560 1060 concupiscat.
575 970 609 1036 id
624 969 716 1037 malae
729 971 925 1038 educationis
939 981 1021 1038 con-

33 1081 159 1148 suetudini
175 1081 378 1148 tribuendum
400 1093 466 1156 est,
481 1101 542 1170 per
561 1101 657 1169 quam
678 1101 893 1171 sepenumero
912 1081 970 1148 riri
987 1081 1021 1146 in

33 1189 101 1257 nslb
113 1192 176 1259 ritae
194 1193 342 1258 institutis
363 1190 510 1266 educati,
528 1204 697 1259 eraserunt
713 1191 900 1260 mulieribus
921 1191 1020 1281 magis

32 1297 182 1368 cleminui
196 1323 203 1366 a
218 1324 281 1370 non
298 1315 349 1368 est
369 1301 466 1391 igitur
480 1300 526 1366 eis
541 1299 602 1368 hac
618 1302 651 1367 in
668 1323 705 1368 re
718 1301 909 1369 cedendum.
924 1299 1022 1381 Quod

34 1411 100 1477 sicis
111 1411 330 1501 aliquantulum
352 1411 596 1479 accommodare
619 1425 782 1502 oporteat,
799 1414 938 1481 vestibus
953 1415 1021 1504 qui·

34 1521 182 1622 leopanto
196 1523 390 1592 mollioribus
401 1523 446 1589 eis
461 1523 507 1588 uti
519 1524 760 1592 concedendum
774 1536 835 1602 est,
847 1524 1022 1600 dummodo

32 1633 265 1702 metantibus
284 1655 343 1725 por
363 1653 522 1701 summam
541 1633 705 1701 stultitiam
724 1633 883 1702 elaborata
906 1657 1020 1724 opera.

31 1745 190 1834 micasque
203 1746 234 1812 in
249 1745 383 1812 texturis
401 1743 581 1834 plicatura.
596 1744 777 1836 longissime
793 1744 1019 1818 emundentura

31 1854 83 1918 suri
94 1853 150 1934 tta,
164 1868 193 1921 ct
206 1856 331 1924 indicos
345 1879 449 1934 seres,
465 1869 497 1923 et
513 1854 639 1923 inutiles
657 1857 833 1945 bombyces
849 1853 955 1922 valore
968 1856 1021 1945 ju·

31 1963 151 2031 beamus
161 1965 232 2052 :(ost
241 1966 329 2033 enim
339 1967 482 2055 bombyx
492 1968 631 2055 primum
642 1966 770 2044 vermis,
783 1966 898 2034 deinde
910 1989 1021 2056 aspera

31 2093 64 2138 ox
79 2095 110 2139 oo
125 2078 249 2144 msuurr
267 2099 381 2154 eruca,
398 2089 470 2166 post
491 2095 586 2165 quam
609 2077 642 2143 in
661 2077 755 2142 tertia
776 2075 1021 2168 metamorphosi

31 2181 301 2277 innotaturpapilio,
314 2209 410 2276 quem
427 2183 573 2256 nonnulli
584 2207 685 2275 graece
697 2184 1019 2276 appellantpoteram,

31 2313 58 2356 er
68 2315 120 2382 quo
131 2291 253 2386 longum
265 2307 388 2362 stamen
400 2294 555 2372 nascitur,
568 2295 839 2382 quemadmodum
853 2323 892 2366 ex
907 2323 1020 2366 araneo

32 2399 77 2466 tela
94 2410 229 2496 annea.)
244 2403 412 2497 Superllua
434 2408 521 2476 enirn
537 2405 607 2472 baso
629 2419 662 2472 et
682 2407 867 2498 perspicua,
884 2423 1023 2480 mentem

32 2511 130 2581 minirum
145 2527 340 2584 constantem
361 2530 517 2606 arguunt,
533 2541 604 2607 quae
622 2519 726 2608 exigui
745 2521 932 2608 expassione
944 2522 1021 2602 reli,

32 2631 145 2712 utquam
163 2627 303 2716 quodem
323 2624 502 2704 lenocinio,
527 2629 681 2718 probrum
705 2629 847 2720 corporis
872 2629 1017 2700 illiciunt.

33 2729 80 2798 lon
101 2747 142 2802 cst
167 2739 253 2804 enim
278 2735 412 2828 amplius
438 2747 658 2828 tegumentum
688 2735 792 2805 mollis
819 2763 857 2807 ac
886 2740 1020 2810 delIcata

33 2843 111 2922 usis,
122 2859 153 2912 ut
170 2871 241 2937 quse
260 2845 381 2914 nudam
397 2846 531 2937 figuram
548 2871 612 2913 non
632 2860 736 2937 potest
754 2847 922 2917 occulere:
940 2851 1023 2943 ejus·

34 2953 91 3019 noti
102 2957 179 3025 enim
194 2957 289 3025 restis
310 2958 344 3024 in
360 2979 478 3048 corpus
495 2955 650 3034 incidens,
666 2957 788 3026 lucilius
802 2961 944 3051 corporis
959 2962 1021 3029 lor·

34 3077 90 3127 oon
104 3074 133 3129 et
150 3063 391 3155 impressionem
411 3063 523 3153 recipit
535 3063 664 3156 ligure,
678 3066 781 3132 carnis
797 3065 897 3132 instar
908 3067 1023 3135 'adbae-

34 3189 95 3238 enr:
111 3188 141 3241 et
158 3174 301 3243 mulieris
322 3188 437 3265 typum
458 3175 500 3241 ita
519 3173 679 3266 exprimit,
698 3186 736 3241 ut
748 3173 798 3242 rel
821 3199 887 3243 non
905 3175 1023 3246 violenti

35 3279 294 3352 subeuntum
309 3283 495 3351 constitutio
514 3283 664 3375 corporis.
688 3281 880 3375 llejiciendae
896 3311 1022 3378 quoquo

35 3401 81 3454 unt
91 3397 260 3464 vestimenti
275 3396 440 3462 tincturce:
452 3395 526 3484 ipsse
537 3396 622 3462 enim
633 3407 666 3461 et
682 3397 723 3462 ab
743 3408 846 3462 usust
860 3419 878 3464 a
892 3400 1022 3468 veritate

35 3519 96 3590 tngo
107 3517 231 3572 remotes
247 3515 339 3579 sunt;
357 3515 508 3593 praeterea
524 3525 651 3593 quoque
665 3527 703 3569 ex
718 3503 763 3569 eis
779 3527 907 3600 mprum
922 3509 1022 3577 oritur

36 3609 217 3697 eprehensio:
235 3615 441 3704 nequeenim
456 3626 505 3681 est
524 3637 634 3680 carum
652 3637 726 3680 usus
747 3613 853 3681 utilis:
873 3639 947 3685 nam
960 3643 1021 3690 nec

36 3715 148 3813 litigas
161 3723 414 3816 propulsandum
430 3738 478 3791 est
495 3725 622 3800 idonea,
633 3745 736 3811 aeque
748 3723 788 3791 ad
803 3735 1019 3816 tegumentum

37 3829 98 3899 rbet
110 3833 225 3926 aliquid
240 3833 376 3926 amplius
391 3856 487 3925 quem
503 3834 563 3903 alic
578 3834 683 3911 vestis,
699 3833 757 3901 nisi
779 3834 881 3904 solum
901 3841 1022 3934 vitupe-

37 3937 94 4009 lam.
108 3944 229 4015 Celeris
244 3960 351 4015 cutem
366 3945 527 4015 delectans
542 3944 677 4015 suavitas
693 3943 775 4014 male
790 3946 888 4016 babet
902 3950 1022 4026 aridos,
