2522 4608
399 267 596 324 ranacocus,
619 271 681 314 ms.
707 269 741 314 u.
1021 255 1081 346 517

51 385 187 480 ligonem
208 400 317 454 autem
338 401 523 479 argenteum
540 386 715 477 falcemque
729 411 859 456 auream
874 413 969 460 nemo
984 393 1083 463 fabri-

56 500 116 568 cari
131 497 243 576 soleat,
255 510 288 564 ct
302 499 518 587 materiaque
529 511 601 588 apta
614 498 796 588 sitadopus
810 498 1004 578 tbciendum,
1017 529 1082 572 non
1117 553 1119 558 -

54 609 175 698 quasit
193 609 296 685 dives,
312 608 345 675 in
359 606 551 698 agricultura
575 607 695 675 utimur
714 630 722 671 :
743 609 820 697 quid
840 622 937 687 vetat,
955 614 1083 700 quomi-

54 742 110 785 nus
122 719 155 784 in
172 718 255 784 rasis
270 741 398 808 quoque
409 714 589 784 domesticis
600 717 685 784 idem
697 719 846 796 sentiant,
861 721 916 809 qui
932 723 1019 811 quod
1033 737 1083 790 est

54 827 149 896 simile
165 826 394 895 consideranti
408 847 546 915 quorum
559 826 674 893 modus
690 827 729 893 sit
744 825 835 905 usus,
852 853 917 896 non
938 845 1082 920 sumptus

52 937 296 1028 magnificentias
316 937 403 1016 Quid
414 937 513 1012 enim,
527 936 579 1003 dic
589 958 710 1025 quaeso,
722 937 820 1024 quiin
833 961 942 1036 mensa
952 941 1082 1030 ponitur

51 1049 215 1140 gladiolus,
232 1052 258 1117 si
275 1050 382 1118 clavos
397 1073 463 1116 non
477 1050 626 1118 habuerit
646 1062 824 1140 argenteos,
843 1051 893 1118 vel
908 1077 972 1118 non
987 1053 1082 1120 luerit

52 1162 148 1229 lactus
163 1185 205 1228 ex
218 1164 318 1230 ebore
332 1161 477 1253 capulus,
492 1185 557 1228 non
576 1163 716 1228 scinditl’
735 1163 786 1228 An
801 1163 842 1228 ad
857 1187 986 1231 carnem
1001 1166 1082 1233 divi·
1206 1154 1207 1157 ¹

52 1271 184 1338 dendam
199 1271 348 1340 Indicum
368 1272 489 1338 ferrum
506 1272 597 1339 nohis
612 1271 831 1344 fabricandum
850 1285 910 1350 est,
929 1275 1082 1344 auxilium

54 1381 143 1448 relati
155 1381 320 1471 quoddam
335 1394 445 1448 contra
460 1383 584 1450 hostem
599 1361 827 1449 evocantibus?
840 1383 926 1463 Quid
941 1387 1081 1452 remisi

51 1490 140 1558 luerit
153 1489 256 1581 pelvis
277 1490 395 1568 fictilis,
412 1516 453 1559 an
467 1492 648 1559 ablutarum
661 1514 815 1566 manuum
828 1495 936 1562 sordes
950 1519 1083 1562 nonex-

51 1603 164 1692 cipiet?
189 1614 225 1668 et
250 1625 315 1668 ras.
326 1601 436 1678 lictile,
454 1627 518 1692 quc
533 1603 628 1693 pedes
643 1600 795 1682 lavamus,
810 1607 929 1695 pedum
952 1605 1081 1674 sordesi

51 1714 171 1803 Ergone
186 1713 286 1779 etiam
301 1713 428 1803 indigne
442 1712 521 1779 feret
542 1735 650 1780 mensa
668 1737 738 1802 quae
758 1727 807 1781 est
827 1716 962 1805 pedihus
983 1719 1082 1783 ebur-

48 1822 113 1887 neis
129 1823 299 1894 instructa,
317 1821 342 1887 si
356 1845 472 1912 panem
487 1824 581 1903 unius
590 1823 675 1890 oholi
686 1827 877 1916 portaverit?
890 1849 995 1914 neque
1006 1851 1080 1895 vcro

51 1929 297 1998 lumenlurema
310 1931 514 2008 ministrabit,
526 1933 612 2022 quod
625 1933 666 2000 sit
679 1933 767 2024 figuti
786 1958 878 2025 opus,
894 1935 1081 2003 nonaurili·

55 2040 120 2106 cisi
134 2043 199 2130 Ego
214 2053 324 2108 autem
337 2043 422 2118 dico,
441 2040 490 2108 rel
512 2043 631 2111 humile
647 2047 814 2135 grabatum
827 2045 926 2112 nihilo
943 2047 1081 2115 deterio-

55 2174 123 2218 rem
133 2154 268 2240 prebere
279 2152 477 2228 accubitum,
489 2175 584 2240 quam
595 2151 715 2221 lectum
725 2154 912 2222 eburneum.
928 2155 1011 2222 Cum
1022 2179 1081 2221 au-

55 2274 119 2328 tem
132 2262 172 2327 ad
185 2263 453 2328 substernendum
464 2263 504 2328 sit
518 2263 592 2329 satis
607 2262 751 2351 pellium,
766 2265 845 2334 adeo
861 2277 896 2331 ut
913 2267 1081 2355 purpureis

50 2385 106 2438 aut
115 2373 256 2461 puniceis
271 2395 337 2440 non
353 2372 393 2439 sit
408 2395 500 2462 opus,
514 2386 646 2463 propter
662 2375 850 2464 primarum,
866 2399 936 2464 quae
951 2376 1082 2442 exitium

47 2481 236 2559 attulerunt,
249 2482 435 2550 deliciarum
451 2481 631 2561 stultitiam,
647 2482 851 2552 nihilosecius
869 2487 1083 2554 condemnare

46 2591 272 2684 frugalitatem.
290 2593 360 2683 quis
381 2605 489 2660 tantus
507 2616 597 2660 error
611 2607 644 2661 et
660 2619 741 2662 vana
756 2595 882 2686 pulchri
896 2594 1083 2686 persuasio?

44 2703 157 2770 Videte
174 2727 183 2770 τ
205 2702 351 2771 Christus
365 2703 399 2770 in
415 2701 469 2770 rili
483 2703 589 2771 catino
607 2704 716 2772 cibum
730 2705 876 2794 sumpsit,
888 2717 921 2772 et
934 2705 1011 2773 lecit
1021 2705 1083 2772 dia·

44 2813 166 2904 cipnlos
190 2837 290 2904 super
310 2812 444 2880 herbam
465 2815 669 2892 accumbere,
687 2828 720 2882 et
740 2815 837 2905 pedes
860 2839 972 2883 eorum
992 2813 1080 2892 lavit,
1174 2798 1179 2804 ¹

45 2917 141 2987 linteo
156 2921 338 2996 accinctus,
351 2944 369 2986 a
383 2919 466 2992 lastu
481 2919 601 2988 alienus
610 2920 695 2987 Deus
707 2932 740 2986 et
754 2920 909 2986 Dominus
923 2920 1081 2995 omnium,

45 3054 117 3098 sane
127 3056 199 3100 non
211 3044 397 3122 argenteum
408 3030 569 3098 lavacrum
580 3057 598 3098 e
610 3028 691 3100 caelo
704 3031 866 3098 deferens:
878 3043 911 3096 et
921 3054 938 3095 a
948 3030 1084 3096 Samari·

44 3154 115 3209 tana
124 3157 244 3234 potum
256 3143 358 3232 petiit,
373 3166 443 3232 quae
453 3165 569 3230 aquam
581 3164 652 3210 ruse
664 3141 754 3210 fictili
765 3141 932 3208 hauriebat
942 3161 961 3205 e
972 3151 1082 3230 puteo,

40 3275 158 3319 aurum
175 3251 286 3342 regale
300 3275 364 3318 non
379 3252 555 3338 requirens,
572 3251 656 3318 sitim
672 3262 780 3322 autem
795 3252 914 3317 docens
929 3246 1020 3314 facile
1035 3271 1083 3312 re-

40 3363 219 3452 stinguere.
238 3362 380 3451 Scopum
397 3363 485 3428 enim
501 3363 713 3438 constituebat
733 3384 841 3436 usum,
858 3381 923 3426 non
939 3355 1084 3423 inutilem
1107 3356 1109 3362 ’

41 3472 328 3562 magnificentiam.
349 3473 386 3540 ln
398 3472 549 3538 conviviis
565 3484 671 3538 autem
685 3470 876 3538 comedebat
891 3478 924 3534 et
938 3467 1082 3543 bibebat,

40 3607 107 3650 non
118 3608 139 3650 e
149 3596 238 3650 terra
250 3581 376 3652 metalla
389 3582 552 3665 effodiens,
567 3605 670 3671 neque
686 3581 755 3648 auri
769 3592 802 3646 et
816 3579 949 3669 argenti,
962 3579 1025 3646 hoc
1036 3589 1086 3644 est
1109 3625 1112 3630 -

40 3695 229 3784 rubiginem
241 3691 470 3771 redolentibus,
479 3692 613 3761 vasculis
626 3705 734 3759 utens:
750 3690 984 3780 quodammodo
995 3689 1083 3754 enim

38 3805 143 3892 spirat
154 3827 172 3872 e
183 3805 388 3894 superbiente
400 3806 531 3872 materia
547 3803 671 3894 rubigo.
688 3802 725 3867 ln
740 3823 861 3866 summa
874 3801 971 3876 enim,
985 3811 1017 3864 et
1028 3797 1082 3865 ali·
1108 3797 1113 3806 ’

38 3927 167 3993 menta,
189 3927 223 3984 et
244 3927 359 3995 restes,
373 3937 445 3985 vasa
460 3928 494 3983 et
512 3912 753 4006 supellectilem,
769 3923 802 3980 et
820 3932 1028 4000 quecumque
1048 3910 1081 3974 in
