2570 4614
204 186 266 268 ²74
513 199 684 246 cnsuuarrs
708 195 920 242 ιιιιιιιιιιιιιιι

202 327 290 390 sunt.
303 336 368 382 non
380 337 459 403 opus
471 313 591 384 babent
605 312 745 389 medico,
757 325 913 403 quatenus
924 323 1012 378 recte
1025 311 1168 386 valent¹;
1181 313 1231 399 qui

204 441 310 496 autem
328 437 493 517 aegrotant,
513 437 581 492 arte
598 426 758 516 indigent:
774 427 817 492 ita
831 449 889 494 nos
902 448 1043 516 quoque,
1057 427 1114 514 qui
1128 425 1161 492 in
1173 428 1228 494 viu

201 537 382 606 laboramus
402 537 565 626 probrosis
580 535 822 623 cupiditatibus,
834 535 1118 625 vituperandisque
1128 537 1231 603 intem

201 648 366 742 perantiis,
378 669 415 714 ac
425 646 624 725 libidinibus,
640 644 839 735 aliorumque
849 645 1000 711 vitiorum
1016 645 1231 712 inflammatio

200 757 487 836 nibus,Servatore
502 779 582 845 opus
593 737 769 822 hebemus?
775 755 805 822 is
820 766 928 822 autem
939 778 1005 822 non
1015 754 1146 821 solum«
1158 753 1230 821 lenia

202 869 356 938 ‚adhibet
375 867 606 933 medicamenta
616 893 648 941 ,ι
663 864 721 929 sed
734 863 935 930 etiamacria.
945 864 1159 930 Peccatorum
1173 865 1232 952 qui-

202 983 283 1069 dem·
298 989 386 1044 certe
404 987 626 1078 proserpentes
645 973 844 1041 corrosiones
864 973 980 1040 sistunt
998 997 1119 1041 amarae
1139 987 1232 1040 metm

201 1090 334 1158 radices.
364 1087 583 1168 Quamobrem
608 1083 752 1150 salutaris
775 1096 824 1150 est
847 1095 965 1160 metus,
992 1081 1070 1150 iicet
1098 1107 1227 1150 ammas.

203 1202 282 1269 Jurc
301 1220 376 1288 ergo
397 1197 451 1284 qui
470 1205 671 1285 aegrotamus,
692 1192 860 1258 servatore
878 1216 957 1283 opus
980 1192 1143 1259 babemus
1158 1217 1169 1258 τ
1185 1194 1231 1283 qui

203 1322 310 1377 autem
324 1305 554 1382 aberravimus,
567 1327 606 1369 eo
621 1303 675 1392 qui
690 1325 749 1368 nos
769 1303 887 1370 ducat:
908 1315 940 1369 et
955 1303 1009 1391 qui
1024 1304 1108 1371 caeci
1119 1327 1233 1380 sumus,

202 1443 240 1486 co
256 1418 309 1508 qui
324 1440 383 1482 nos
398 1415 439 1481 ad
453 1412 559 1482 lucem
573 1412 732 1478 deducatr
748 1423 780 1477 et
795 1411 850 1502 qui
865 1411 1001 1488 sitimus,
1017 1415 1114 1500 fonte
1127 1413 1230 1487 uitali,

201 1531 295 1619 cujus
309 1527 363 1616 q'ui
374 1538 449 1592 sunt
459 1524 629 1615 participes
639 1547 710 1588 uon
723 1523 869 1614 amptius
878 1524 991 1590 sistens
1000 1522 1012 1557 ²
1022 1548 1035 1588 .·
1045 1537 1080 1588 et
1092 1525 1150 1612 qui
1160 1545 1232 1590 mor

201 1642 248 1706 tui
264 1662 386 1714 snmus,
402 1638 465 1704 vita
487 1655 638 1725 egemusa
659 1634 715 1723 qui
729 1657 817 1708 ores.
838 1645 987 1722 pastore:
1005 1645 1041 1698 et
1060 1634 1121 1722 qui
1138 1631 1231 1723 pueri,

200 1750 374 1841 paedagogo
395 1771 404 1813 r
437 1745 610 1834 quinetiam
636 1744 782 1810 universa
807 1747 945 1810 bumana
974 1755 1116 1819 natura,
1141 1741 1228 1809 Jern:

202 1885 244 1928 ne
266 1856 411 1926 indomiti
434 1867 468 1921 et
486 1866 671 1945 peccateres
687 1852 842 1922 adfinem
865 1875 966 1942 usque
988 1851 1228 1929 existentes‚in-

200 1969 344 2039 cidamus
359 1968 392 2034 in
413 1963 734 2037 condemnationem
754 1959 810 2028 scd
829 1959 958 2050 apuleis
971 1983 1193 2052 segregemur,
1205 1973 1231 2026 et

200 2081 234 2148 in
257 2078 446 2169 apothecam
468 2086 635 2165 paternam
655 2083 866 2162 reportamur.
893 2071 925 2136 V
925 2071 1137 2138 catitubrum
1156 2073 1232 2138 eninr

199 2192 239 2258 ιἰι
258 2213 365 2258 mauu
380 2187 522 2263 Domini,
543 2208 607 2275 quo
629 2185 743 2276 paleo,
768 2207 839 2273 quas
860 2184 936 2275 igni
955 2183 1110 2258 debetur,
1135 2182 1232 2250 airu·

199 2312 309 2367 mento
321 2295 529 2364 secernitur’.
543 2294 633 2362 Licet
642 2305 763 2370 autem,
776 2293 802 2360 si
815 2292 921 2371 vultis,
934 2294 1131 2360 sanctissimi
1141 2305 1232 2384 pasto

201 2409 244 2475 ris
262 2420 294 2473 et
313 2405 493 2495 Paedagogi,
508 2402 736 2492 omnipotentis
757 2413 791 2469 et
803 2403 928 2493 paterni
947 2401 1060 2481 Verbi,
1079 2425 1228 2470 summan

202 2519 295 2589 nobis
312 2516 498 2605 sapientiam
512 2513 667 2590 ediscere,
680 2513 736 2578 ubi
747 2511 895 2602 allegoria
908 2512 1022 2590 utitur,
1035 2513 1180 2602 seipsum
1193 2513 1230 2578 di

200 2649 276 2694 oens
294 2641 461 2714 pastorem
475 2621 604 2688 ovium*
624 2644 632 2686 ι
654 2634 703 2688 est
722 2634 830 2688 autem
845 2622 1038 2712 Paedagogus
1053 2623 1226 2691 infantium.

198 2733 285 2806 Dicit
299 2754 375 2822 ergo
390 2728 679 2821 perbaccbielem,
694 2731 871 2798 orationem
893 2731 1031 2822 dirigens
1045 2733 1089 2800 ud
1109 2736 1229 2823 presby·
1283 2745 1284 2796 ζ

198 2855 298 2919 toros,
307 2838 572 2930 eteisquamdam
582 2837 752 2906 saiutmem
762 2840 854 2928 justae
865 2838 1089 2907 sollicitudinis
1096 2841 1229 2931 descrip-

199 2952 321 3017 tionem
338 2969 499 3040 exponens
514 2969 522 3012 z
535 2973 548 3007 ι
559 2949 601 3014 Et
616 2935 703 3036 quod
713 2946 866 3015 claudum
876 2961 924 3014 est
936 2945 1089 3038 alligabo,
1103 2962 1140 3016 et
1155 2949 1229 3040 quod
1283 2939 1284 2990 i

199 3093 213 3128 ι
230 3083 350 3152 regrum
365 3071 412 3126 est
428 3058 561 3134 curabo,
578 3070 611 3123 et
625 3058 712 3148 quod
726 3061 852 3126 aberrat
866 3057 1019 3124 reducam
1033 3081 1045 3124 a
1060 3070 1096 3124 ct
1110 3081 1232 3150 pascam

200 3167 578 3262 »ipsosegoadmontem
588 3166 1232 3258 sanctummeumtsflaeosunrpmmim

199 3281 275 3347 boni
288 3279 433 3369 pastoris.
449 3275 547 3344 Pasce
562 3299 619 3342 nos
631 3275 781 3353 infantes,
796 3278 878 3344 sicut
893 3299 977 3344 eves.
992 3276 1117 3357 Etiam,
1131 3280 1232 3346 Domi-

199 3413 254 3465 ne.
266 3390 363 3479 imple
374 3388 436 3455 tuis
446 3387 574 3477 justitiae
585 3384 710 3476 pabulis
724 3410 732 3454 z
746 3388 855 3467 etiam,
869 3387 1058 3479 padagogo,
1067 3413 1167 3479 pasce
1180 3413 1234 3458 nos

199 3498 240 3594 ad
254 3511 399 3566 sanctum
415 3507 507 3584 tuum
522 3507 680 3574 montem,
695 3496 737 3562 ad
751 3496 940 3574 Ecclesiam,
957 3520 1028 3585 quae
1043 3497 1076 3564 in
1093 3497 1161 3565 aito
1174 3511 1235 3574 est,

229 3675 238 3709 ⁴
249 3674 314 3726 Vide
325 3676 358 3724 D.
369 3676 482 3736 Guiiioo,
495 3693 522 3743 p.
530 3676 589 3736 tab.

227 3746 239 3782 ²
260 3749 334 3798 toan.
346 3765 381 3810 ιι,
397 3751 435 3813 ι4,
451 3753 490 3802 ι5.
499 3751 549 3792 --Ι
562 3752 654 3804 Mattb.
667 3771 709 3816 ιιι,
721 3770 757 3804 ιι.
770 3755 830 3806 buc.
846 3771 883 3813 ιιι,
900 3767 939 3820 17.
951 3753 1090 3805 -troaa
1101 3770 1128 3814 x,
1141 3769 1183 3814 ιι,
1196 3753 1236 3812 ri·

197 3849 228 3862 ··-
238 3821 251 3856 ⁸
260 3820 353 3874 nauh.
363 3828 448 3885 ιἰκιι,
462 3824 500 3885 ri,
514 3827 553 3887 1⁵,
565 3825 603 3875 ι6.
979 3847 981 3852 ·
