2412 4596
310 255 501 308 S'l'fltfflffllll
523 263 585 307 ffl-
612 264 648 307 11.

44 425 83 506 t'.
95 421 223 488 Timor:
239 420 346 486 timor
356 420 454 487 enim
466 419 615 486 minime
624 413 882 511 abjiciendus¹.

457 531 464 556 .
542 537 546 546 .
779 541 781 546 ,

40 604 90 684 Qui
107 603 239 669 timorem
258 612 362 666 autem
382 613 549 678 accusant,
565 599 667 692 legem
683 601 889 678 insectantur.
906 603 1004 686 Quod

9 710 138 801 allegem,
157 709 272 778 clarum
292 722 359 786 est,
376 711 464 800 quod
481 708 572 775 illum
587 733 734 800 quoque,
753 712 807 800 qui
823 709 926 801 legem
945 693 1030 788 de,-v

10 816 69 886 dit...
83 818 120 886 dt
130 831 225 896 certe,
238 819 402 908 inquiunt,
415 817 513 885 timor
522 830 571 883 est
582 844 599 884 a
612 818 734 885 ratione
747 818 847 886 aliena
860 819 1004 888 declina·
1093 853 1096 859 ·

10 927 54 1004 tio,
68 940 95 994 et
113 927 200 994 animi
215 927 419 1017 perturbatio.
441 927 528 1008 Quid
542 939 578 990 tu
595 927 699 993 dicisl
716 939 749 992 et
767 929 929 1017 quomodo
947 929 1004 994 tibi

11 1033 109 1124 anplius
122 1035 231 1102 servari
245 1035 345 1125 possit
354 1034 423 1101 haec
440 1035 604 1112 definitio,
617 1057 694 1102 eum
709 1048 905 1125 praeaeptum
924 1038 1004 1104 mihi

12 1143 168 1232 nrlogon,
186 1167 242 1209 seu
259 1143 420 1209 Rationem
428 1191 440 1220 ,
458 1144 569 1209 datum
589 1143 654 1209 sit?
672 1144 872 1234 Praeceptum
897 1157 1004 1224 autem

13 1251 118 1320 ¹intorem
132 1254 312 1342 pronuntiat
332 1277 390 1342 per
413 1251 632 1343 disciplinam,
648 1275 722 1319 eum
738 1254 792 1341 qui
808 1254 839 1320 id
854 1256 1003 1344 suscipit,

13 1385 89 1426 anns
100 1373 130 1426 ut
143 1362 328 1452 corrigatur.
348 1361 418 1428 Non
430 1373 478 1427 est
494 1385 570 1450 ergo
588 1362 684 1427 timor
696 1387 712 1428 a
723 1363 846 1430 ratione
859 1361 978 1436 alienus
994 1387 1003 1429 τ

13 1470 133 1560 utitaque
147 1470 257 1536 rationi
269 1481 511 1536 consentaneus.
533 1468 654 1551 Quidni
669 1470 755 1536 enim
768 1469 783 1536 i
795 1492 870 1536 cum
885 1471 1001 1538 adhor-

14 1585 82 1651 etur,
97 1577 179 1643 «Non
195 1577 340 1654 occides,
353 1602 419 1644 non
434 1576 658 1656 maechaberis,
674 1601 740 1644 non
755 1561 923 1656 furaberis,
939 1605 1005 1650 non

14 1683 107 1751 ¹salsum
122 1685 202 1752 dices
217 1687 437 1754 testimonium
447 1685 494 1751 ².»
511 1685 576 1754 Sed
589 1687 619 1750 si
637 1688 767 1752 nomina
783 1700 893 1776 argute
909 1713 1006 1756 euco-

14 1791 78 1882 ptare
89 1793 193 1873 relint,
210 1809 345 1864 εὐλάὸιιαν
358 1848 366 1876 ,
380 1794 414 1862 id
429 1807 495 1873 est,
512 1793 699 1870 cautionem,
715 1818 773 1883 per
787 1819 839 1862 mc
856 1795 930 1862 lieet
946 1821 1005 1863 vo-

13 1913 62 1966 tent
70 1897 127 1990 legis
140 1905 288 1970 timorem
298 1901 479 1994 philosophi
492 1953 501 1980 ,
516 1927 586 1992 quaa
601 1914 649 1968 est
661 1913 876 1970 consentanea
891 1905 1006 1972 rationi

13 2003 144 2078 declinatio.
176 2013 241 2079 Hos
277 2011 434 2079 Critolaiis
456 2010 628 2078 Phaselites
655 2007 720 2078 non
746 2011 853 2104 inopte
885 2017 1008 2082 vocavit

14 2127 186 2209 ῐψωμάχους,
203 2122 236 2188 id
254 2135 322 2197 est,
341 2123 395 2211 qui
413 2120 589 2212 depugnant
609 2120 646 2186 de
661 2121 870 2190 omninibus...
889 2119 1023 2192 Viden-¹

14 2247 54 2292 nus
70 2241 160 2296 autern
177 2283 186 2308 ‚
204 2254 353 2320 quaenam
380 2253 449 2296 esse
472 2228 613 2322 timenda
635 2226 686 2294 lex
708 2232 883 2298 annuntiet.
910 2233 944 2300 si
966 2257 1004 2300 ea

11 2333 115 2420 pidem,
127 2363 193 2428 quae
208 2350 288 2405 sunt
303 2339 408 2404 media
420 2339 503 2403 inter
518 2337 670 2403 virtutem
685 2349 717 2404 et
733 2339 865 2417 vitium,
880 2352 914 2404 ut
930 2365 1007 2430 pau-

10 2455 137 2522 etatem,
156 2459 187 2512 et
207 2449 382 2524 morbum,
405 2459 437 2512 et
452 2445 676 2538 ignominiam,
699 2457 732 2511 et
746 2447 977 2538 ignobilitatem
996 2473 1005 2516 τ

10 2555 92 2640 tque
109 2567 179 2620 sunt
197 2553 251 2621 his
273 2553 386 2620 similia
404 2579 412 2618 :
431 2553 500 2620 haee
517 2554 645 2644 quidem
666 2552 827 2645 pleraeque
844 2557 1007 2626 civitatum

9 2679 60 2746 eges
69 2677 275 2754 proponentes
290 2661 481 2728 laudantur:
499 2674 531 2729 et
547 2663 783 2754 Peripateticis,
801 2666 856 2755 qui
870 2665 929 2734 tria
945 2669 1007 2738 ho-

8 2785 84 2836 lerum
98 2797 207 2864 genera
223 2771 455 2849 introducunt,
478 2782 510 2837 et
531 2795 643 2838 eorum
661 2773 818 2840 contraria
832 2773 915 2844 mala
938 2798 1006 2842 esse

8 2889 130 2966 reputant,
149 2905 186 2948 ea
203 2880 378 2947 conformis
397 2893 445 2945 est
467 2881 585 2970 opinio.
612 2880 709 2946 Nobis
733 2895 839 2949 autem
861 2883 933 2950 data
956 2883 1008 2950 lex

8 2997 43 3057 tt,
55 3010 112 3076 qua
128 3014 200 3055 vere
219 2985 305 3056 mala
321 3001 413 3066 sunt,
431 2989 522 3078 jubet
536 2989 666 3078 lugere,
687 2981 899 3068 adulterium,
917 3005 1007 3082 petu-

8 3075 122 3176 lantiam,
145 3119 322 3188 puerorum
346 3093 512 3176 amorem,
540 3098 773 3188 ignorantiam,
800 3100 1006 3190 injustitiam,

8 3203 114 3272 norlum
126 3207 258 3282 animae,
275 3218 431 3279 mortem
453 3230 517 3272 non
533 3230 624 3284 eam,
640 3229 710 3296 quae
725 3205 816 3272 solvit
835 3207 973 3274 animam
989 3234 1006 3276 a

8 3323 115 3398 'orporea
134 3316 191 3381 sed
211 3338 304 3390 eam,
326 3338 397 3402 qnae
419 3315 556 3380 animam
573 3312 714 3402 dissolvit
734 3341 749 3380 a
768 3315 909 3382 veritate.
931 3317 1008 3382 Haec

8 3423 138 3490 natenim
152 3447 227 3490 vere
239 3423 344 3514 gravia
355 3435 387 3488 et
399 3423 538 3490 timenda
554 3423 649 3501 vitia,
666 3435 698 3490 et
712 3448 783 3513 quae
794 3447 834 3489 ex
848 3423 893 3488 eis
908 3424 1008 3514 proli-

8 3521 129 3597 itcuntur
144 3525 354 3623 operationes.

28 3629 104 3702 llntle
126 3637 287 3724 sapientie
305 3637 487 3724 principium
505 3634 594 3701 timor
610 3637 690 3701 Du*
709 3637 814 3703 divine
828 3637 931 3706 dictus
946 3653 1004 3706 est.

23 3819 30 3843 ¹
41 3827 91 3892 rag.
104 3831 154 3892 446
164 3841 188 3880 et
197 3847 264 3896 seqq.

21 3910 109 3968 'tzod
123 3939 173 3984 xx,
188 3920 279 3984 13,1d,
296 3916 336 3984 15,
353 3919 392 3971 16.
407 3949 440 3959 -
454 3921 460 3944 '
474 3919 547 3971 Prot.
565 3939 588 3984 1,
603 3938 625 3982 7.

124 4032 164 4073 lv.
