2382 4592
322 255 513 302 sraouaruu
536 256 597 301 aas.
625 257 654 300 r.
786 225 792 244 '
948 239 1008 326 ¹9⁵

9 399 158 470 responsa
175 376 298 442 dantur
315 399 375 468 per
388 377 554 467 enigmata
567 399 577 444 :
590 397 652 442 nec
666 376 881 445 ostenduntur
895 393 1013 469 myste-

22 485 186 576 quibusuis
202 484 454 562 accedentibus,
469 506 531 554 nec
544 483 604 552 nisi
616 496 688 574 post
699 497 802 552 certas
817 487 1011 578 expiationes

9 605 176 686 precepta.

11 759 54 835 30.
69 764 210 834 Omnes
224 759 360 860 populi
373 759 560 858 allegorias
575 756 804 834 tabuerunt¹
820 788 828 832 :

9 931 75 999 iam
87 953 164 996 vero
175 929 232 1019 qui
246 929 409 996 docentur
420 929 459 996 ab
474 927 629 1020 AEgyptiis
640 931 797 1021 ,primum
808 931 936 1021 quidem
946 933 1012 1001 dis-

9 1053 39 1106 nt
55 1039 282 1129 AEgyptiarum
298 1035 477 1104 litterarum
488 1038 572 1105 nam
588 1061 626 1106 ac
640 1039 816 1118 rationem,
829 1063 899 1128 quae
913 1065 1011 1110 voca-

9 1144 314 1238 repistolographica
330 1145 494 1212 :secundo
506 1158 613 1213 autem
627 1146 826 1226 hieraticam,
840 1173 904 1240 qua
916 1161 1023 1216 utun·

9 1279 22 1321 r
35 1257 330 1344 Hierogrammates
345 1277 353 1321 ε
371 1253 516 1322 ultimam
530 1266 637 1321 sutem
648 1253 919 1346 hieroglypbicom
933 1281 941 1323 τ
956 1281 1011 1324 cu·

9 1387 20 1430 s
39 1387 99 1430 una
115 1360 248 1451 quidem
271 1361 396 1453 species
411 1375 460 1428 est
479 1385 537 1452 per
555 1363 657 1451 prime
672 1362 848 1440 elementa,
872 1363 1012 1454 cyriolo-

9 1495 42 1539 ea
57 1473 151 1546 dieta3
170 1471 274 1540 altera
290 1493 368 1538 vero
390 1469 574 1560 symbolica.
596 1471 786 1560 Symbolicae
800 1485 926 1550 autem,
949 1499 1013 1543 una

9 1581 96 1646 sidem
110 1581 240 1670 proprie
264 1579 407 1668 loquitur
421 1601 479 1669 per
494 1579 701 1645 imitationem
715 1604 723 1652 t
743 1579 802 1646 alia
818 1605 893 1647 vero
908 1631 917 1659 ,
934 1583 1013 1649 scri-

9 1699 54 1752 tur
66 1686 163 1755 veluti
186 1689 316 1777 tropice
325 1711 338 1762 a
358 1685 417 1753 alia
432 1709 528 1764 vero,
543 1686 609 1752 fere
625 1686 780 1776 significat
795 1711 852 1777 por
866 1689 1014 1778 quaedam

9 1797 139 1886 sigmate.
156 1797 223 1879 Qui
235 1795 341 1862 solem
352 1794 458 1883 itaque
473 1792 584 1861 volunt
599 1794 758 1870 scribere,
775 1795 895 1862 faciunt
907 1796 1014 1864 circu-

9 1904 177 1973 mtlunam
201 1915 337 1996 eutem,
360 1901 496 1991 Quam
510 1898 594 1968 lunae
611 1922 770 1968 cornuum
790 1901 927 1972 sormam
947 1928 1014 1995 prae

9 2013 187 2092 terentem,
205 2012 437 2081 convenienter
447 2009 477 2075 ei
488 2009 618 2085 forme,
634 2031 706 2097 que
717 2011 846 2101 proprie
859 2010 1011 2102 loquitur.

9 2122 99 2210 ropice
115 2133 246 2200 autem,
269 2143 327 2212 per
342 2116 597 2186 convenientiam
612 2117 815 2184 traducentes
830 2131 863 2186 et
878 2122 1015 2190 transse-

9 2241 91 2306 ntes,
106 2241 140 2296 et
156 2229 220 2296 alia
237 2226 369 2318 quidem
383 2227 605 2302 immutantes,
623 2223 683 2291 alia
699 2247 776 2292 vero
788 2225 896 2294 multis
911 2231 1015 2297 modis

10 2337 252 2428 msiigurantes,
277 2334 473 2423 imprimunt.
499 2321 622 2422 Regum
642 2332 751 2423 itaque
773 2331 882 2401 laudes
897 2335 1015 2410 ‚fabulis

11 2445 83 2512 ediis
97 2444 341 2519 immiscentes,
358 2439 573 2531 anaglypbicis
588 2438 782 2506 describunt.
798 2442 896 2508 Tertii
909 2456 1016 2515 autem

12 2555 112 2631 tueris,
133 2553 226 2644 quod
247 2551 284 2618 iit
307 2573 365 2640 per
389 2549 575 2638 aenigmata,
597 2545 662 2614 boc
687 2548 727 2615 sit
752 2549 905 2619 indicium
924 2575 934 2618 t
956 2550 1016 2620 alia

13 2660 100 2728 idem
120 2674 228 2738 astra,
250 2671 382 2750 propter
403 2655 565 2746 obliquam
584 2657 844 2736 conversionem,
861 2659 1016 2728 assimila-

13 2780 55 2834 mt
75 2771 261 2861 corporibus
280 2777 464 2858 serpentum
482 2789 491 2831 τ
508 2762 608 2830 solem
627 2787 722 2840 vero,
746 2767 905 2840 scarabei:
932 2792 1015 2855 quo-

14 2874 80 2952 tam,
96 2901 169 2945 cum
183 2877 357 2945 rotundam
370 2897 409 2940 ex
428 2871 551 2940 bubulo
566 2885 706 2940 stercore
722 2873 844 2940 effinxit
859 2874 1019 2964 figuram,

15 3003 51 3048 sm
60 2983 143 3050 mlta
155 2985 289 3054 adverso
305 2980 474 3050 convolvit.
493 2981 593 3048 Aiunt
607 2992 715 3047 autem
727 2979 792 3048 boc
807 3005 934 3071 quoque
949 2983 1016 3051 ani·

16 3087 124 3166 ul,sex
134 3095 266 3181 quidem
279 3091 442 3160 mensibus
457 3088 516 3157 sub
531 3100 635 3165 terra,
649 3086 781 3156 alteram
801 3113 876 3158 vero
890 3103 1013 3182 partem

17 3199 56 3262 uni
65 3201 156 3268 num
167 3203 284 3293 degere
294 3221 390 3289 super
404 3209 540 3272 terram,
556 3207 589 3260 et
600 3217 713 3262 semen·
724 3195 756 3261 in
771 3195 904 3287 globum
915 3201 1014 3276 cmit-¹

18 3325 68 3380 nc,
82 3319 113 3374 et
133 3309 282 3401 gignere,
305 3320 337 3374 et
356 3328 421 3373 non
437 3303 524 3371 nasci
540 3302 703 3370 ioeminam
718 3305 914 3372 scarabeum.
935 3307 1015 3386 Om-

19 3433 44 3476 es
56 3437 141 3505 ergo,
158 3431 194 3485 ut
208 3414 305 3486 semel
321 3415 447 3492 dicam,
464 3413 518 3501 qui
531 3410 677 3476 derebus
692 3411 805 3478 divinis
819 3423 1013 3492 tractarunt,

19 3541 53 3585 tm
67 3523 191 3592 barbari
206 3548 303 3615 quam
322 3523 445 3600 Graeci,
464 3542 571 3586 rerum
593 3518 722 3606 quidem
737 3519 890 3610 principia
905 3523 1014 3592 occul-

20 3645 140 3706 uerunt3
155 3635 319 3700 veritatem
331 3643 438 3697 autem
450 3627 691 3718 enigmatibus,
708 3627 865 3716 signisque
879 3654 917 3720 ae
931 3657 1014 3722 sym-

21 3731 89 3810 ois,
115 3752 146 3804 et
167 3739 322 3830 allegoriis
344 3760 452 3804 rursus
474 3747 507 3802 et
531 3731 743 3823 metaphoris,
772 3746 805 3800 et
825 3737 1013 3826 quibusdam

36 3877 43 3901 ¹
55 3883 103 3951 Peg.
113 3885 159 3952 655
172 3903 194 3940 st
206 3907 273 3955 seqq.
