2570 4614
393 291 593 344 rnnrooous,
616 293 677 336 mm
705 291 726 334 ι.
1015 270 1074 334 rbi

35 427 134 471 cnseo
145 405 262 472 timore
276 405 432 495 impetum
444 406 485 472 ud
499 417 629 495 peccans
645 405 800 496 reprimit,
812 418 846 472 et
860 427 950 472 sunm
968 406 1001 471 iu
1016 407 1076 472 bo·

33 516 141 582 mines
153 515 421 583 benevolentium
440 517 591 593 ostendit,
609 517 715 584 adhuc
736 516 899 592 differens,
913 528 947 581 et
968 527 1076 582 osten-

32 625 118 692 dens
135 625 242 714 quelle
265 638 341 692 sunt
363 627 485 715 passuri
507 628 533 692 si
554 639 740 716 peccatores
760 638 991 716 permaneant:
1011 647 1076 690 non

31 747 161 814 eutem,
172 737 256 802 sicut
267 759 410 827 serpens,
424 736 530 803 stutim
540 736 656 802 iulixus
670 737 806 803 mordet.
821 738 930 803 Bonus
942 748 1075 824 estergo

31 847 135 912 Deus.
154 845 262 936 Atque
280 847 347 937 ipse
368 848 500 937 quidem
519 848 675 914 Dominus
694 871 840 914 sermone
862 858 935 913 ante
955 845 1074 912 suctum

31 976 122 1044 saepe
137 955 243 1020 utitur
254 978 273 1020 t.
288 955 455 1046 «Sagittae,
471 937 595 1044 inquit,
610 981 690 1024 meae
705 957 876 1024 conficient
889 956 987 1047 ipsos,
999 979 1075 1022 con·

32 1065 187 1154 »sumpti
208 1051 293 1131 sume
311 1077 344 1131 et
361 1090 470 1132 morsu
487 1066 606 1143 svium,
623 1079 656 1132 et
671 1089 843 1150 nervorum
858 1066 891 1130 iu
915 1064 1073 1131 cervicem

31 1205 47 1238 ι
61 1174 234 1244 convulsio
255 1175 509 1248 immedicabilis.
527 1177 646 1242 Dentes
661 1174 840 1243 belluarum
855 1175 1025 1242 immittam
1039 1175 1073 1240 iu

32 1283 170 1372 eipsos,
183 1305 259 1348 cum
275 1285 322 1349 iro
346 1285 549 1374 serpentium
560 1307 657 1374 super
672 1296 801 1350 terrum.
820 1283 910 1350 Foris
931 1281 1002 1348 liliis
1018 1306 1073 1352 eos

33 1423 49 1456 ι
61 1395 195 1460 (ιιΙιιΙιίι
207 1391 344 1484 gladius,
360 1407 393 1460 et
412 1418 451 1461 ex
466 1383 694 1484 'promptuariis
710 1393 846 1461 metus¹.
861 1421 874 1456 ι
891 1393 965 1462 Non
976 1393 1083 1482 igitur,

35 1502 122 1570 Deus
136 1503 302 1580 irascitur,
317 1515 353 1568 ut
367 1502 528 1570 nonnullis
543 1505 644 1571 risum
659 1515 720 1580 est,
736 1503 792 1569 sed
805 1501 995 1593 plerumque
1011 1502 1073 1569 bo·

33 1615 140 1682 mines
150 1613 298 1690 cohibet,
312 1611 438 1704 semper
449 1627 555 1680 nutem
566 1615 725 1690 bortatur,
737 1625 769 1680 et
779 1637 850 1702 quae
865 1625 938 1679 sunt
952 1612 1072 1702 egendo

33 1727 171 1793 indicat.
185 1726 276 1792 Bone
303 1737 410 1792 nutem
431 1737 480 1792 est
498 1727 566 1793 haec
587 1723 650 1805 ars,
677 1738 797 1792 terrere
818 1749 859 1792 ne
879 1747 1068 1816 peccemus:

34 1864 50 1897 ι
62 1833 180 1900 Timor
193 1835 280 1901 enim
294 1835 422 1902 Domini
437 1847 568 1925 peccata
581 1836 731 1902 extrudit.
742 1836 805 1918 Qui
821 1848 869 1902 est
883 1849 990 1902 eutem
1005 1837 1072 1900 sine

38 1975 54 2007 ι
71 1947 200 2020 timore,
209 1969 272 2012 non
285 1946 403 2036 poterit
417 1945 595 2034 justificari,
608 1948 720 2034 inquit
730 1947 907 2037 Scriptura
919 1945 942 2011 ².
956 1975 970 2010 ι
984 1946 1070 2012 Deus

41 2067 155 2121 eutem
169 2077 233 2122 non
244 2079 280 2122 ex
297 2057 344 2122 ira
362 2056 480 2146 irrogat
498 2054 700 2148 supplicium,
716 2059 772 2125 sed
786 2059 874 2147 quod
888 2059 1007 2146 justum
1022 2069 1071 2124 est

44 2164 227 2232 consideret
240 2186 252 2230 r
265 2189 379 2256 nempe
395 2167 628 2256 quodpropter
640 2189 697 2234 nos
713 2191 777 2234 non
793 2168 1075 2258 expedietpraeter-

42 2274 130 2341 mitti
148 2275 234 2364 qued
253 2276 374 2364 justum
396 2287 453 2342 est.
474 2275 697 2366 Unusquisque
719 2287 985 2344 eutem-uestrum
998 2299 1074 2365 sup-

39 2382 174 2473 plicium
195 2383 294 2474 eligit,
318 2409 394 2452 cum
414 2398 526 2476 sponte
540 2398 653 2477 peccat
670 2409 679 2452 ε
697 2385 790 2476 culpe
808 2397 858 2452 est
877 2398 985 2452 eutem
1005 2387 1074 2474 ejus

37 2494 95 2582 qui
108 2492 202 2584 eligit
215 2517 225 2559 z
241 2495 274 2560 in
296 2495 401 2560 Deum
415 2496 629 2586 nutemculpu
646 2496 784 2564 conferri
798 2497 917 2585 nequit.
938 2523 951 2557 ι
965 2495 1000 2563 Si
1015 2519 1074 2562 uu-

35 2633 51 2667 ι
65 2617 133 2671 tem
154 2605 310 2694 injustitie
330 2618 438 2672 nostra
453 2607 511 2674 Dei
530 2609 683 2697 justitium
699 2607 915 2684 commendet,
932 2607 1073 2696 quiddi

34 2743 49 2778 ι
64 2715 201 2782 cemus?
212 2714 374 2804 Numquid
387 2727 435 2782 est
450 2717 535 2784 Deus
551 2718 699 2807 injustus,
716 2718 770 2806 qui
784 2717 883 2783 infert
894 2717 994 2782 irum?
1005 2716 1070 2783 Ab·

36 2851 49 2886 ι
64 2824 140 2890 sit⁸.
156 2823 271 2890 s-Dicit
285 2825 391 2913 itaque
408 2826 531 2893 minens
549 2851 556 2892 :
570 2852 583 2888 ι
597 2827 718 2894 Acuum
736 2825 876 2916 gludmm
898 2851 1018 2904 meum.
1038 2837 1072 2892 et

36 2933 288 3023 »apprehendet
301 2932 458 3023 judicium
472 2957 585 3000 manus
600 2958 683 3012 mes,
700 2937 812 3027 etipse
831 2937 1004 3004 retribuum
1019 2938 1071 3024 jus
1157 2953 1160 2958 '

35 3071 51 3106 ι
66 3043 217 3120 inimicis,
230 3055 264 3109 et
277 3043 315 3109 iis
332 3043 388 3132 qui
408 3043 545 3110 oderunt
559 3068 611 3112 me
629 3047 814 3113 retribuum.
837 3048 1006 3113 Inebriabo
1025 3069 1071 3111 se-

34 3181 49 3216 ι
65 3152 162 3243 giltas
182 3175 273 3219 mess
286 3153 452 3243 sunguine,
472 3163 506 3220 et
526 3153 648 3244 gladius
662 3178 751 3222 meus
766 3155 914 3222 comedet
928 3177 1040 3221 cernes
1056 3177 1074 3220 a

33 3264 223 3354 »sanguine
237 3261 513 3338 uulneratorum&
539 3292 552 3327 ι
568 3265 629 3331 llic
646 3289 722 3356 ergo
745 3277 890 3355 opertum
904 3265 967 3339 est,
989 3263 1075 3351 quod

32 3375 92 3462 qui
109 3395 180 3439 non
201 3383 277 3438 suut
294 3371 416 3440 inimici
431 3373 569 3450 veritati,
583 3397 689 3466 neque
703 3372 847 3441 Verbum
862 3373 1012 3449 oderunt,
1032 3371 1078 3438 illi

35 3504 131 3548 snam
147 3481 290 3572 ipsorum
305 3479 440 3547 salutem
454 3481 528 3549 odio
544 3506 607 3551 non
621 3483 806 3560 habuerint,
822 3483 881 3548 sed
896 3483 1082 3549 inimicitia-

34 3615 111 3660 rum
135 3614 248 3683 poenas
269 3589 479 3682 effugerint«
500 3590 625 3659 Corone
647 3590 950 3681 itaque-sapientire,
972 3592 1082 3679 inquit

34 3732 49 3767 ι
67 3703 262 3794 Sapientia,
277 3703 373 3770 timor
383 3702 511 3770 Domini
520 3702 542 3768 ⁸.
558 3703 788 3792 »Apertissimc
802 3715 908 3769 autem
920 3725 977 3792 per
987 3704 1084 3770 Amos

70 3863 312 3926 11)ιιιῑ.ιιιιι,ι5,
324 3863 364 3925 24,
378 3866 417 3914 25.
428 3861 565 3915 —2Eeoli-
574 3881 593 3928 ι,
606 3863 635 3914 ι8
647 3873 756 3931 etucqq.
765 3863 811 3904 ·-²
822 3865 898 3916 licm.
917 3881 956 3927 m,
967 3863 991 3922 5,
1009 3864 1073 3914 6.-

35 3935 143 3988 ‘Duc
156 3937 384 4000 mininie-⁸
395 3938 475 3990 Eccli.
483 3956 501 4002 ι,
511 3937 548 3990 18.
