2570 4614
346 283 540 338 rausuoeus,
564 285 623 328 urn.
649 285 673 328 1.
712 304 714 313 ·
963 269 1026 354 sip

42 416 152 480 cernet
167 403 392 479 nutrimentum,
412 416 445 472 et
465 405 568 494 panis,
584 413 617 470 et
630 403 769 493 unguis,
785 416 818 468 et
832 400 892 470 lec.
911 397 1029 472 Omnia

40 528 78 579 est
87 514 231 588 Dominus,
249 523 281 576 ut
297 535 354 578 nos
368 537 406 580 eo
417 513 571 590 frrmmur,
585 516 640 604 qui
654 516 687 580 in
701 515 806 606 ipsum
820 514 1025 582 credidimus.

42 625 76 694 lle
91 624 151 714 quis
165 624 250 713 igitur
266 625 411 701 miretur,
427 625 514 714 quod
538 649 596 692 nos
616 627 802 716 sanguinem
824 626 952 692 Domini
979 627 1031 692 loc

41 735 174 825 allegorice
188 735 347 802 dicemus:
367 760 473 802 ennon
487 737 575 802 enim
594 738 702 802 vinum
720 759 846 826 quoque
861 735 1029 826 allegorice

33 843 149 910 dicitur?
162 871 174 904 e
188 844 247 924 Qui
267 842 362 922 lavat,
382 847 506 934 inquit,
532 848 565 914 iu
583 848 657 914 vino
679 859 798 914 restem
820 871 922 922 suem,
946 860 979 913 et
997 848 1029 913 in

40 956 187 1044 »unguine
202 979 264 1022 urae
278 957 642 1024 indumentum.suum¹.
661 985 682 1020 ι
693 958 731 1024 ln
746 957 866 1046 Spiritu
879 979 937 1022 suo
952 957 1032 1024 dicit

41 1090 66 1132 re
83 1078 246 1134 ornaturum
265 1089 380 1156 corpus
406 1067 517 1144 Verbi,
535 1067 807 1156 quemadmodum
829 1065 950 1134 seilicet
973 1091 1030 1132 suo

41 1173 133 1264 Spiritu
154 1177 282 1242 enutriet
303 1199 358 1242 eos
380 1177 434 1266 qui
454 1176 598 1244 Verbum
623 1179 776 1246 esuriunt.
808 1175 905 1256 Quod
925 1188 1032 1244 eutem

42 1287 137 1374 ειπειιίε
149 1287 184 1352 sit
196 1285 346 1363 Verbum,
362 1286 443 1354 Abel
449 1288 564 1377 justi²
581 1289 708 1378 sanguis
723 1289 785 1354 lert
801 1287 1032 1364 testimonium,

44 1396 179 1484 priDoum
191 1397 375 1488 interpellet.
391 1397 525 1488 Sanguis
540 1399 626 1466 enim
641 1421 752 1466 uocem
768 1421 931 1487 nunqnam
943 1399 1033 1464 emit

46 1517 88 1582 tet,
102 1508 148 1572 nisi
170 1508 287 1596 sanguis
305 1504 452 1576 Verbum
472 1506 673 1598 intedigatur,
695 1506 795 1575 Vetus
816 1508 902 1574 enim
928 1508 1031 1596 justus

46 1627 114 1704 typus
127 1619 243 1684 estuovi
258 1617 333 1708 justi
355 1641 364 1682 ι
388 1629 420 1682 ot
434 1620 561 1708 sanguis
576 1631 679 1694 vetus,
696 1619 750 1707 qui
765 1615 957 1707 interpellet,
973 1637 1032 1707 pro

46 1729 244 1816 noroongoine
260 1726 454 1819 interpellat.
468 1729 571 1796 Deum
589 1741 696 1796 autom
711 1727 883 1816 alloquitur
893 1728 1032 1817 sanguis,

45 1835 87 1924 qui
97 1849 137 1902 est
152 1835 292 1915 Verbum,
308 1840 464 1928 quoniam
482 1830 674 1929 significarit
688 1838 846 1916 Verbum,
864 1837 1034 1928 quoderat

48 1967 185 2032 passurum.
201 1949 357 2016 Ceterum
376 1972 452 2018 caro
466 1973 594 2040 quoque
609 1951 688 2040 ipsa,
710 1961 744 2015 et
759 1951 898 2040 sanguis,
916 1949 970 2039 qui
984 1959 1035 2014 est

52 2056 150 2145 inipso,
162 2057 238 2126 ueluti
251 2083 309 2150 per
328 2061 499 2150 quemdum
510 2061 813 2138 remunerationem,
828 2059 912 2127 lecte
926 2062 1032 2151 irrige-

52 2175 95 2229 tur
111 2178 136 2232 et
153 2181 268 2257 agenr.
299 2171 404 2244 Porro
433 2183 540 2238 autem
561 2173 636 2261 ,ejus
658 2172 743 2260 quod
768 2171 960 2261 conceptum
984 2183 1033 2236 est

51 2272 164 2342 formatio
178 2277 207 2344 lit
217 2280 337 2346 semine
355 2282 530 2350 commuto
547 2304 585 2349 ec
598 2294 836 2371 contemperato
851 2304 925 2350 cum
937 2303 1031 2371 puro,

51 2385 115 2472 quod
126 2386 246 2457 relictum
256 2403 319 2466 est,
336 2403 540 2460 excremento
551 2403 723 2458 menstruae
734 2390 937 2481 purgationis.
955 2389 1035 2468 Quae

48 2499 202 2566 estenimin
222 2525 258 2568 eo
282 2501 437 2580 incultas,
467 2503 628 2592 sanguinis
652 2513 801 2568 naturum
824 2499 1035 2590 conglobans,

45 2609 268 2695 quemadmodum
279 2612 451 2702 coagulum
467 2612 542 2679 lacit
557 2609 605 2678 lac
617 2634 837 2688 concrescere,
852 2609 1035 2679 formaturas

45 2714 117 2782 efficit
126 2699 327 2788 substantiam.
345 2719 453 2788 Facile
464 2721 550 2787 enim
562 2733 692 2812 geneum
703 2724 786 2789 bonu
799 2733 1030 2810 temperatura:

44 2849 96 2914 quc
108 2809 197 2896 autem
214 2847 286 2899 sunt
299 2846 457 2911 extremo,
473 2856 627 2924 propense
645 2845 719 2900 sunt
733 2832 774 2900 nd
790 2831 929 2900 filiorum
945 2833 1036 2898 steri·

45 2933 144 3004 litatem
163 2942 235 3008 Nam
256 2945 289 3010 in
316 2945 383 3034 ipsa
406 2923 502 3010 etiam
523 2957 619 3019 terra,
642 2943 728 3033 quod
751 2943 856 3009 nimiis
875 2942 1032 3008 imbribus

44 3045 188 3128 inundetur,
207 3077 314 3120 semen
330 3053 537 3130 abstrahitur,
553 3066 684 3144 propter
697 3052 840 3118 humoris
858 3063 964 3117 autem
976 3050 1035 3116 sic-

42 3154 142 3224 eitatem
154 3161 345 3229 desiccatur:
365 3164 419 3252 qui
438 3176 486 3230 est
503 3176 609 3230 autem
625 3163 766 3231 viscosus
782 3185 909 3236 succus,
926 3185 1034 3226 semen

41 3269 154 3334 eontinet
170 3285 201 3337 et
216 3273 370 3362 producit.
394 3272 467 3338 Jam
484 3297 558 3338 vero
577 3271 722 3372 nonnulli
742 3293 870 3361 quoque
893 3267 1035 3335 animalis

40 3391 342 3450 semenstetuuntesse
357 3406 504 3473 spumam
515 3384 675 3473 sauguinis
691 3380 1034 3472 quoed'substantiam,

40 3486 81 3570 qui
90 3487 182 3556 innato
196 3492 323 3560 mesculi
339 3492 444 3562 colore
457 3494 489 3560 in
501 3494 729 3582 conjunctione
741 3493 899 3567 turbatus,
916 3491 1038 3579 ejectus

41 3599 193 3680 umescit,
210 3603 423 3691 etdeponitur,
432 3603 465 3668 in
478 3603 564 3669 renis
580 3601 766 3670 seminariis.
785 3599 867 3666 Hinc
881 3599 1038 3689 Diogenes

40 3701 224 3790 Apolloniates
240 3709 303 3776 uult
319 3733 369 3776 res
385 3733 533 3778 venereus
554 3709 666 3790 Graue
682 3732 750 3774 esse
769 3709 867 3776 dietus
883 3709 1037 3802 'epputmsj

39 3813 75 3879 Ex
86 3813 272 3886 bisomnibus
288 3820 412 3890 clerum
427 3833 488 3897 est,
505 3819 691 3910 sanguinem
706 3841 773 3884 esse
786 3814 917 3886 umet
927 3843 1039 3908 corpo

65 3939 424 4002 ¹Genrr.xu11,rr.-²1bid.
440 3964 473 4009 rr,
489 3964 526 3998 ro.
538 3947 618 3997 chr.
631 3963 675 4006 ιιι,
687 3945 725 4004 al·
