2412 4596
325 253 515 310 macularat
535 257 597 308 na.
624 259 648 308 ι.
959 239 1004 324 ld
1050 235 1052 242 ⁴

12 378 178 478 rapitatula.
193 380 377 468 Quinetiam
387 395 534 476 tompore
544 371 764 458 Semiramidis
774 431 784 464 ‚
793 381 878 476 rep‘s
890 377 1008 476 AEgyp-

12 495 115 573 neu,
129 504 254 562 canant
268 491 411 562 iuventas
426 493 522 562 luisse
536 505 638 562 vestas
649 491 803 583 byssinas.
818 491 860 560 Et
870 493 1007 586 primam

12 601 184 695 tunposuisse
198 599 347 697 epistolas
368 600 534 681 Atossam,
553 603 723 674 Persarum
742 601 906 694 reginam,
930 600 1008 670 dicit

12 709 161 782 delumens.
180 712 321 783 Scamon
339 709 471 808 quidem
495 709 692 804 llitylenaeus
710 725 746 782 et
767 709 1007 802 Theophrastus
1086 735 1090 742 ·

12 820 129 902 husius,
143 833 175 891 et
189 819 354 917 Cydippae
367 819 564 902 llantiueus,
577 835 611 890 et
621 835 774 914 praterea
788 819 1004 914 Antiphanes,

12 928 249 1011 thhtodsmus,
265 943 300 1000 et
315 929 519 1010 Aristoteles,
535 930 709 1022 quinetiam
719 927 1003 1021 Philostephanus,

12 1039 123 1109 tSuato
141 1063 266 1134 quoqrso
286 1039 537 1134 Peripateticus,
558 1037 696 1110 inlibris
711 1039 776 1108 suis
792 1037 832 1107 de
846 1037 1006 1118 lucentis,

11 1162 226 1220 accurantur.
244 1151 294 1220 Ex
307 1149 357 1222 his
376 1163 486 1220 autem
505 1169 610 1242 pauca
631 1147 734 1241 adjeci
756 1148 797 1217 ad
809 1145 1007 1217 confirman-

11 1257 73 1338 hn,
87 1257 123 1328 sd
142 1283 191 1330 res
205 1259 411 1330 inveniendas
425 1257 575 1329 idoneam
590 1272 623 1326 st
637 1260 710 1328 ritae
729 1256 842 1327 utilem
856 1269 1005 1328 naturam

11 1387 77 1436 ιιιιι
87 1365 243 1448 Bmhariss
268 1369 439 1462 aquibus,
455 1369 490 1438 in
507 1367 620 1437 studiis
635 1380 670 1438 ct
683 1366 780 1438 rebus
795 1365 1003 1448 exercendis,

11 1475 78 1548 iruei
94 1499 233 1570 maguam
250 1499 408 1574 accepere
424 1475 605 1548 utilitatem.
625 1477 661 1548 si
677 1477 747 1568 quis
767 1488 876 1547 autem
890 1497 1004 1546 rocem

11 1583 167 1678 patmus
185 1587 377 1668 barbaram,
403 1586 490 1658 Mitti
507 1600 636 1666 autern,
662 1585 767 1680 inquit
790 1583 1003 1665 Anacharsis,

11 1717 75 1764 ιιιιι
93 1694 185 1768 Greci
203 1697 338 1790 scythica
356 1700 530 1788 ἱοιιιιιιιιν.
552 1696 583 1765 ls
611 1707 718 1765 autem
737 1708 827 1774 erat,
846 1694 900 1787 qui
917 1693 1004 1786 apud

12 1803 98 1874 iratos
109 1803 139 1876 in
152 1803 363 1876 admiratione
374 1816 423 1875 cst
436 1803 586 1884 habitus,
601 1805 656 1895 qui
673 1802 752 1872 dixit
765 1825 774 1872 ι
792 1802 892 1872 «Mihi
907 1802 1004 1874 indu-

11 1925 131 1982 suetum
142 1927 190 1984 est
203 1914 286 1987 laeua
301 1939 311 1984 ι
325 1935 436 1994 caena,
450 1910 503 1985 lao
516 1925 550 1982 et
564 1935 685 1982 caseus.
697 1941 712 1978 ι
725 1909 821 1982 Vides
835 1913 1004 1984 barbaram

11 2017 191 2114 philosophiam
204 2075 214 2106 ,
229 2024 424 2116 quaefacta,
440 2045 506 2093 uon
520 2020 618 2091 rerba
632 2020 814 2114 profitetur.
831 2020 1004 2116 Apostolus

10 2139 83 2204 tuen
94 2129 185 2202 dicits
200 2135 280 2204 sSic
295 2144 329 2203 et
342 2155 399 2203 vos
413 2154 473 2224 per
487 2129 650 2223 linguam,
666 2131 694 2199 si
717 2153 782 2200 nou
801 2143 889 2203 ructa
904 2131 1004 2224 signi-

19 2233 136 2309 ioantem
149 2264 262 2312 rocem
282 2240 459 2320 dederitis,
479 2236 641 2332 quomodo
659 2252 892 2330 cognoscetur,
913 2241 1004 2332 quod

12 2343 128 2418 ·ddtut
136 2350 229 2421 Eritis
243 2351 334 2422 enim
345 2351 379 2422 in
391 2357 498 2420 aerem
509 2347 687 2440 loquentes.
701 2348 777 2428 Tot,
788 2349 877 2420 vorbi
889 2350 1001 2442 gratia,

10 2477 107 2546 *penora
126 2457 305 2554 linguarum
325 2472 400 2530 sunt
418 2460 451 2530 in
470 2457 612 2539 mundo,
632 2470 667 2526 et
688 2456 768 2526 nihil
781 2470 829 2534 est
844 2459 930 2528 vocis
945 2483 1003 2528 ex-

11 2567 120 2654 *possi
132 2593 206 2662 ergo
220 2593 289 2641 non
304 2591 424 2640 novero
443 2569 510 2638 rim
527 2568 634 2647 vocis,
650 2589 708 2636 ero
727 2565 1002 2658 loquentibarha-

10 2691 67 2754 Μ.
79 2689 107 2745 ct
120 2676 248 2771 loquens
261 2679 343 2750 mihi
355 2681 552 2768 barbarus»
570 2675 629 2756 Et,
641 2675 715 2768 «qui
727 2675 1002 2770 loquiturlingua,

10 2775 71 2852 sust
83 2799 114 2854 ut
126 2788 351 2884 interpretetur
363 2788 388 2858 ¹.
402 2817 416 2856 ι
435 2787 523 2874 Quin
538 2800 571 2856 et
585 2809 656 2856 sero
669 2787 711 2856 ad
726 2786 855 2857 Graecos
869 2789 1004 2858 accessit

10 2897 255 2984 uupomndarum
266 2900 448 2970 orationum
462 2897 607 2966 doctrina
619 2947 629 2975 ,
642 2908 675 2965 et
686 2897 853 2989 scriptura.
872 2897 914 2966 Et
928 2895 1002 2967 Alc·

10 3007 228 3096 nequidem,
247 3007 368 3079 Perithi
387 3006 493 3086 lilius,
517 3005 723 3084 Crotoniata,
739 3008 862 3098 primm
880 3005 1000 3074 librum

10 3105 95 3200 alpais
108 3114 146 3184 de
160 3129 287 3190 natura.
304 3116 367 3189 atii
382 3129 490 3186 autem
504 3115 745 3207 Anaxagoram,
763 3113 945 3206 Hegesihuli
959 3113 1001 3184 fl-

10 3207 76 3300 liun,
85 3221 333 3309 Clazomenium,
346 3215 488 3322 primum
499 3224 618 3293 librum
629 3224 785 3315 seriptum
799 3223 935 3292 edidisse
948 3247 1001 3292 re-

10 3317 90 3397 hunt
103 3332 205 3405 hlodos
224 3350 333 3408 antem
346 3335 548 3428 pe'e'matihus
561 3334 683 3426 primus
700 3330 834 3424 adjecit,
850 3343 883 3399 et
898 3330 1001 3402 Lace-

10 3427 193 3515 haedorum
211 3443 296 3539 leges
316 3445 497 3514 numerosis
512 3442 655 3511 versibus
673 3441 799 3531 scripsit
817 3439 1001 3532 Terpander

10 3537 148 3620 intuens
160 3554 407 3648 Dithyramhum
419 3565 526 3622 autem
534 3551 723 3642 excogitavit
734 3549 848 3618 Lassus
858 3549 1000 3621 Hermio-

10 3667 62 3721 ram
79 3681 86 3724 :
103 3660 250 3753 hymnum
265 3663 466 3734 Stesichorus
481 3662 656 3732 Himeraeus
675 3683 684 3726 ι
700 3657 850 3728 choream
864 3657 999 3730 Alcman

10 3753 219 3846 helemosina
230 3774 398 3847 :amatoria
412 3769 681 3846 AnacreonTeius
695 3793 703 3837 ι
718 3779 862 3862 ὑπόρχιιιι
873 3769 926 3858 (id
933 3781 999 3849 est,

32 3887 247 3980 'Gonnum
262 3919 311 3976 rs,
322 3903 363 3964 sd.
