2614 4628
239 273 281 357 94
425 291 438 312 ‘
586 291 617 334 rr.
644 289 767 362 urpuru
791 287 908 334 runicis

237 408 365 473 turbem
381 404 492 474 mutus
506 405 565 472 sihi
581 406 757 495 patrocinis
773 404 944 495 prostare?
960 405 1020 472 llic
1032 403 1181 473 defensio
1194 429 1276 478 com·

237 517 342 584 munis
356 515 470 585 suroris
484 528 532 582 est
543 516 718 583 furentium
732 514 915 582 multitudo.

280 626 386 696 XXV.
397 626 547 694 Attamen
561 627 620 692 ists
631 627 698 716 ipse
711 625 891 716 superstitio
899 624 1050 692 Romanis
1062 626 1167 701 dedit,
1179 631 1277 708 suxit,

236 737 380 806 fundavit
398 738 581 827 imperium:
600 761 675 803 cum
691 760 756 803 non
771 749 838 802 tem
852 736 983 812 virtute,
1002 759 1098 824 quum
1122 737 1278 830 religione

237 860 270 916 et
284 850 401 938 pietate
416 845 581 938 pollerent.
597 847 755 914 Nimirum
767 847 897 937 insignis
909 860 942 912 ct
951 845 1067 946 nobilis
1081 847 1211 935 justitie
1221 847 1278 916 llo

234 981 332 1024 menn
350 959 389 1024 eh
406 957 480 1046 ipsis
496 957 620 1046 imperii
640 957 797 1024 nascentis
816 955 1017 1024 incunabulis
1032 958 1206 1046 suspicata
1221 972 1276 1026 est.

238 1069 350 1136 Nonne
362 1067 396 1133 in
407 1079 480 1133 ortu
492 1089 550 1136 suo
566 1078 600 1132 ct
612 1064 734 1134 scelere
748 1064 887 1144 collecti,
899 1079 932 1132 et
943 1065 1057 1132 muniti
1068 1067 1279 1136 immanitatis

237 1201 303 1245 sue
322 1189 443 1244 terrore
458 1177 652 1244 creverunt?
665 1176 746 1244 Nem
760 1175 848 1265 asylo
860 1176 962 1266 prime
980 1175 1070 1266 plebs
1084 1192 1277 1268 congregate

237 1301 295 1356 est.
306 1285 533 1354 Confluxerunt
543 1287 669 1375 perditi,
683 1287 866 1363 facinorosi,
876 1287 998 1361 incesti,
1010 1286 1126 1363 sicarii,
1137 1289 1278 1377 prodito·

237 1423 299 1467 res.
307 1401 349 1466 Et
360 1410 395 1464 ut
411 1399 478 1487 ipse
488 1396 656 1473 Romulus,
666 1397 839 1488 imperator
848 1396 1174 1492 ctrector‚'populum
1189 1423 1277 1465 suum

237 1509 378 1576 facinore
390 1506 903 1606 precelleret,parricidiumlecit.
913 1507 990 1574 Haec
1005 1507 1107 1595 primu
1121 1520 1205 1574 sunt
1213 1531 1278 1574 cns·

237 1619 321 1709 picis
329 1616 480 1708 religiosae
488 1617 632 1706 civitatis.
640 1615 836 1684 Moxnlienas
843 1617 1277 1706 virginesjnmdesponsetns,

237 1731 305 1820 jum
316 1729 541 1804 destinates,et
551 1723 719 1794 nonnullus
729 1725 771 1794 de
781 1728 985 1795 matrimonio
996 1725 1205 1794 mulierculas
1214 1729 1279 1795 sinc

239 1863 329 1908 more
344 1839 460 1928 rapuit,
479 1835 617 1912 violavit,
633 1835 747 1912 illusit;
762 1850 795 1904 et
810 1859 886 1904 cum
904 1859 1015 1904 esrum
1030 1839 1234 1926 perentibus,
1249 1837 1281 1904 id

239 1966 300 2028 est,
319 1973 395 2017 cum
407 1948 524 2015 soceris
536 1946 614 2023 suis,
630 1945 750 2014 bellum
762 1947 904 2024 miscuit,
918 1949 1136 2038 propinquum
1147 1947 1280 2039 sangui·

240 2084 315 2128 nem
326 2060 417 2126 ludit.
433 2057 520 2137 Quid
530 2053 746 2146 irreligiosius,
758 2058 838 2146 quid
848 2059 1014 2136 eudesius,
1029 2059 1108 2147 quid
1124 2059 1199 2150 ipss
1211 2083 1279 2127 sce-

239 2171 312 2240 leris
323 2168 515 2238 confidentia
528 2167 728 2235 tutiusiJnm
739 2167 890 2236 finitimos
901 2193 978 2260 agro
987 2169 1119 2261 pellere,
1132 2172 1280 2238 civitates

239 2283 397 2372 proximus
413 2292 554 2346 evertere
570 2300 645 2347 cum
659 2278 786 2368 templis
796 2291 830 2348 ct
843 2279 1009 2359 alteribus,
1024 2292 1135 2371 captos
1147 2303 1277 2371 cogere,

239 2392 363 2459 demnis
381 2389 490 2457 alienis
508 2401 541 2456 et
555 2388 619 2456 suis
637 2386 811 2457 sceleribus
829 2389 1024 2468 adolescere,
1040 2413 1116 2459 cum
1136 2389 1280 2458 Romule

239 2503 365 2593 regibus
381 2500 514 2574 caeteris,
528 2511 561 2564 et
572 2499 741 2588 postremis
759 2499 893 2567 ducibus
909 2500 1075 2590 disciplina
1094 2500 1281 2568 communis

187 2667 193 2683 .
238 2623 296 2678 est.
314 2613 361 2678 lte
380 2609 536 2698 quidquid
549 2607 685 2676 Romani
703 2620 824 2684 tenent,
839 2608 963 2686 colunt,
979 2611 1157 2701 possident,
1181 2611 1280 2677 ends·

239 2723 297 2790 cire
310 2721 416 2810 praeds
430 2730 500 2785 est:
515 2717 633 2808 templs
650 2721 754 2785 omnis
769 2719 809 2786 de
821 2720 992 2795 manubiis,
1005 2721 1038 2788 id
1050 2733 1111 2796 est,
1123 2720 1170 2786 de
1183 2723 1281 2788 ruinis

239 2831 382 2906 urbium,
397 2829 436 2896 de
458 2827 566 2918 spoliis
583 2828 729 2903 deorum,
751 2829 792 2896 de
814 2830 954 2898 cedibus
971 2831 1191 2898 secerdotum.
1215 2831 1282 2897 Hoc

239 2939 390 3008 insultare
405 2951 438 3006 et
452 2938 585 3005 illudere
597 2951 658 3015 est,
671 2939 760 3006 victis
775 2939 981 3031 religionibus
992 2941 1121 3017 servire,
1135 2942 1283 3031 captim

240 3076 292 3122 ess
303 3062 373 3140 post
389 3049 533 3116 victorius
545 3048 688 3116 adorere.
704 3049 786 3116 Num
804 3050 936 3117 adorare
948 3075 1019 3141 quse
1029 3073 1126 3116 manu
1139 3051 1283 3142 ceperis,

239 3160 438 3251 sacrilegium
454 3169 502 3226 est
523 3175 721 3233 consecrare,
740 3183 805 3226 non
825 3161 967 3228 numine
989 3159 1096 3227 Tetios
1113 3185 1197 3250 ergo
1217 3161 1285 3228 Ro-

238 3272 340 3340 menis
352 3272 519 3359 impiatum
530 3283 591 3345 est,
607 3270 732 3358 quoties
743 3270 974 3359 triumphatum
988 3293 996 3334 :
1012 3282 1059 3336 tot
1070 3271 1111 3336 de
1126 3271 1192 3337 diis
1204 3295 1285 3361 spo-

239 3380 294 3456 lie,
309 3393 387 3469 quot
408 3381 449 3447 de
469 3381 616 3470 gentibus
634 3379 674 3445 et
690 3392 818 3468 tropaes.
846 3379 947 3470 Igitur
967 3379 1103 3447 Romani
1123 3403 1193 3447 non
1210 3380 1286 3446 ideo

239 3491 318 3557 tenti
329 3491 416 3579 quod
427 3488 577 3580 religiosi,
591 3491 647 3556 sed
658 3487 746 3577 quod
757 3489 888 3578 impune
899 3489 1052 3579 sacrilegi.
1068 3489 1183 3576 Neque
1194 3491 1288 3558 enim

238 3611 411 3691 potuerunt
426 3600 459 3665 in
475 3601 550 3690 ipsis
572 3598 663 3668 hellis
687 3600 763 3666 deos
786 3599 949 3688 adjutores
970 3600 1102 3676 habere,
1123 3599 1288 3666 adversus

235 3734 317 3798 quos
329 3730 416 3778 orme
429 3721 616 3799 rapuerunt,
627 3724 660 3777 et
671 3709 756 3800 quod
764 3707 1015 3802 postulaverant¹
1024 3709 1290 3798 detriumphatos

267 3881 352 3936 ¹illud
363 3881 460 3946 absque
472 3899 545 3932 sensu
562 3885 597 3932 ite
609 3882 797 3934 restituendum
813 3881 912 3932 videtur
923 3901 928 3930 ε
941 3881 998 3942 rel,
1013 3897 1071 3945 pum
1081 3883 1288 3945 populovemnts

238 3959 288 4022 vel,
297 3974 357 4029 quos
364 3991 373 4018 ‚
382 3963 457 4032 prout
469 3965 590 4006 uenerunt.
