2546 4614
575 353 578 359 ,
596 305 848 354 annonarium.

516 465 658 536 Αιιιοι.
684 463 756 561 (8),
777 488 859 562 pag.
884 463 968 552 314.

244 661 289 718 Eu
299 653 427 715 totohoc
437 661 574 712 contextu
585 649 737 712 manifeste
746 663 871 730 apparet
883 649 1104 713 SClementem
1121 672 1184 713 nou
1200 674 1247 715 re·

202 747 294 832 jicere
305 742 474 804 sacrificium
488 739 722 802 Eucharistionm
735 759 819 800 novae
828 741 927 820 Legis,
937 740 972 799 de
984 761 1045 820 qno
1059 741 1103 802 ob
1114 741 1247 823 discipli-

152 885 160 896 .
202 853 271 893 uam
284 853 379 894 arcum
385 875 395 908 ,
408 851 444 890 ne
458 829 618 912 gentilibus
628 840 728 888 nostra
736 829 876 907 mysteria
888 831 1087 912 panderentur,
1105 845 1140 892 et
1153 831 1246 893 abiis

204 923 437 1007 profanarentur,
454 919 537 992 silet;
550 917 601 978 sed
615 929 726 976 tantum
737 918 861 998 rejicere
873 918 1009 978 sacrifitia
1017 918 1117 998 legalia
1126 931 1158 979 et
1167 937 1239 998 geu·

156 1009 167 1020 “
203 1011 309 1090 ultum,
320 1010 428 1094 quibus
438 1009 571 1072 solum
543 1029 607 1090 epus
617 1009 695 1070 diota
707 1010 897 1070 conveniunt.

511 1201 647 1270 mou·
674 1195 691 1293 <
691 1195 745 1294 9),
770 1219 852 1298 ru·
880 1195 965 1284 ³4²·

237 1397 298 1453 Pro
313 1391 370 1452 hac
387 1395 418 1453 S.
431 1391 588 1452 Clementis
600 1389 734 1450 doctrina
751 1410 838 1452 nemo
858 1390 1036 1471 spondebit,
1055 1409 1123 1451 cum
1137 1412 1173 1453 ex
1184 1392 1235 1452 c'r·

197 1501 373 1544 cumcurone
385 1485 414 1544 S
425 1479 571 1543 Timothei
583 1500 619 1539 ne
630 1477 826 1559 probabiliter
835 1481 961 1560 quidem
970 1479 1126 1560 probemur,
1141 1493 1233 1561 utpote

197 1577 333 1678 quarnS.
348 1574 455 1634 Paulus
474 1593 510 1632 ex
532 1571 594 1632 sola
617 1571 814 1652 indulgentia,
831 1591 893 1632 non
916 1591 994 1632 vero
1009 1583 1041 1630 nt
1056 1571 1230 1635 mentiretur)

197 1663 348 1746 permisit,
360 1661 541 1722 circumcisio
550 1661 628 1720 enim
637 1673 700 1720 turn
712 1661 851 1742 temporis
862 1661 975 1721 nedum
989 1673 1051 1721 erat
1060 1658 1225 1718 omninote·

197 1753 261 1828 stra,
272 1753 367 1812 necin
379 1753 474 1832 seipsa
486 1752 586 1812 mala·
598 1751 781 1811 mendacium
791 1764 891 1811 autem
901 1771 940 1810 ex
951 1764 1060 1810 natura
1071 1769 1128 1814 sna
1131 1747 1229 1807 nalum

199 1855 259 1920 est,
269 1861 323 1902 nec
335 1841 374 1904 ad
385 1841 613 1904 conservandum
628 1843 719 1903 vium
731 1841 849 1909 mentiti
861 1861 994 1921 unquam
1004 1841 1085 1902 huet.

493 2015 634 2088 Auuor.
660 2009 755 2108 (ιο),
779 2033 860 2109 pag.
886 2010 993 2109 39&

236 2197 326 2278 Quod
346 2195 539 2258 Antichristus
560 2215 597 2256 ex
615 2195 696 2255 tribu
712 2200 779 2256 Dan
798 2196 964 2260 nascitunu
978 2197 1021 2257 sit
1040 2197 1077 2257 ad
1095 2219 1220 2260 summurn

196 2289 333 2371 simplicis
348 2287 498 2367 cujusdam
511 2285 685 2364 conjecturo
701 2285 788 2346 fidem
801 2298 944 2362 meretur,
955 2308 1028 2367 qua
1044 2309 1105 2350 mm
1118 2291 1225 2350 nonnisi

196 2379 397 2460 metaphorice
406 2376 503 2437 sensui
515 2395 603 2437 sacrae
616 2375 773 2460 Scripturae
784 2375 937 2452 innitatur,
951 2378 1042 2440 facile
1050 2379 1117 2441 elidi
1127 2392 1226 2463 posset.

479 2561 620 2632 Αιιιοι.
638 2555 736 2654 (ιι),
761 2581 842 2655 pag.
869 2557 954 2644 413.
1193 2611 1198 2618 ·
1262 2571 1264 2616 l

233 2749 263 2807 S.
273 2743 452 2830 Hippolytus
466 2741 561 2804 audiri
573 2761 632 2801 ιιοιι
647 2753 869 2815 monetaneum
885 2742 926 2803 ait
945 2744 1229 2808 Antichristomsn-

192 2845 291 2894 turum
303 2835 333 2893 iu
345 2843 492 2914 postrema
505 2831 690 2934 septuaginta
700 2829 956 2892 hebdomadarum
969 2835 1104 2895 Danielis
1109 2847 1227 2915 ,utpote

191 2922 328 3002 quaejam
345 2923 431 2981 linem
453 2919 585 2981 habuit
576 2940 608 2978 ιιι
625 2921 722 2999 primo
741 2920 850 2982 Christi
870 2923 1045 2996 adventu,
1034 2944 1067 2982 ιιι
1088 2945 1150 3004 quo
1166 2943 1264 2984 om-

190 3036 241 3074 ues
255 3014 479 3076 cucumsuntiae
490 3013 533 3074 ihi
548 3024 655 3073 notutae
664 3014 695 3072 in
710 3013 826 3075 excidio
836 3015 1106 3094 ierosolymitano,
1125 3016 1228 3097 templo
1262 2971 1264 3060 l

190 3125 309 3180 everso,
322 3104 458 3166 etveteri
469 3103 610 3164 sacrificio
620 3101 776 3184 abrogato
788 3104 917 3186 impletae
928 3105 1058 3166 menne
1263 3115 1264 3122 ’

471 3277 610 3346 turon
636 3272 734 3370 (ra),
754 3295 835 3371 pag.
862 3277 949 3362 [μή.
1262 3289 1264 3362 l

227 3467 363 3539 Quonam
379 3459 498 3540 prndse
515 3470 648 3538 tempore
668 3458 771 3520 Enoch
789 3471 819 3520 ot
841 3459 922 3520 Elias
935 3460 1095 3523 adventuri
1112 3463 1185 3534 sint,
1201 3475 1226 3522 et
1251 3497 1264 3524 a

188 3564 262 3631 quot
274 3549 377 3610 diebus
390 3561 498 3608 terram
513 3545 720 3623 inhabitaturi,
733 3547 907 3626 quastiones
925 3562 1007 3624 snut,
1024 3571 1150 3632 quarum
1167 3571 1226 3610 eer-
1263 3601 1264 3630 3

191 3656 250 3702 torn
277 3641 450 3706 solutionem
475 3639 602 3717 Spiritus
621 3649 740 3699 sanctus
758 3657 812 3698 uos
833 3637 927 3699 lutere
952 3641 1064 3716 voluit3
1087 3663 1139 3702 nec
1153 3639 1223 3699 illud

189 3739 219 3795 S.
235 3731 413 3810 Hippolytus
428 3728 626 3790 determinare
637 3729 752 3810 potuit,
765 3730 817 3810 qui
838 3729 871 3788 in
890 3750 979 3792 sensu
996 3732 1113 3794 litterali
1135 3747 1222 3791 sacra

189 3820 347 3906 scripturae
360 3821 535 3901 exponendo
546 3839 605 3881 non
615 3820 774 3887 admodum
784 3820 932 3884 excelluit.
1262 3813 1264 3840 ²

504 3989 899 4030 -ήοω-
