2532 4608
147 225 213 316 376
458 255 631 300 cunum
656 255 870 302 ιιιιιιιιιιιιι

149 373 230 441 Νιιιι
243 385 412 464 postquem
426 401 443 444 ι
466 377 558 443 nohis
572 378 673 444 eversi
688 377 828 455 fuerint,
843 374 1091 444 ostendentibus
1105 377 1180 468 ipsu

149 493 259 572 aperte
284 483 440 552 adversari
462 486 658 575 scripturis,
679 485 818 552 duormn
842 484 983 552 alterium
1010 489 1052 552 ah
1076 487 1113 552 iis
1135 489 1180 575 qn'

149 601 284 656 tuentur
305 591 431 682 aliquod
448 593 562 684 dogma
577 593 646 660 fieri
660 594 861 676 videbimus:
879 607 936 661 sut
951 595 1044 659 enim
1061 618 1180 660 suornm

150 698 335 790 dogmatum
351 704 625 791 consequentiam,
640 715 694 768 eut
707 703 808 791 ipsam
822 702 1054 792 prophetiam,
1070 701 1118 768 vel
1131 725 1180 790 po-

150 807 214 874 tius
235 833 324 876 susm
347 811 489 900 ipsorum
510 835 599 902 spem
614 812 806 902 despiciunt.
828 812 967 899 Semper
985 811 1075 876 enim
1088 811 1120 875 id
1131 835 1180 900 po·

151 917 215 982 tius
235 937 381 994 ιιιιιιιιιιι,
402 919 490 1006 quod
502 920 549 984 eis
564 921 666 985 visum
680 920 776 986 suerit
793 943 864 986 esse
878 919 1085 993 evidentius,
1098 943 1179 1006 qmn

151 1025 239 1114 quod
254 1025 373 1092 dictum
387 1038 437 1092 est
447 1051 465 1092 e
475 1027 614 1094 Domino
625 1051 683 1118 per
692 1027 885 1118 Prophetas,
902 1039 936 1092 et
948 1029 992 1092 ah
1004 1025 1177 1115 Erangriio,

151 1133 300 1224 quodque
310 1133 537 1224 Apostolorum
549 1137 728 1202 testimonio
739 1137 993 1226 comprohatum
1007 1147 1057 1200 est
1068 1148 1100 1200 et
1111 1159 1177 1202 con·

152 1241 324 1308 firmatum.
351 1243 434 1310 Cum
456 1244 598 1312 viderent
617 1269 694 1334 ergo
716 1245 776 1311 sihi
797 1245 976 1311 imminere
997 1243 1173 1333 periculum,

151 1373 217 1418 nen
232 1351 273 1416 de
288 1375 354 1417 uno
369 1352 537 1442 dogmate,
555 1355 611 1420 sed
627 1353 667 1419 de
681 1353 901 1420 conservanda
914 1352 1050 1426 baeck
1067 1377 1121 1418 nou
1134 1377 1172 1418 se

153 1459 279 1526 ritatem
300 1459 442 1526 invenire
467 1461 565 1547 (nam
587 1485 659 1526 cum
678 1484 714 1527 ea
736 1473 900 1549 quaesunt
918 1461 956 1526 in
977 1460 1167 1550 medioposits
1260 1499 1262 1520 ι

153 1575 187 1629 et
206 1563 239 1628 in
258 1576 410 1654 promptu
432 1566 517 1655 apud
536 1589 595 1632 nos
611 1564 773 1656 legerunt,
792 1577 953 1653 tanquam
971 1564 1038 1632 vitu
1053 1589 1082 1630 er
1096 1589 1159 1631 con
1260 1567 1262 1590 ⁴

152 1675 387 1764 tempserunt),
396 1672 451 1740 sed
465 1674 552 1762 quod
565 1686 613 1740 est
627 1697 800 1742 commuue
812 1675 846 1740 in
862 1673 932 1740 fide
946 1697 1078 1764 superne
1094 1696 1151 1738 om·
1261 1695 1262 1710 ³

156 1780 342 1858 tendentes,
360 1795 561 1848 excesserunt
578 1783 754 1849 averitate.
772 1751 854 1849 Noui
870 1806 955 1848 oum
973 1780 1161 1848 &tem
1260 1799 1262 1820 ι

156 1891 345 1980 cognitionis
359 1913 424 1956 uon
440 1891 608 1957 didicerint
623 1891 793 1979 mysteria,
811 1914 921 1979 neque
935 1891 1168 1976 veritatisperoo·
1260 1911 1262 1972 j

156 1999 264 2088 perint
277 1998 493 2086 majestatem,
509 1999 609 2087 utqui
621 1999 654 2066 in
665 1998 896 2087 perscrutando
909 2021 1026 2064 rerum
1039 1995 1173 2087 profundo

160 2105 279 2172 suerint
301 2107 474 2182 socordes,
495 2118 529 2173 ot
546 2106 715 2196 superficie
735 2119 828 2172 tenus
848 2103 990 2196 legerint
1002 2155 1012 2183 ,
1024 2105 1175 2194 Scripturas

157 2213 262 2282 valere
275 2214 447 2302 jusserunt.
471 2215 561 2282 Inani
575 2239 652 2304 ergo
668 2215 828 2304 sapientire
843 2215 1002 2304 opinione
1023 2213 1108 2288 elati,
1122 2237 1178 2301 per

105 2349 113 2360 ·
159 2334 258 2413 petuo
280 2321 423 2412 litigant,
445 2335 552 2412 aperte
568 2323 770 2389 ostendentes
790 2347 826 2388 se
844 2325 950 2412 magis
970 2346 1084 2390 curare
1099 2333 1128 2386 ut
1143 2322 1179 2386 ri·

154 2431 298 2512 deantur
307 2431 499 2522 philosophi,
512 2455 607 2522 quem
619 2443 654 2496 ut
664 2431 941 2522 philosophentur.
953 2432 975 2498 J
976 2456 1032 2498 am
1043 2451 1176 2497 teroem

160 2564 226 2606 non
238 2542 420 2607 necessariis
435 2563 543 2606 rerum
554 2539 696 2615 nitantur
708 2540 891 2630 principiis,
907 2539 1104 2606 ‹st-humanis
1115 2536 1173 2603 nst'

160 2649 383 2740 opinionibus,
400 2648 479 2716 nihil
499 2673 564 2719 non
580 2659 616 2714 ut
638 2648 678 2716 nd
693 2649 790 2715 [inem
812 2671 909 2714 suum
928 2649 1164 2736 perrenintne
1261 2713 1262 2724 ἶ

156 2755 287 2834 liuntur,
299 2757 498 2824 contendunt
512 2757 611 2848 magis
629 2757 752 2845 quisse
771 2755 921 2823 convinci
939 2754 1169 2832 videnmtxe·
1261 2759 1262 2766 ’

158 2889 212 2932 sus
223 2889 297 2943 eos,
308 2865 362 2954 qui
374 2888 482 2932 veram
496 2877 631 2932 tractent
642 2863 894 2954 philosophiam,
910 2875 945 2930 et
958 2865 1086 2953 quidvis
1095 2863 1178 2952 potius

159 2972 317 3049 tolerunt,
330 2985 364 3039 et
377 2996 527 3051 omnem,
546 2983 580 3038 ut
592 2975 699 3052 siunt,
715 2973 885 3040 rudentem
903 2985 1061 3050 movent,
1080 2970 1183 3038 eoam

159 3082 257 3147 futuri
274 3083 336 3148 sint
354 3081 460 3171 impii,
477 3093 644 3172 propterea
666 3081 754 3170 quod
767 3105 832 3146 non
851 3081 991 3147 credent
1002 3079 1184 3169 Seriptmis,

159 3215 257 3281 ᾳιιιιιι
279 3215 298 3257 ιι
319 3202 413 3257 secte
431 3189 489 3256 sihi
507 3202 597 3280 grato
617 3189 740 3256 honore
760 3189 996 3268 traducantur,
1016 3202 1051 3255 et
1071 3213 1089 3256 a
1106 3185 1187 3276 vulgo

158 3300 277 3388 jactata
287 3301 321 3364 in
332 3317 442 3364 eorum
454 3298 603 3366 Ecclesiis
613 3299 716 3387 prims
728 3299 821 3376 sede,
833 3311 966 3389 propter
982 3323 1097 3387 quom,
1108 3296 1187 3363 ittun

161 3433 288 3498 quoque
307 3407 534 3486 convivislem,
558 3406 662 3475 inille
684 3431 754 3496 quse
770 3407 848 3474 falso
871 3409 1007 3476 nomine
1020 3406 1189 3497 ¹appellatur

50 3509 61 3524 '
162 3517 271 3607 dgope
282 3568 292 3594 ,
303 3519 442 3608 primum
461 3517 644 3584 accubitum
659 3514 906 3606 amplectuntur.
929 3517 1013 3597 Quae
1028 3529 1077 3582 est
1093 3527 1188 3582 autem

159 3627 245 3713 opud
265 3649 324 3691 nos
340 3626 458 3715 agnitio
475 3625 633 3702 veritatis,
649 3635 686 3690 ιιι
708 3647 748 3690 ex
768 3623 806 3690 iis
824 3647 896 3712 quse
913 3625 980 3712 jam
1001 3625 1100 3694 fidem
1118 3623 1189 3687 ohti-

158 3746 299 3800 nuerunt
318 3734 397 3801 tides
418 3734 585 3811 habentur,
604 3733 719 3808 efficit;
736 3755 806 3821 quse
821 3731 956 3822 quidem
971 3744 1022 3798 est
1038 3731 1186 3804 essentis,

158 3849 195 3906 ut
219 3840 262 3907 ita
289 3839 413 3918 dicam,
438 3841 722 3926 demonstrationis.
749 3841 814 3908 Sed
839 3841 963 3918 omnis,
987 3852 1024 3940 ut
1045 3839 1186 3914 ridetur,
