2532 4608
193 280 258 360 548
514 298 688 346 cusasrrs
713 297 924 350 amaremur

190 423 277 488 enim
289 435 465 493 creatorem
476 473 485 501 ,
501 423 603 513 diligit
616 436 725 490 autem
737 423 810 488 ritae
826 422 972 496 socium,
986 421 1059 508 ejus
1073 421 1226 501 misertm,

190 544 224 597 et
242 555 351 622 prooo
361 555 454 600 orans
464 545 593 622 propter
605 533 675 621 ejus
688 531 912 620 ignorantiam.
927 529 967 595 lu
978 551 1101 617 corpus
1115 529 1224 620 quoqne

193 664 287 707 auum
297 665 355 730 per
368 643 610 708 consensionem
624 640 764 706 allicitur
780 664 788 704 :
805 640 858 705 cui
874 638 1010 726 quidem
1025 649 1145 702 natura
1159 642 1223 727 pati-

191 747 246 814 bili
260 759 309 814 est
324 747 479 838 alligatus.
502 749 573 817 Non
591 761 698 816 tamen
714 747 868 837 primario
886 758 1043 812 moretur
1061 769 1102 812 ex
1111 753 1220 834 'pertn-

189 857 328 924 batione.
344 858 380 924 ln
393 857 615 924 involuntariis
626 869 715 923 certe
727 857 875 932 casibus,
888 881 907 921 a
918 853 1095 921 doloribus
1109 856 1219 944 seipsun

194 965 355 1032 deducens
376 966 416 1032 ad
437 990 475 1033 ea
490 978 648 1054 quaesunt
663 967 733 1055 ejus
749 965 899 1054 propria,
918 987 988 1029 non
1009 963 1220 1031 abduciturrl

193 1074 229 1140 iis
244 1098 314 1162 quae
330 1087 404 1142 suut
420 1077 460 1140 ab
475 1099 515 1142 eo
534 1073 659 1141 aliena:
677 1075 735 1140 aed
746 1075 783 1140 iis
796 1071 904 1139 solum
920 1071 1013 1138 cedit
1028 1084 1065 1137 et
1076 1096 1216 1139 seacoou-

191 1183 300 1250 modat
314 1207 386 1272 quae
409 1196 482 1250 sunt
501 1184 530 1249 ei
547 1183 743 1258 necesaria,
760 1203 933 1270 quousque
956 1178 1062 1245 illesa
1081 1203 1215 1246 consera-

192 1303 244 1358 tur
255 1291 370 1358 anima.
385 1292 456 1360 Non
467 1292 554 1358 enim
565 1291 798 1357 existimatione
809 1288 920 1356 solum
932 1301 995 1355 aut
1006 1291 1214 1378 exteruaspsdr

192 1396 259 1464 vult
273 1421 342 1463 esse
357 1397 477 1475 lidelis,
490 1398 546 1464 sed
559 1397 744 1486 cognitione
759 1407 791 1461 et
808 1397 969 1470 veritate,
987 1393 1058 1460 hoc
1071 1409 1133 1471 est,
1145 1395 1208 1460 firm

192 1505 358 1594 stabilique
373 1505 477 1583 facto,
496 1518 529 1572 et
544 1527 692 1572 sermone
705 1504 840 1570 efficaci.
861 1504 938 1570 Non
958 1502 1074 1569 solum
1089 1528 1150 1592 ergo
1160 1504 1207 1569 lar

191 1613 343 1680 (lathone
367 1624 399 1678 et
417 1614 573 1691 honesta,
588 1613 645 1680 sed
659 1614 725 1702 ipse
743 1613 840 1678 etiam
858 1612 1045 1678 contendit
1058 1636 1111 1678 esse
1126 1615 1200 1676 lanas

191 1733 224 1790 ct
241 1721 413 1800 honestus,
436 1747 454 1788 a
475 1725 562 1789 bono
583 1734 616 1787 et
635 1720 720 1787 fideli
740 1744 831 1786 servo
852 1720 966 1786 sactus
984 1745 1051 1810 per
1064 1721 1195 1786 &nunu

191 1830 332 1908 amicus,
355 1841 485 1921 propter
500 1831 727 1921 perfectionem
746 1829 894 1906 habitus,
917 1853 1028 1918 quam
1046 1853 1086 1894 ex
1098 1852 1153 1894 ura
1162 1827 1197 1891 b

189 1937 306 2028 ciplina
327 1951 360 2005 et
381 1937 480 2006 multa
502 1938 726 2006 exercitatione
744 1961 824 2028 pure
852 1938 1043 2024 acqarisivit.
1069 1938 1142 2002 Cum
1155 1960 1205 2024 erga

191 2065 306 2136 magna
325 2048 354 2114 vi
370 2047 542 2115 contendat
558 2059 594 2112 ut
608 2046 769 2136 perveniat
782 2046 822 2112 ad
836 2069 1014 2113 summum
1031 2046 1207 2134 cognitionis,

188 2156 332 2224 moribus
348 2169 496 2233 ornatus,
511 2154 622 2223 habitu
638 2156 852 2244 compositus,
874 2155 990 2221 omnia
1010 2154 1129 2220 hebetas
1146 2176 1209 2218 conr

190 2262 287 2330 moda
303 2264 373 2353 ejus
395 2264 449 2352 qui
465 2276 513 2330 est
528 2287 601 2330 vere
615 2265 804 2340 Gnosticus,
824 2262 1049 2352 pulchrasque
1070 2263 1210 2351 mpidcss

190 2371 359 2462 imaginem
375 2371 492 2440 multos
503 2374 632 2463 quidem
643 2374 696 2462 qui
705 2373 845 2462 perfecte
855 2373 1022 2449 vixerunt,
1033 2372 1207 2462 patriarchas

192 2479 346 2570 plurimos
366 2495 471 2548 autem
494 2482 680 2572 prophotas,
701 2494 734 2552 et
752 2481 844 2547 nobis
859 2480 1115 2546 innumerabiles
1127 2481 1207 2566 luga·

189 2587 256 2665 los,
271 2601 305 2655 ct
320 2601 481 2679 postremo
496 2591 669 2658 Dominum
681 2591 807 2679 quinos
819 2589 952 2666 docuit,
965 2587 1199 2655 etostrnditiai

186 2719 277 2787 posse
304 2709 340 2762 ut
365 2720 522 2765 summam
544 2697 630 2765 illam
650 2698 746 2766 vitam
770 2720 980 2784 assequamur
1004 2722 1014 2763 a
1034 2698 1091 2762 ideo
1108 2693 1198 2758 omnia

186 2805 298 2872 msmdi
309 2806 395 2872 bona
413 2829 485 2896 que
499 2818 573 2899 sunt
591 2807 624 2872 in
637 2818 785 2895 promptu
796 2815 829 2871 et
845 2804 886 2871 ad
901 2828 1057 2882 manum,
1069 2826 1129 2869 nou
1137 2799 1200 2867 dili-

186 2913 251 3003 git,
272 2937 312 2980 nc
329 2913 420 2980 humi
440 2925 621 2992 remanent,
644 2915 699 2980 scd
713 2937 751 2981 ea
768 2937 839 3003 quac
858 2927 1052 3002 sperantur,
1066 2911 1112 2978 rel
1124 2911 1208 3000 potius

186 3022 253 3110 jam
265 3033 338 3089 sunt
355 3023 481 3111 Cognita
493 3073 502 3100 ,
515 3022 622 3111 quoad
640 3022 963 3112 comprehensionem
979 3035 1088 3088 autem
1102 3043 1209 3109 sperau-

186 3141 250 3196 tur.
268 3131 336 3197 Hac
350 3151 427 3219 ergo
445 3131 567 3196 rationo
583 3129 726 3207 labores,
746 3142 778 3196 et
794 3142 979 3207 tormenta,
995 3143 1032 3196 et
1047 3131 1211 3196 afflictiones

82 3297 87 3312 ,
185 3239 340 3316 sustinet,
356 3261 421 3304 non
442 3251 476 3304 ut
495 3239 549 3328 qui
570 3250 644 3305 sunt
660 3239 757 3304 sortes
774 3238 859 3328 apud
874 3237 1085 3327 Philosophos
1100 3249 1211 3326 propter

185 3369 274 3437 apem
289 3347 375 3436 quod
399 3358 568 3437 presentes
586 3347 716 3436 quidem
736 3360 809 3413 sunt
831 3349 987 3413 cessaturi
1003 3345 1149 3424 dolores,
1163 3345 1212 3408 sint

186 3467 292 3521 autem
305 3479 415 3522 rursus
430 3455 646 3545 jucundorum
662 3457 758 3523 futuri
774 3457 946 3545 participes
951 3480 962 3528 ς
978 3455 1036 3521 sed
1048 3450 1212 3544 cognitioci

184 3563 419 3651 persuasionem
434 3563 627 3654 ingeneravit
639 3563 871 3640 firmissimam,
888 3587 922 3628 se
934 3587 1005 3629 esse
1019 3575 1209 3651 recepturum

184 3693 254 3758 quse
271 3683 378 3758 sperat
392 3672 509 3738 futura.
529 3672 690 3752 Quocirca
708 3695 772 3737 non
791 3669 895 3737 solum
907 3695 979 3760 quae
994 3671 1048 3737 laic
1061 3684 1133 3736 sunt
1147 3693 1210 3756 sup·

184 3775 293 3868 plicia,
315 3779 485 3846 sedetiam
507 3781 649 3870 jucunda
669 3781 844 3846 contemnit
871 3781 990 3847 omnnia.
1016 3780 1113 3846 Aiunt
1135 3789 1209 3845 cea-tc

185 3889 314 3957 beatum
333 3887 481 3966 Petrum,
497 3912 572 3960 cum
589 3890 717 3958 vidisset
732 3909 862 3958 uxorem
880 3911 971 3956 suam
985 3887 1059 3955 duci
1076 3887 1116 3954 ad
1131 3908 1204 3955 mnr-
