2448 4610
198 229 215 276 Ι
507 225 678 272 coenante
705 223 920 271 stannatum

195 373 258 440 que
274 346 425 416 Salomon
441 371 449 414 :
470 347 571 425 «Fili,
584 347 608 413 si
621 355 798 437 susceptam
810 346 961 437 praecepti
975 347 1036 412 mei
1052 345 1180 414 dictionem

102 535 111 553 ι
196 459 302 550 »apud
318 457 576 545 tpabsconderis,
590 456 737 528 exaudiet
752 457 938 546 sapientiam
949 456 1030 526 auris
1042 454 1182 538 taphsar·

195 589 324 638 moneta
333 615 344 646 .
354 568 406 657 qai
419 568 604 643 seminatur,
618 568 651 636 in
663 568 750 656 ejus,
763 567 817 654 qui
830 567 940 643 discit,
957 567 1059 639 aalma
1070 566 1182 634 anund

194 677 290 756 dicit,
314 687 464 764 tanquam
487 677 520 743 in
543 689 654 742 terra:
681 688 712 740 ct
739 674 808 741 baec
829 688 877 741 cst
894 674 1047 766 plantatio
1065 673 1182 762 spiritalis

194 785 284 852 Unde
300 787 394 854 etiam
410 786 504 852 insert
519 787 603 852 aaEt
622 784 795 876 applicabis
810 807 868 851 oor
882 797 974 852 tuum
992 785 1031 852 ad
1048 782 1185 872 intelligen-

192 895 291 960 stiam
303 917 311 961 :
325 892 496 984 applicabis
509 907 614 960 autem
625 895 726 983 ipsam
739 894 779 960 ad
790 894 1038 962 admonitionem
1049 892 1108 960 lilio
1117 905 1179 958 tua·

191 1003 310 1073 Anima
319 1005 406 1072 enim
421 1005 552 1082 animae,
565 1016 597 1070 et
609 1005 735 1095 spiritus
751 1005 872 1094 spiritui
891 1004 1073 1096 copulatus,
1088 1027 1134 1093 per
1144 1025 1183 1068 ser

190 1114 293 1180 monis
308 1114 548 1180 seminationem
564 1113 614 1190 id,
632 1113 719 1202 quod
734 1113 768 1180 in
782 1125 901 1180 terram
915 1115 1018 1181 lucrat
1029 1115 1182 1202 conjectu.

189 1235 306 1313 augent
328 1236 360 1290 ct
382 1223 566 1298 vivificant3
586 1219 670 1289 lilius
687 1235 795 1290 autem
817 1235 885 1302 est,
908 1225 1047 1313 quisquis
1065 1221 1181 1296 eruditur,

188 1345 344 1422 quatenus
363 1333 411 1412 ei,
427 1359 445 1400 a
462 1357 525 1422 quo
541 1332 700 1410 eruditur,
716 1357 840 1400 morem
856 1335 935 1423 gerit
956 1359 964 1399 :
986 1331 1082 1410 «Fili,
1100 1331 1179 1418 inquit,

190 1444 470 1534 »praescriptorum
488 1465 633 1510 meorum
657 1463 698 1508 ne
720 1441 1005 1509 obliviscaris².a...
1020 1442 1088 1509 Jam
1110 1453 1181 1507 adan

187 1553 329 1620 cernitur
342 1553 408 1643 ipse
420 1554 580 1630 Servator,
594 1552 648 1641 qui
661 1577 700 1617 ex
711 1552 898 1618 redundanti
912 1554 1015 1643 copia,
1024 1547 1183 1640 pro'ejusqu'

187 1662 303 1751 accipit
318 1663 449 1740 viribus,
462 1687 532 1752 quae
544 1685 583 1730 ex
594 1662 818 1730 exercitatione
833 1662 930 1728 sorvis
943 1674 1102 1752 augentur,
1112 1655 1183 1726 latal-

185 1783 298 1838 tatates
319 1773 542 1848 distribuerat,
566 1795 708 1838 reversus
725 1793 800 1836 cum
818 1772 862 1836 eis
882 1784 918 1836 ut
936 1773 1087 1838 rationem
1103 1769 1179 1842 iniret,

184 1881 313 1972 quando
335 1881 372 1950 iis
395 1882 541 1969 quidem,
562 1881 615 1970 qui
634 1881 703 1970 ejus
726 1880 896 1969 pecuniam
919 1892 1084 1956 auxerant,
1104 1877 1179 1965 quiin

183 1990 312 2059 modico
325 1989 450 2056 lucrant
465 1987 573 2058 fideles
584 2039 593 2068 ,
606 1988 763 2078 acceptis,
776 2013 830 2054 eos
846 2012 941 2078 super
953 1987 1052 2056 multa
1068 1986 1181 2053 conda

183 2111 293 2166 turum
308 2097 487 2190 pollicitus,
501 2099 533 2164 in
548 2098 676 2166 Domini
692 2098 842 2188 gaudium
852 2099 945 2188 jussit
956 2097 1073 2189 ingredi
1088 2122 1095 2161 :
1110 2095 1132 2162 ei
1143 2118 1180 2160 aa·

183 2219 271 2284 tem,
289 2207 342 2298 qui
354 2207 523 2300 pecuniam
536 2207 576 2272 ad
592 2207 811 2272 loenerandum
823 2207 977 2276 creditam
989 2203 1179 2280 occidtarent,

182 2324 215 2382 et
233 2335 303 2382 eam
327 2316 446 2408 ipsam,
463 2339 559 2404 quam
575 2327 760 2406 acceperat,
779 2317 898 2406 absque
919 2315 985 2382 ullo
1004 2311 1182 2382 emolumenta

182 2421 337 2491 reddebat
351 2449 359 2490 :
383 2425 520 2502 «serve,
538 2423 654 2511 inquit,
672 2447 810 2513 nequam
823 2437 855 2490 et
869 2426 998 2516 ignave,
1011 2425 1182 2516 oportebat

183 2535 376 2624 >pecuniam
393 2557 499 2602 meam
515 2534 591 2600 dare
606 2533 842 2610 nummulariis,
855 2547 887 2600 et
898 2559 958 2626 ego
969 2535 1092 2602 veniens
1104 2546 1179 2600 maon

183 2643 433 2731 »recepisscm.»
449 2643 581 2732 Propter
598 2643 668 2712 baee
684 2667 790 2710 servus
806 2645 923 2712 inutilis
943 2645 1099 2736 injiciatur
1113 2643 1138 2708 ia
1154 2653 1181 2704 ts

182 2752 291 2819 achras
307 2751 468 2818 exteriores
482 2753 504 2818 ⁸.
517 2781 531 2814 a
542 2753 592 2820 Tu
603 2777 679 2843 ergo
690 2753 778 2840 sertis
793 2767 879 2831 esto,
898 2754 943 2820 oit
959 2779 1066 2844 quoque
1075 2753 1177 2826 Paula,

176 2862 236 2927 ¹sain
254 2863 372 2952 gratia,
388 2886 458 2952 quaa
472 2875 520 2930 est
538 2863 570 2929 in
587 2863 714 2930 Christo
729 2865 824 2940 Jesu3
848 2877 881 2930 et
896 2889 967 2956 quae
982 2865 1101 2934 audiisti
1119 2881 1179 2928 ant

180 2994 260 3062 aper
274 2969 390 3040 multos
410 2985 524 3050 testes,
543 2997 579 3040 ea
598 2973 761 3042 committe
776 2973 923 3042 fidelibus
942 2968 1180 3060 hominibus‚qd

180 3079 332 3169 »quidem
348 3077 454 3147 idonei
471 3094 565 3148 erunt
582 3080 657 3148 alios
674 3107 800 3174 quoque
818 3085 934 3152 docere
948 3085 996 3152 ’.ι
1022 3087 1060 3152 Et
1077 3101 1177 3148 rumas:

188 3189 308 3256 «Stude
324 3201 356 3255 te
370 3191 474 3280 ipsum
486 3192 554 3259 Deo
568 3193 704 3281 probum
720 3193 889 3272 exhibere,
903 3193 1078 3284 operarium
1091 3193 1179 3256 incon·

177 3298 371 3376 trusionem,
385 3313 476 3368 recte
490 3313 679 3370 tractantem
701 3305 836 3370 verbum
855 3304 1021 3372 veritatis⁵.
1039 3303 1090 3370 »Si
1109 3299 1179 3366 amba

176 3431 252 3498 ergo
264 3411 396 3476 verbum
409 3409 600 3498 praedicant,
613 3411 667 3478 hie
677 3412 805 3500 quidam
818 3413 950 3503 scripto,
962 3412 1015 3480 illc
1026 3435 1093 3478 vcro
1104 3426 1177 3474 scoot

176 3517 337 3605 quomodo
360 3541 425 3584 non
443 3531 517 3584 sunt
536 3521 633 3586 ambo
652 3519 857 3600 admittendi,
885 3523 940 3612 qui
966 3522 1176 3592 effecerunt&

174 3623 253 3696 tides
269 3639 418 3716 operetur
431 3651 488 3718 per
503 3627 728 3696 dilectionem?
1210 3651 1212 3710 t

208 3777 304 3828 'Pa-ov.
316 3793 356 3840 rr,
372 3795 394 3843 1,
407 3779 494 3830 a.-⁸
506 3781 570 3856 thid.
584 3797 628 3834 m.
642 3779 953 3850 1.-'Mattb.xxv,14,
966 3785 1063 3846 aloc,
1078 3795 1128 3844 m,
1144 3789 1176 3828 1²·
1210 3811 1212 3898 p

173 3893 207 3908 υ-
218 3867 227 3892 ⁸
237 3885 251 3920 a
261 3869 325 3922 Tim.
333 3885 354 3936 1,
363 3885 393 3921 u.
402 3871 451 3912 -'
465 3873 571 3936 ibidem,
588 3873 628 3925 15.
