<?xml version="1.0" encoding="UTF-8"?>
<!DOCTYPE html PUBLIC "-//W3C//DTD XHTML 1.0 Transitional//EN"
    "http://www.w3.org/TR/xhtml1/DTD/xhtml1-transitional.dtd">
<html xmlns="http://www.w3.org/1999/xhtml" xml:lang="en" lang="en">
 <head>
  <title>
</title>
<meta http-equiv="Content-Type" content="text/html;charset=utf-8" />
  <meta name='ocr-system' content='tesseract 3.04.00' />
  <meta name='ocr-capabilities' content='ocr_page ocr_carea ocr_par ocr_line ocrx_word'/>
</head>
<body>
  <div class='ocr_page' id='page_1' title='image "./collectioselect00guilgoog_0090.png"; bbox 0 0 2614 4628; ppageno 0'>
   <div class='ocr_carea' id='block_1_1' title="bbox 197 215 884 290">
    <p class='ocr_par' dir='ltr' id='par_1_1' title="bbox 197 215 884 290">
     <span class='ocr_line' id='line_1_1' title="bbox 197 215 884 290; baseline -0.012 -14"><span class='ocrx_word' id='word_1_1' title='bbox 197 215 239 290; x_wconf 73' lang='grc'><strong>84</strong></span> <span class='ocrx_word' id='word_1_2' title='bbox 325 281 330 288; x_wconf 60' lang='grc'><strong><em>,</em></strong></span> <span class='ocrx_word' id='word_1_3' title='bbox 553 230 584 271; x_wconf 86' lang='lat' dir='ltr'><strong>u.</strong></span> <span class='ocrx_word' id='word_1_4' title='bbox 611 227 736 272; x_wconf 82' lang='lat' dir='ltr'><strong>st1uur11</strong></span> <span class='ocrx_word' id='word_1_5' title='bbox 764 225 884 271; x_wconf 78' lang='lat' dir='ltr'><strong>rsarcrs</strong></span> 
     </span>
    </p>
   </div>
   <div class='ocr_carea' id='block_1_2' title="bbox 116 344 1242 3966">
    <p class='ocr_par' dir='ltr' id='par_1_2' title="bbox 116 344 1242 3082">
     <span class='ocr_line' id='line_1_2' title="bbox 239 344 1238 441; baseline -0.011 -20"><span class='ocrx_word' id='word_1_6' title='bbox 239 351 358 420; x_wconf 82' lang='lat' dir='ltr'><strong>XVIII.</strong></span> <span class='ocrx_word' id='word_1_7' title='bbox 383 351 527 441; x_wconf 89' lang='lat' dir='ltr'><strong>Longum</strong></span> <span class='ocrx_word' id='word_1_8' title='bbox 548 362 598 416; x_wconf 86' lang='lat' dir='ltr'><strong>est</strong></span> <span class='ocrx_word' id='word_1_9' title='bbox 618 350 664 416; x_wconf 90' lang='lat' dir='ltr'><strong>ire</strong></span> <span class='ocrx_word' id='word_1_10' title='bbox 685 371 743 438; x_wconf 91' lang='lat' dir='ltr'><strong>per</strong></span> <span class='ocrx_word' id='word_1_11' title='bbox 765 345 888 436; x_wconf 84' lang='lat' dir='ltr'><strong>singula</strong></span> <span class='ocrx_word' id='word_1_12' title='bbox 911 368 919 410; x_wconf 83' lang='lat' dir='ltr'><strong>r</strong></span> <span class='ocrx_word' id='word_1_13' title='bbox 944 344 1023 412; x_wconf 84' lang='lat' dir='ltr'>nihil</span> <span class='ocrx_word' id='word_1_14' title='bbox 1045 345 1078 410; x_wconf 92' lang='lat' dir='ltr'><strong>in</strong></span> <span class='ocrx_word' id='word_1_15' title='bbox 1097 345 1238 412; x_wconf 86' lang='lat' dir='ltr'><strong>bomine</strong></span> 
     </span>
     <span class='ocr_line' id='line_1_3' title="bbox 195 455 1235 548; baseline -0.009 -19"><span class='ocrx_word' id='word_1_16' title='bbox 195 465 415 530; x_wconf 89' lang='lat' dir='ltr'><strong>membrorum</strong></span> <span class='ocrx_word' id='word_1_17' title='bbox 432 473 494 538; x_wconf 86' lang='lat' dir='ltr'><strong>est,</strong></span> <span class='ocrx_word' id='word_1_18' title='bbox 502 460 590 548; x_wconf 89' lang='lat' dir='ltr'><strong>quod</strong></span> <span class='ocrx_word' id='word_1_19' title='bbox 608 481 675 525; x_wconf 90' lang='lat' dir='ltr'><strong>non</strong></span> <span class='ocrx_word' id='word_1_20' title='bbox 691 469 724 525; x_wconf 86' lang='lat' dir='ltr'><strong>ct</strong></span> <span class='ocrx_word' id='word_1_21' title='bbox 739 455 934 524; x_wconf 72' lang='lat' dir='ltr'><strong>necessitatis</strong></span> <span class='ocrx_word' id='word_1_22' title='bbox 949 477 1044 522; x_wconf 89' lang='lat' dir='ltr'><strong>eausa</strong></span> <span class='ocrx_word' id='word_1_23' title='bbox 1060 457 1112 531; x_wconf 88' lang='lat' dir='ltr'><strong>sit,</strong></span> <span class='ocrx_word' id='word_1_24' title='bbox 1125 466 1158 520; x_wconf 88' lang='lat' dir='ltr'><strong>et</strong></span> <span class='ocrx_word' id='word_1_25' title='bbox 1176 457 1235 521; x_wconf 88' lang='lat' dir='ltr'><strong>de-</strong></span> 
     </span>
     <span class='ocr_line' id='line_1_4' title="bbox 195 565 1233 660; baseline -0.011 -17"><span class='ocrx_word' id='word_1_26' title='bbox 195 573 279 642; x_wconf 86' lang='lat' dir='ltr'><strong>coris</strong></span> <span class='ocrx_word' id='word_1_27' title='bbox 298 595 306 637; x_wconf 74' lang='grc' dir='ltr'><strong>ε</strong></span> <span class='ocrx_word' id='word_1_28' title='bbox 324 583 369 648; x_wconf 89' lang='lat' dir='ltr'><strong>et,</strong></span> <span class='ocrx_word' id='word_1_29' title='bbox 386 568 472 660; x_wconf 91' lang='lat' dir='ltr'><strong>quod</strong></span> <span class='ocrx_word' id='word_1_30' title='bbox 490 570 589 658; x_wconf 85' lang='lat' dir='ltr'><strong>magis</strong></span> <span class='ocrx_word' id='word_1_31' title='bbox 605 569 723 634; x_wconf 89' lang='lat' dir='ltr'><strong>mirum</strong></span> <span class='ocrx_word' id='word_1_32' title='bbox 742 579 803 644; x_wconf 86' lang='lat' dir='ltr'><strong>cst,</strong></span> <span class='ocrx_word' id='word_1_33' title='bbox 822 567 935 632; x_wconf 85' lang='lat' dir='ltr'><strong>eadem</strong></span> <span class='ocrx_word' id='word_1_34' title='bbox 949 565 1049 654; x_wconf 86' lang='lat' dir='ltr'><strong>figura</strong></span> <span class='ocrx_word' id='word_1_35' title='bbox 1065 567 1233 641; x_wconf 86' lang='lat' dir='ltr'><strong>omnibus,</strong></span> 
     </span>
     <span class='ocr_line' id='line_1_5' title="bbox 196 674 1235 772; baseline -0.008 -22"><span class='ocrx_word' id='word_1_36' title='bbox 196 684 253 750; x_wconf 91' lang='lat' dir='ltr'><strong>sed</strong></span> <span class='ocrx_word' id='word_1_37' title='bbox 271 681 416 772; x_wconf 83' lang='lat' dir='ltr'><strong>quaedam</strong></span> <span class='ocrx_word' id='word_1_38' title='bbox 434 679 606 769; x_wconf 88' lang='lat' dir='ltr'><strong>unicuique</strong></span> <span class='ocrx_word' id='word_1_39' title='bbox 628 677 818 744; x_wconf 86' lang='lat' dir='ltr'><strong>lineamenta</strong></span> <span class='ocrx_word' id='word_1_40' title='bbox 838 675 969 742; x_wconf 83' lang='lat' dir='ltr'><strong>deflexa.</strong></span> <span class='ocrx_word' id='word_1_41' title='bbox 990 675 1044 742; x_wconf 91' lang='lat' dir='ltr'><strong>Sic</strong></span> <span class='ocrx_word' id='word_1_42' title='bbox 1063 686 1096 741; x_wconf 89' lang='lat' dir='ltr'><strong>et</strong></span> <span class='ocrx_word' id='word_1_43' title='bbox 1112 674 1235 742; x_wconf 81' lang='lat' dir='ltr'><strong>similes</strong></span> 
     </span>
     <span class='ocr_line' id='line_1_6' title="bbox 198 784 1231 877; baseline -0.007 -18"><span class='ocrx_word' id='word_1_44' title='bbox 198 793 335 859; x_wconf 78' lang='lat' dir='ltr'><strong>uniuersi</strong></span> <span class='ocrx_word' id='word_1_45' title='bbox 350 791 507 867; x_wconf 87' lang='lat' dir='ltr'><strong>videmur,</strong></span> <span class='ocrx_word' id='word_1_46' title='bbox 529 801 562 855; x_wconf 86' lang='lat' dir='ltr'><strong>et</strong></span> <span class='ocrx_word' id='word_1_47' title='bbox 580 788 663 855; x_wconf 90' lang='lat' dir='ltr'><strong>inter</strong></span> <span class='ocrx_word' id='word_1_48' title='bbox 678 811 711 854; x_wconf 90' lang='lat' dir='ltr'><strong>se</strong></span> <span class='ocrx_word' id='word_1_49' title='bbox 727 785 840 877; x_wconf 78' lang='lat' dir='ltr'><strong>singuli</strong></span> <span class='ocrx_word' id='word_1_50' title='bbox 856 784 1020 854; x_wconf 84' lang='lat' dir='ltr'><strong>dissimiles</strong></span> <span class='ocrx_word' id='word_1_51' title='bbox 1035 785 1231 853; x_wconf 78' lang='lat' dir='ltr'><strong>invenimur.</strong></span> 
     </span>
     <span class='ocr_line' id='line_1_7' title="bbox 198 896 1235 988; baseline -0.003 -21"><span class='ocrx_word' id='word_1_52' title='bbox 198 902 285 983; x_wconf 89' lang='lat' dir='ltr'><strong>Quid</strong></span> <span class='ocrx_word' id='word_1_53' title='bbox 296 901 446 968; x_wconf 89' lang='lat' dir='ltr'><strong>nascendi</strong></span> <span class='ocrx_word' id='word_1_54' title='bbox 458 899 563 965; x_wconf 72' lang='lat' dir='ltr'><strong>ratio?</strong></span> <span class='ocrx_word' id='word_1_55' title='bbox 575 898 651 987; x_wconf 91' lang='lat' dir='ltr'><strong>quid</strong></span> <span class='ocrx_word' id='word_1_56' title='bbox 664 898 780 988; x_wconf 88' lang='lat' dir='ltr'><strong>cupido</strong></span> <span class='ocrx_word' id='word_1_57' title='bbox 795 896 991 987; x_wconf 71' lang='lat' dir='ltr'><strong>generandi?</strong></span> <span class='ocrx_word' id='word_1_58' title='bbox 1005 921 1112 964; x_wconf 90' lang='lat' dir='ltr'><strong>nonne</strong></span> <span class='ocrx_word' id='word_1_59' title='bbox 1127 922 1145 964; x_wconf 89' lang='lat' dir='ltr'><strong>a</strong></span> <span class='ocrx_word' id='word_1_60' title='bbox 1161 897 1235 965; x_wconf 87' lang='lat' dir='ltr'><strong>Deo</strong></span> 
     </span>
     <span class='ocr_line' id='line_1_8' title="bbox 196 1005 1235 1098; baseline -0.004 -20"><span class='ocrx_word' id='word_1_61' title='bbox 196 1013 269 1078; x_wconf 87' lang='lat' dir='ltr'><strong>data</strong></span> <span class='ocrx_word' id='word_1_62' title='bbox 285 1009 353 1078; x_wconf 78' lang='lat' dir='ltr'><strong>estl&#39;</strong></span> <span class='ocrx_word' id='word_1_63' title='bbox 367 1022 400 1077; x_wconf 88' lang='lat' dir='ltr'><strong>et</strong></span> <span class='ocrx_word' id='word_1_64' title='bbox 416 1023 450 1078; x_wconf 87' lang='lat' dir='ltr'><strong>ut</strong></span> <span class='ocrx_word' id='word_1_65' title='bbox 466 1011 564 1076; x_wconf 84' lang='lat' dir='ltr'><strong>ubera</strong></span> <span class='ocrx_word' id='word_1_66' title='bbox 580 1021 672 1098; x_wconf 86' lang='lat' dir='ltr'><strong>partu</strong></span> <span class='ocrx_word' id='word_1_67' title='bbox 694 1019 927 1075; x_wconf 75' lang='lat' dir='ltr'><strong>maturescente</strong></span> <span class='ocrx_word' id='word_1_68' title='bbox 943 1005 1128 1084; x_wconf 85' lang='lat' dir='ltr'><strong>lactescant,</strong></span> <span class='ocrx_word' id='word_1_69' title='bbox 1145 1020 1179 1074; x_wconf 90' lang='lat' dir='ltr'><strong>et</strong></span> <span class='ocrx_word' id='word_1_70' title='bbox 1195 1022 1235 1074; x_wconf 87' lang='lat' dir='ltr'><strong>ut</strong></span> 
     </span>
     <span class='ocr_line' id='line_1_9' title="bbox 145 1117 1233 1204; baseline -0.002 -16"><span class='ocrx_word' id='word_1_71' title='bbox 145 1199 147 1204; x_wconf 23' lang='lat'><strong>¹</strong></span> <span class='ocrx_word' id='word_1_72' title='bbox 197 1135 287 1190; x_wconf 86' lang='lat' dir='ltr'><strong>tener</strong></span> <span class='ocrx_word' id='word_1_73' title='bbox 299 1122 392 1187; x_wconf 84' lang='lat' dir='ltr'><strong>loetus</strong></span> <span class='ocrx_word' id='word_1_74' title='bbox 408 1123 552 1186; x_wconf 82' lang='lat' dir='ltr'><strong>ubertate</strong></span> <span class='ocrx_word' id='word_1_75' title='bbox 564 1118 656 1187; x_wconf 88' lang='lat' dir='ltr'><strong>lactei</strong></span> <span class='ocrx_word' id='word_1_76' title='bbox 669 1119 748 1185; x_wconf 92' lang='lat' dir='ltr'><strong>roris</strong></span> <span class='ocrx_word' id='word_1_77' title='bbox 759 1117 941 1186; x_wconf 79' lang='lat' dir='ltr'><strong>adolescat?</strong></span> <span class='ocrx_word' id='word_1_78' title='bbox 953 1117 1018 1184; x_wconf 89' lang='lat' dir='ltr'><strong>Nec</strong></span> <span class='ocrx_word' id='word_1_79' title='bbox 1031 1119 1233 1186; x_wconf 73' lang='lat' dir='ltr'><strong>universitati</strong></span> 
     </span>
     <span class='ocr_line' id='line_1_10' title="bbox 197 1226 1233 1319; baseline -0.002 -20"><span class='ocrx_word' id='word_1_80' title='bbox 197 1231 399 1300; x_wconf 88' lang='lat' dir='ltr'><strong>solummodo</strong></span> <span class='ocrx_word' id='word_1_81' title='bbox 414 1231 512 1306; x_wconf 79' lang='lat' dir='ltr'><strong>Deus,</strong></span> <span class='ocrx_word' id='word_1_82' title='bbox 531 1230 588 1295; x_wconf 92' lang='lat' dir='ltr'><strong>sed</strong></span> <span class='ocrx_word' id='word_1_83' title='bbox 606 1241 639 1296; x_wconf 92' lang='lat' dir='ltr'><strong>et</strong></span> <span class='ocrx_word' id='word_1_84' title='bbox 659 1229 802 1319; x_wconf 88' lang='lat' dir='ltr'><strong>partibus</strong></span> <span class='ocrx_word' id='word_1_85' title='bbox 819 1226 966 1296; x_wconf 86' lang='lat' dir='ltr'><strong>consulit.</strong></span> <span class='ocrx_word' id='word_1_86' title='bbox 984 1227 1147 1296; x_wconf 87' lang='lat' dir='ltr'><strong>Britannia</strong></span> <span class='ocrx_word' id='word_1_87' title='bbox 1163 1230 1233 1298; x_wconf 89' lang='lat' dir='ltr'><strong>sole</strong></span> 
     </span>
     <span class='ocr_line' id='line_1_11' title="bbox 197 1339 1235 1431; baseline 0 -23"><span class='ocrx_word' id='word_1_88' title='bbox 197 1341 356 1418; x_wconf 80' lang='lat' dir='ltr'><strong>deficitur,</strong></span> <span class='ocrx_word' id='word_1_89' title='bbox 366 1342 422 1408; x_wconf 90' lang='lat' dir='ltr'><strong>sed</strong></span> <span class='ocrx_word' id='word_1_90' title='bbox 429 1339 680 1408; x_wconf 87' lang='lat' dir='ltr'><strong>circumfluentis</strong></span> <span class='ocrx_word' id='word_1_91' title='bbox 692 1340 786 1406; x_wconf 87' lang='lat' dir='ltr'><strong>maris</strong></span> <span class='ocrx_word' id='word_1_92' title='bbox 794 1350 904 1428; x_wconf 87' lang='lat' dir='ltr'><strong>tepore</strong></span> <span class='ocrx_word' id='word_1_93' title='bbox 913 1352 1085 1405; x_wconf 84' lang='lat' dir='ltr'><strong>recreatur-</strong></span> <span class='ocrx_word' id='word_1_94' title='bbox 1101 1339 1235 1431; x_wconf 78' lang='lat' dir='ltr'><strong>AEgypti</strong></span> 
     </span>
     <span class='ocr_line' id='line_1_12' title="bbox 197 1449 1235 1541; baseline -0.003 -22"><span class='ocrx_word' id='word_1_95' title='bbox 197 1452 373 1520; x_wconf 91' lang='lat' dir='ltr'><strong>siccitatem</strong></span> <span class='ocrx_word' id='word_1_96' title='bbox 388 1463 546 1541; x_wconf 89' lang='lat' dir='ltr'><strong>temperat</strong></span> <span class='ocrx_word' id='word_1_97' title='bbox 562 1449 651 1517; x_wconf 86' lang='lat' dir='ltr'><strong>Nilus</strong></span> <span class='ocrx_word' id='word_1_98' title='bbox 666 1450 784 1522; x_wconf 73' lang='lat' dir='ltr'><strong>amnisr</strong></span> <span class='ocrx_word' id='word_1_99' title='bbox 803 1449 879 1517; x_wconf 88' lang='lat' dir='ltr'><strong>colit</strong></span> <span class='ocrx_word' id='word_1_100' title='bbox 894 1450 1071 1540; x_wconf 81' lang='lat' dir='ltr'><strong>Euphrates</strong></span> <span class='ocrx_word' id='word_1_101' title='bbox 1086 1450 1235 1540; x_wconf 83' lang='lat' dir='ltr'><strong>Mesopo·</strong></span> 
     </span>
     <span class='ocr_line' id='line_1_13' title="bbox 197 1558 1236 1652; baseline 0 -24"><span class='ocrx_word' id='word_1_102' title='bbox 197 1563 342 1636; x_wconf 72' lang='lat' dir='ltr'><strong>temiamr</strong></span> <span class='ocrx_word' id='word_1_103' title='bbox 357 1585 415 1652; x_wconf 89' lang='lat' dir='ltr'><strong>pro</strong></span> <span class='ocrx_word' id='word_1_104' title='bbox 424 1561 579 1627; x_wconf 85' lang='lat' dir='ltr'><strong>imbribus</strong></span> <span class='ocrx_word' id='word_1_105' title='bbox 590 1571 701 1649; x_wconf 88' lang='lat' dir='ltr'><strong>pensat</strong></span> <span class='ocrx_word' id='word_1_106' title='bbox 709 1560 807 1626; x_wconf 89' lang='lat' dir='ltr'><strong>ludus</strong></span> <span class='ocrx_word' id='word_1_107' title='bbox 817 1558 952 1636; x_wconf 87' lang='lat' dir='ltr'><strong>flumen,</strong></span> <span class='ocrx_word' id='word_1_108' title='bbox 964 1572 996 1624; x_wconf 89' lang='lat' dir='ltr'><strong>et</strong></span> <span class='ocrx_word' id='word_1_109' title='bbox 1005 1583 1108 1626; x_wconf 85' lang='lat' dir='ltr'><strong>serere</strong></span> <span class='ocrx_word' id='word_1_110' title='bbox 1121 1561 1236 1630; x_wconf 88' lang='lat' dir='ltr'><strong>Orien·</strong></span> 
     </span>
     <span class='ocr_line' id='line_1_14' title="bbox 198 1668 1233 1760; baseline 0 -22"><span class='ocrx_word' id='word_1_111' title='bbox 198 1684 264 1741; x_wconf 88' lang='lat' dir='ltr'><strong>tem</strong></span> <span class='ocrx_word' id='word_1_112' title='bbox 279 1673 408 1748; x_wconf 88' lang='lat' dir='ltr'><strong>dicitur,</strong></span> <span class='ocrx_word' id='word_1_113' title='bbox 425 1683 458 1737; x_wconf 87' lang='lat' dir='ltr'><strong>et</strong></span> <span class='ocrx_word' id='word_1_114' title='bbox 476 1672 587 1760; x_wconf 90' lang='lat' dir='ltr'><strong>rigare.</strong></span> <span class='ocrx_word' id='word_1_115' title='bbox 607 1669 743 1751; x_wconf 86' lang='lat' dir='ltr'><strong>Quodsi</strong></span> <span class='ocrx_word' id='word_1_116' title='bbox 759 1670 916 1760; x_wconf 86' lang='lat' dir='ltr'><strong>ingressus</strong></span> <span class='ocrx_word' id='word_1_117' title='bbox 932 1668 1069 1758; x_wconf 70' lang='lat' dir='ltr'><strong>aliquam</strong></span> <span class='ocrx_word' id='word_1_118' title='bbox 1084 1671 1233 1748; x_wconf 85' lang='lat' dir='ltr'><strong>domum,</strong></span> 
     </span>
     <span class='ocr_line' id='line_1_15' title="bbox 199 1780 1232 1872; baseline -0.003 -21"><span class='ocrx_word' id='word_1_119' title='bbox 199 1783 305 1851; x_wconf 88' lang='lat' dir='ltr'><strong>omnia</strong></span> <span class='ocrx_word' id='word_1_120' title='bbox 320 1780 460 1856; x_wconf 79' lang='lat' dir='ltr'><strong>exculta,</strong></span> <span class='ocrx_word' id='word_1_121' title='bbox 475 1781 637 1872; x_wconf 89' lang='lat' dir='ltr'><strong>disposita,</strong></span> <span class='ocrx_word' id='word_1_122' title='bbox 650 1792 759 1846; x_wconf 89' lang='lat' dir='ltr'><strong>ornata</strong></span> <span class='ocrx_word' id='word_1_123' title='bbox 775 1780 916 1857; x_wconf 86' lang='lat' dir='ltr'><strong>vidisses,</strong></span> <span class='ocrx_word' id='word_1_124' title='bbox 935 1781 1044 1868; x_wconf 90' lang='lat' dir='ltr'><strong>utique</strong></span> <span class='ocrx_word' id='word_1_125' title='bbox 1058 1804 1190 1869; x_wconf 68' lang='lat' dir='ltr'><strong>preesse</strong></span> <span class='ocrx_word' id='word_1_126' title='bbox 1200 1784 1232 1848; x_wconf 87' lang='lat' dir='ltr'><strong>ei</strong></span> 
     </span>
     <span class='ocr_line' id='line_1_16' title="bbox 197 1886 1230 1965; baseline -0.001 -6"><span class='ocrx_word' id='word_1_127' title='bbox 197 1894 347 1960; x_wconf 80' lang='lat' dir='ltr'><strong>crederes</strong></span> <span class='ocrx_word' id='word_1_128' title='bbox 369 1891 549 1965; x_wconf 89' lang='lat' dir='ltr'><strong>dominum,</strong></span> <span class='ocrx_word' id='word_1_129' title='bbox 564 1903 596 1956; x_wconf 88' lang='lat' dir='ltr'><strong>et</strong></span> <span class='ocrx_word' id='word_1_130' title='bbox 611 1889 671 1955; x_wconf 89' lang='lat' dir='ltr'><strong>illis</strong></span> <span class='ocrx_word' id='word_1_131' title='bbox 691 1890 782 1957; x_wconf 92' lang='lat' dir='ltr'><strong>bonis</strong></span> <span class='ocrx_word' id='word_1_132' title='bbox 800 1891 895 1956; x_wconf 88' lang='lat' dir='ltr'><strong>rebus</strong></span> <span class='ocrx_word' id='word_1_133' title='bbox 917 1886 1019 1956; x_wconf 92' lang='lat' dir='ltr'><strong>multo</strong></span> <span class='ocrx_word' id='word_1_134' title='bbox 1037 1913 1106 1958; x_wconf 90' lang='lat' dir='ltr'><strong>esse</strong></span> <span class='ocrx_word' id='word_1_135' title='bbox 1121 1891 1230 1958; x_wconf 87' lang='lat' dir='ltr'><strong>melio-</strong></span> 
     </span>
     <span class='ocr_line' id='line_1_17' title="bbox 199 1998 1238 2092; baseline 0 -24"><span class='ocrx_word' id='word_1_136' title='bbox 199 2025 268 2068; x_wconf 91' lang='lat' dir='ltr'><strong>rem</strong></span> <span class='ocrx_word' id='word_1_137' title='bbox 285 2025 294 2066; x_wconf 79' lang='grc' dir='ltr'><strong><em>ε</em></strong></span> <span class='ocrx_word' id='word_1_138' title='bbox 313 2002 355 2066; x_wconf 90' lang='lat' dir='ltr'><strong>ita</strong></span> <span class='ocrx_word' id='word_1_139' title='bbox 372 2001 404 2066; x_wconf 90' lang='lat' dir='ltr'><strong>in</strong></span> <span class='ocrx_word' id='word_1_140' title='bbox 420 2000 481 2066; x_wconf 86' lang='lat' dir='ltr'><strong>bac</strong></span> <span class='ocrx_word' id='word_1_141' title='bbox 495 1999 607 2065; x_wconf 89' lang='lat' dir='ltr'><strong>mundi</strong></span> <span class='ocrx_word' id='word_1_142' title='bbox 623 2000 731 2076; x_wconf 88' lang='lat' dir='ltr'><strong>domo,</strong></span> <span class='ocrx_word' id='word_1_143' title='bbox 747 2023 822 2066; x_wconf 91' lang='lat' dir='ltr'><strong>cum</strong></span> <span class='ocrx_word' id='word_1_144' title='bbox 837 1998 954 2066; x_wconf 87' lang='lat' dir='ltr'><strong>coelum</strong></span> <span class='ocrx_word' id='word_1_145' title='bbox 969 2012 1150 2090; x_wconf 88' lang='lat' dir='ltr'><strong>terramque</strong></span> <span class='ocrx_word' id='word_1_146' title='bbox 1164 2025 1238 2092; x_wconf 86' lang='lat' dir='ltr'><strong>per·</strong></span> 
     </span>
     <span class='ocr_line' id='line_1_18' title="bbox 116 2106 1239 2201; baseline 0 -23"><span class='ocrx_word' id='word_1_147' title='bbox 116 2137 120 2144; x_wconf 58' lang='lat'><strong><em>¹</em></strong></span> <span class='ocrx_word' id='word_1_148' title='bbox 200 2112 326 2201; x_wconf 87' lang='lat' dir='ltr'><strong>spicias,</strong></span> <span class='ocrx_word' id='word_1_149' title='bbox 342 2108 588 2198; x_wconf 84' lang='lat' dir='ltr'><strong>providentiam,</strong></span> <span class='ocrx_word' id='word_1_150' title='bbox 605 2109 762 2185; x_wconf 88' lang='lat' dir='ltr'><strong>ordinem,</strong></span> <span class='ocrx_word' id='word_1_151' title='bbox 778 2106 895 2198; x_wconf 87' lang='lat' dir='ltr'><strong>legem,</strong></span> <span class='ocrx_word' id='word_1_152' title='bbox 912 2110 1008 2176; x_wconf 89' lang='lat' dir='ltr'><strong>crede</strong></span> <span class='ocrx_word' id='word_1_153' title='bbox 1025 2133 1094 2178; x_wconf 90' lang='lat' dir='ltr'><strong>esse</strong></span> <span class='ocrx_word' id='word_1_154' title='bbox 1110 2113 1239 2178; x_wconf 74' lang='lat' dir='ltr'><strong>unirer</strong></span> 
     </span>
     <span class='ocr_line' id='line_1_19' title="bbox 202 2219 1239 2309; baseline 0.003 -22"><span class='ocrx_word' id='word_1_155' title='bbox 202 2221 301 2287; x_wconf 88' lang='lat' dir='ltr'><strong>sitatis</strong></span> <span class='ocrx_word' id='word_1_156' title='bbox 321 2220 500 2294; x_wconf 90' lang='lat' dir='ltr'><strong>dominum,</strong></span> <span class='ocrx_word' id='word_1_157' title='bbox 524 2231 766 2309; x_wconf 79' lang='lat' dir='ltr'><strong>parentemque,</strong></span> <span class='ocrx_word' id='word_1_158' title='bbox 794 2220 867 2307; x_wconf 86' lang='lat' dir='ltr'><strong>ipsis</strong></span> <span class='ocrx_word' id='word_1_159' title='bbox 889 2219 1057 2297; x_wconf 87' lang='lat' dir='ltr'><strong>sideribus,</strong></span> <span class='ocrx_word' id='word_1_160' title='bbox 1086 2234 1119 2288; x_wconf 89' lang='lat' dir='ltr'><strong>et</strong></span> <span class='ocrx_word' id='word_1_161' title='bbox 1139 2225 1239 2290; x_wconf 90' lang='lat' dir='ltr'><strong>totius</strong></span> 
     </span>
     <span class='ocr_line' id='line_1_20' title="bbox 201 2325 1239 2423; baseline 0.002 -25"><span class='ocrx_word' id='word_1_162' title='bbox 201 2331 314 2398; x_wconf 87' lang='lat' dir='ltr'><strong>mundi</strong></span> <span class='ocrx_word' id='word_1_163' title='bbox 336 2331 480 2419; x_wconf 89' lang='lat' dir='ltr'><strong>partibus</strong></span> <span class='ocrx_word' id='word_1_164' title='bbox 497 2325 722 2418; x_wconf 87' lang='lat' dir='ltr'><strong>pulchriorem.</strong></span> <span class='ocrx_word' id='word_1_165' title='bbox 743 2328 781 2395; x_wconf 91' lang='lat' dir='ltr'><strong>Ni</strong></span> <span class='ocrx_word' id='word_1_166' title='bbox 801 2327 894 2416; x_wconf 85' lang='lat' dir='ltr'><strong>sorte,</strong></span> <span class='ocrx_word' id='word_1_167' title='bbox 913 2331 1062 2416; x_wconf 91' lang='lat' dir='ltr'><strong>quoniam</strong></span> <span class='ocrx_word' id='word_1_168' title='bbox 1078 2333 1118 2400; x_wconf 91' lang='lat' dir='ltr'><strong>de</strong></span> <span class='ocrx_word' id='word_1_169' title='bbox 1132 2336 1239 2423; x_wconf 83' lang='lat' dir='ltr'><strong>prori-</strong></span> 
     </span>
     <span class='ocr_line' id='line_1_21' title="bbox 203 2437 1240 2527; baseline 0.004 -20"><span class='ocrx_word' id='word_1_170' title='bbox 203 2442 309 2508; x_wconf 88' lang='lat' dir='ltr'><strong>dcntia</strong></span> <span class='ocrx_word' id='word_1_171' title='bbox 322 2437 407 2507; x_wconf 90' lang='lat' dir='ltr'><strong>nulla</strong></span> <span class='ocrx_word' id='word_1_172' title='bbox 424 2440 579 2508; x_wconf 70' lang='lat' dir='ltr'><strong>dubitatio</strong></span> <span class='ocrx_word' id='word_1_173' title='bbox 592 2451 652 2514; x_wconf 90' lang='lat' dir='ltr'><strong>est,</strong></span> <span class='ocrx_word' id='word_1_174' title='bbox 665 2439 891 2526; x_wconf 88' lang='lat' dir='ltr'><strong>inquirendum</strong></span> <span class='ocrx_word' id='word_1_175' title='bbox 906 2451 998 2527; x_wconf 89' lang='lat' dir='ltr'><strong>putas</strong></span> <span class='ocrx_word' id='word_1_176' title='bbox 1016 2454 1124 2510; x_wconf 85' lang='lat' dir='ltr'><strong>utrum</strong></span> <span class='ocrx_word' id='word_1_177' title='bbox 1142 2445 1240 2512; x_wconf 89' lang='lat' dir='ltr'><strong>unius</strong></span> 
     </span>
     <span class='ocr_line' id='line_1_22' title="bbox 203 2547 1241 2644; baseline 0.003 -27"><span class='ocrx_word' id='word_1_178' title='bbox 203 2552 352 2641; x_wconf 86' lang='lat' dir='ltr'><strong>imperio,</strong></span> <span class='ocrx_word' id='word_1_179' title='bbox 376 2573 417 2615; x_wconf 90' lang='lat' dir='ltr'><strong>an</strong></span> <span class='ocrx_word' id='word_1_180' title='bbox 440 2547 802 2637; x_wconf 77' lang='lat' dir='ltr'><strong>arbitrio=plurimorum</strong></span> <span class='ocrx_word' id='word_1_181' title='bbox 818 2547 945 2615; x_wconf 83' lang='lat' dir='ltr'><strong>coeleste</strong></span> <span class='ocrx_word' id='word_1_182' title='bbox 968 2574 1102 2641; x_wconf 88' lang='lat' dir='ltr'><strong>regnum</strong></span> <span class='ocrx_word' id='word_1_183' title='bbox 1117 2556 1241 2644; x_wconf 90' lang='lat' dir='ltr'><strong>guber-</strong></span> 
     </span>
     <span class='ocr_line' id='line_1_23' title="bbox 205 2657 1239 2754; baseline 0.004 -27"><span class='ocrx_word' id='word_1_184' title='bbox 205 2673 300 2727; x_wconf 88' lang='lat' dir='ltr'><strong>netur</strong></span> <span class='ocrx_word' id='word_1_185' title='bbox 318 2683 325 2721; x_wconf 90' lang='lat'>:</span> <span class='ocrx_word' id='word_1_186' title='bbox 343 2659 429 2746; x_wconf 91' lang='lat' dir='ltr'><strong>quod</strong></span> <span class='ocrx_word' id='word_1_187' title='bbox 444 2659 549 2746; x_wconf 89' lang='lat' dir='ltr'><strong>ipsum</strong></span> <span class='ocrx_word' id='word_1_188' title='bbox 563 2680 628 2723; x_wconf 90' lang='lat' dir='ltr'><strong>uon</strong></span> <span class='ocrx_word' id='word_1_189' title='bbox 643 2670 691 2724; x_wconf 87' lang='lat' dir='ltr'><strong>est</strong></span> <span class='ocrx_word' id='word_1_190' title='bbox 705 2657 796 2725; x_wconf 90' lang='lat' dir='ltr'><strong>multi</strong></span> <span class='ocrx_word' id='word_1_191' title='bbox 814 2657 929 2725; x_wconf 89' lang='lat' dir='ltr'><strong>laboris</strong></span> <span class='ocrx_word' id='word_1_192' title='bbox 946 2663 1068 2750; x_wconf 88' lang='lat' dir='ltr'><strong>aperire</strong></span> <span class='ocrx_word' id='word_1_193' title='bbox 1084 2665 1239 2754; x_wconf 79' lang='lat' dir='ltr'><strong>cogitanti</strong></span> 
     </span>
     <span class='ocr_line' id='line_1_24' title="bbox 205 2767 1241 2859; baseline 0.006 -23"><span class='ocrx_word' id='word_1_194' title='bbox 205 2769 337 2859; x_wconf 85' lang='lat' dir='ltr'><strong>imperia</strong></span> <span class='ocrx_word' id='word_1_195' title='bbox 352 2781 491 2844; x_wconf 88' lang='lat' dir='ltr'><strong>terrena,</strong></span> <span class='ocrx_word' id='word_1_196' title='bbox 516 2768 631 2856; x_wconf 90' lang='lat' dir='ltr'><strong>quibus</strong></span> <span class='ocrx_word' id='word_1_197' title='bbox 646 2767 789 2856; x_wconf 86' lang='lat' dir='ltr'><strong>exempla</strong></span> <span class='ocrx_word' id='word_1_198' title='bbox 805 2769 913 2857; x_wconf 90' lang='lat' dir='ltr'><strong>utique</strong></span> <span class='ocrx_word' id='word_1_199' title='bbox 930 2770 969 2836; x_wconf 87' lang='lat' dir='ltr'><strong>de</strong></span> <span class='ocrx_word' id='word_1_200' title='bbox 985 2772 1077 2839; x_wconf 87' lang='lat' dir='ltr'><strong>coelo.</strong></span> <span class='ocrx_word' id='word_1_201' title='bbox 1098 2774 1241 2853; x_wconf 86' lang='lat' dir='ltr'><strong>Quando</strong></span> 
     </span>
     <span class='ocr_line' id='line_1_25' title="bbox 206 2877 1242 2968; baseline 0.008 -24"><span class='ocrx_word' id='word_1_202' title='bbox 206 2901 347 2966; x_wconf 88' lang='lat' dir='ltr'><strong>unquam</strong></span> <span class='ocrx_word' id='word_1_203' title='bbox 359 2878 447 2968; x_wconf 87' lang='lat' dir='ltr'><strong>regni</strong></span> <span class='ocrx_word' id='word_1_204' title='bbox 463 2877 597 2944; x_wconf 85' lang='lat' dir='ltr'><strong>societas</strong></span> <span class='ocrx_word' id='word_1_205' title='bbox 612 2891 669 2942; x_wconf 85' lang='lat' dir='ltr'><strong>aut·</strong></span> <span class='ocrx_word' id='word_1_206' title='bbox 683 2901 757 2944; x_wconf 90' lang='lat' dir='ltr'><strong>cum</strong></span> <span class='ocrx_word' id='word_1_207' title='bbox 771 2877 835 2943; x_wconf 86' lang='lat' dir='ltr'><strong>fide</strong></span> <span class='ocrx_word' id='word_1_208' title='bbox 846 2881 955 2968; x_wconf 89' lang='lat' dir='ltr'><strong>coepit,</strong></span> <span class='ocrx_word' id='word_1_209' title='bbox 967 2895 1023 2946; x_wconf 89' lang='lat' dir='ltr'><strong>aut</strong></span> <span class='ocrx_word' id='word_1_210' title='bbox 1039 2883 1107 2950; x_wconf 88' lang='lat' dir='ltr'><strong>sinc</strong></span> <span class='ocrx_word' id='word_1_211' title='bbox 1122 2905 1242 2952; x_wconf 89' lang='lat' dir='ltr'><strong>cruore</strong></span> 
     </span>
     <span class='ocr_line' id='line_1_26' title="bbox 157 2985 1241 3082; baseline 0.006 -27"><span class='ocrx_word' id='word_1_212' title='bbox 157 3021 160 3026; x_wconf 95' lang='lat'>·</span> <span class='ocrx_word' id='word_1_213' title='bbox 200 2987 368 3056; x_wconf 69' lang='lat' dir='ltr'><strong>discessit?</strong></span> <span class='ocrx_word' id='word_1_214' title='bbox 392 2987 513 3053; x_wconf 88' lang='lat' dir='ltr'><strong>Omitto</strong></span> <span class='ocrx_word' id='word_1_215' title='bbox 532 2985 642 3053; x_wconf 87' lang='lat' dir='ltr'><strong>Persas</strong></span> <span class='ocrx_word' id='word_1_216' title='bbox 662 2988 703 3053; x_wconf 87' lang='lat' dir='ltr'><strong>de</strong></span> <span class='ocrx_word' id='word_1_217' title='bbox 724 3011 879 3076; x_wconf 87' lang='lat' dir='ltr'><strong>equorum</strong></span> <span class='ocrx_word' id='word_1_218' title='bbox 900 2989 1028 3056; x_wconf 89' lang='lat' dir='ltr'><strong>hinnitu</strong></span> <span class='ocrx_word' id='word_1_219' title='bbox 1047 3008 1241 3082; x_wconf 80' lang='lat' dir='ltr'><strong>augurantes</strong></span> 
     </span>
    </p>

    <p class='ocr_par' dir='ltr' id='par_1_3' title="bbox 188 3096 1242 3966">
     <span class='ocr_line' id='line_1_27' title="bbox 206 3096 1240 3188; baseline 0.007 -24"><span class='ocrx_word' id='word_1_220' title='bbox 206 3099 438 3188; x_wconf 86' lang='lat' dir='ltr'><strong>principatum,</strong></span> <span class='ocrx_word' id='word_1_221' title='bbox 469 3107 500 3162; x_wconf 91' lang='lat' dir='ltr'><strong>et</strong></span> <span class='ocrx_word' id='word_1_222' title='bbox 533 3096 761 3164; x_wconf 85' lang='lat' dir='ltr'><strong>Thebanorum</strong></span> <span class='ocrx_word' id='word_1_223' title='bbox 786 3121 845 3186; x_wconf 90' lang='lat' dir='ltr'><strong>par</strong></span> <span class='ocrx_word' id='word_1_224' title='bbox 869 3110 1051 3175; x_wconf 89' lang='lat' dir='ltr'><strong>mortuum,</strong></span> <span class='ocrx_word' id='word_1_225' title='bbox 1079 3103 1240 3182; x_wconf 82' lang='lat' dir='ltr'><strong>fabulam,</strong></span> 
     </span>
     <span class='ocr_line' id='line_1_28' title="bbox 208 3207 1238 3299; baseline 0.009 -27"><span class='ocrx_word' id='word_1_226' title='bbox 208 3222 344 3274; x_wconf 88' lang='lat' dir='ltr'><strong>transeo.</strong></span> <span class='ocrx_word' id='word_1_227' title='bbox 365 3207 416 3274; x_wconf 90' lang='lat' dir='ltr'><strong>Ob</strong></span> <span class='ocrx_word' id='word_1_228' title='bbox 432 3218 597 3297; x_wconf 85' lang='lat' dir='ltr'><strong>pastorum</strong></span> <span class='ocrx_word' id='word_1_229' title='bbox 612 3219 644 3272; x_wconf 90' lang='lat' dir='ltr'><strong>et</strong></span> <span class='ocrx_word' id='word_1_230' title='bbox 659 3231 740 3274; x_wconf 84' lang='lat' dir='ltr'><strong>casae</strong></span> <span class='ocrx_word' id='word_1_231' title='bbox 755 3231 890 3297; x_wconf 84' lang='lat' dir='ltr'><strong>regnum</strong></span> <span class='ocrx_word' id='word_1_232' title='bbox 904 3210 1092 3299; x_wconf 82' lang='lat' dir='ltr'><strong>degeminis</strong></span> <span class='ocrx_word' id='word_1_233' title='bbox 1113 3235 1238 3281; x_wconf 89' lang='lat' dir='ltr'><strong>memo·</strong></span> 
     </span>
     <span class='ocr_line' id='line_1_29' title="bbox 209 3311 1241 3392; baseline 0.01 -10"><span class='ocrx_word' id='word_1_234' title='bbox 209 3318 253 3382; x_wconf 89' lang='lat' dir='ltr'><strong>ria</strong></span> <span class='ocrx_word' id='word_1_235' title='bbox 269 3311 429 3383; x_wconf 82' lang='lat' dir='ltr'><strong>notissima</strong></span> <span class='ocrx_word' id='word_1_236' title='bbox 449 3331 507 3383; x_wconf 87' lang='lat' dir='ltr'><strong>est.</strong></span> <span class='ocrx_word' id='word_1_237' title='bbox 530 3317 645 3384; x_wconf 89' lang='lat' dir='ltr'><strong>Generi</strong></span> <span class='ocrx_word' id='word_1_238' title='bbox 668 3329 701 3384; x_wconf 88' lang='lat' dir='ltr'><strong>et</strong></span> <span class='ocrx_word' id='word_1_239' title='bbox 716 3321 818 3385; x_wconf 85' lang='lat' dir='ltr'><strong>soceri</strong></span> <span class='ocrx_word' id='word_1_240' title='bbox 833 3318 915 3386; x_wconf 86' lang='lat' dir='ltr'><strong>belle</strong></span> <span class='ocrx_word' id='word_1_241' title='bbox 937 3333 1004 3386; x_wconf 91' lang='lat' dir='ltr'><strong>toto</strong></span> <span class='ocrx_word' id='word_1_242' title='bbox 1026 3323 1105 3388; x_wconf 87' lang='lat' dir='ltr'><strong>orbe</strong></span> <span class='ocrx_word' id='word_1_243' title='bbox 1124 3323 1241 3392; x_wconf 80' lang='lat' dir='ltr'><strong>diffusa</strong></span> 
     </span>
     <span class='ocr_line' id='line_1_30' title="bbox 188 3427 1242 3523; baseline 0.011 -31"><span class='ocrx_word' id='word_1_244' title='bbox 188 3507 190 3511; x_wconf 23' lang='grc' dir='ltr'>Ι</span> <span class='ocrx_word' id='word_1_245' title='bbox 209 3439 295 3500; x_wconf 88' lang='lat' dir='ltr'><strong>sunt,</strong></span> <span class='ocrx_word' id='word_1_246' title='bbox 312 3441 345 3492; x_wconf 90' lang='lat' dir='ltr'><strong>et</strong></span> <span class='ocrx_word' id='word_1_247' title='bbox 360 3439 424 3492; x_wconf 90' lang='lat' dir='ltr'><strong>tam</strong></span> <span class='ocrx_word' id='word_1_248' title='bbox 447 3427 553 3517; x_wconf 86' lang='lat' dir='ltr'><strong>magni</strong></span> <span class='ocrx_word' id='word_1_249' title='bbox 569 3427 693 3516; x_wconf 88' lang='lat' dir='ltr'><strong>imperii</strong></span> <span class='ocrx_word' id='word_1_250' title='bbox 712 3429 791 3494; x_wconf 87' lang='lat' dir='ltr'><strong>duos</strong></span> <span class='ocrx_word' id='word_1_251' title='bbox 810 3428 934 3497; x_wconf 82' lang='lat' dir='ltr'><strong>fortuna</strong></span> <span class='ocrx_word' id='word_1_252' title='bbox 960 3455 1023 3500; x_wconf 92' lang='lat' dir='ltr'><strong>non</strong></span> <span class='ocrx_word' id='word_1_253' title='bbox 1040 3435 1135 3523; x_wconf 89' lang='lat' dir='ltr'><strong>cepit.</strong></span> <span class='ocrx_word' id='word_1_254' title='bbox 1159 3433 1242 3504; x_wconf 84' lang='lat' dir='ltr'><strong>Vide</strong></span> 
     </span>
     <span class='ocr_line' id='line_1_31' title="bbox 207 3536 1242 3630; baseline 0.011 -26"><span class='ocrx_word' id='word_1_255' title='bbox 207 3549 332 3604; x_wconf 85' lang='lat' dir='ltr'><strong>caetera.</strong></span> <span class='ocrx_word' id='word_1_256' title='bbox 348 3536 415 3601; x_wconf 88' lang='lat' dir='ltr'><strong>Rex</strong></span> <span class='ocrx_word' id='word_1_257' title='bbox 426 3561 507 3603; x_wconf 91' lang='lat' dir='ltr'><strong>unus</strong></span> <span class='ocrx_word' id='word_1_258' title='bbox 518 3538 642 3627; x_wconf 87' lang='lat' dir='ltr'><strong>apibus,</strong></span> <span class='ocrx_word' id='word_1_259' title='bbox 659 3538 722 3604; x_wconf 89' lang='lat' dir='ltr'><strong>dux</strong></span> <span class='ocrx_word' id='word_1_260' title='bbox 734 3564 815 3606; x_wconf 87' lang='lat' dir='ltr'><strong>unus</strong></span> <span class='ocrx_word' id='word_1_261' title='bbox 828 3542 860 3606; x_wconf 91' lang='lat' dir='ltr'><strong>in</strong></span> <span class='ocrx_word' id='word_1_262' title='bbox 871 3543 1030 3630; x_wconf 89' lang='lat' dir='ltr'><strong>gregibus,</strong></span> <span class='ocrx_word' id='word_1_263' title='bbox 1045 3546 1077 3611; x_wconf 92' lang='lat' dir='ltr'><strong>in</strong></span> <span class='ocrx_word' id='word_1_264' title='bbox 1089 3549 1242 3614; x_wconf 81' lang='lat' dir='ltr'><strong>armentis</strong></span> 
     </span>
     <span class='ocr_line' id='line_1_32' title="bbox 207 3647 1240 3740; baseline 0.013 -27"><span class='ocrx_word' id='word_1_265' title='bbox 207 3660 313 3713; x_wconf 87' lang='lat' dir='ltr'><strong>rector</strong></span> <span class='ocrx_word' id='word_1_266' title='bbox 329 3672 410 3712; x_wconf 90' lang='lat' dir='ltr'><strong>unus</strong></span> <span class='ocrx_word' id='word_1_267' title='bbox 425 3672 433 3714; x_wconf 90' lang='lat'>:</span> <span class='ocrx_word' id='word_1_268' title='bbox 451 3661 485 3714; x_wconf 92' lang='lat' dir='ltr'><strong>tu</strong></span> <span class='ocrx_word' id='word_1_269' title='bbox 498 3649 530 3715; x_wconf 92' lang='lat' dir='ltr'><strong>in</strong></span> <span class='ocrx_word' id='word_1_270' title='bbox 543 3647 623 3715; x_wconf 86' lang='lat' dir='ltr'><strong>eoelo</strong></span> <span class='ocrx_word' id='word_1_271' title='bbox 637 3673 793 3716; x_wconf 87' lang='lat' dir='ltr'><strong>summam</strong></span> <span class='ocrx_word' id='word_1_272' title='bbox 805 3664 993 3740; x_wconf 88' lang='lat' dir='ltr'><strong>potestatem</strong></span> <span class='ocrx_word' id='word_1_273' title='bbox 1006 3656 1102 3724; x_wconf 86' lang='lat' dir='ltr'><strong>dividi</strong></span> <span class='ocrx_word' id='word_1_274' title='bbox 1114 3660 1240 3735; x_wconf 87' lang='lat' dir='ltr'><strong>eredas,</strong></span> 
     </span>
     <span class='ocr_line' id='line_1_33' title="bbox 208 3757 1241 3852; baseline 0.011 -28"><span class='ocrx_word' id='word_1_275' title='bbox 208 3771 241 3824; x_wconf 88' lang='lat' dir='ltr'><strong>et</strong></span> <span class='ocrx_word' id='word_1_276' title='bbox 252 3758 352 3852; x_wconf 85' lang='lat' dir='ltr'><strong>scindi</strong></span> <span class='ocrx_word' id='word_1_277' title='bbox 364 3759 429 3822; x_wconf 90' lang='lat' dir='ltr'><strong>veri</strong></span> <span class='ocrx_word' id='word_1_278' title='bbox 442 3757 524 3824; x_wconf 92' lang='lat' dir='ltr'><strong>illius</strong></span> <span class='ocrx_word' id='word_1_279' title='bbox 535 3783 573 3826; x_wconf 89' lang='lat' dir='ltr'><strong>ac</strong></span> <span class='ocrx_word' id='word_1_280' title='bbox 586 3760 682 3825; x_wconf 89' lang='lat' dir='ltr'><strong>divini</strong></span> <span class='ocrx_word' id='word_1_281' title='bbox 694 3761 818 3850; x_wconf 87' lang='lat' dir='ltr'><strong>imperii</strong></span> <span class='ocrx_word' id='word_1_282' title='bbox 829 3772 927 3828; x_wconf 86' lang='lat' dir='ltr'><strong>totam</strong></span> <span class='ocrx_word' id='word_1_283' title='bbox 940 3775 1127 3852; x_wconf 83' lang='lat' dir='ltr'><strong>potestatem</strong></span> <span class='ocrx_word' id='word_1_284' title='bbox 1137 3767 1153 3831; x_wconf 70' lang='lat' dir='ltr'><strong>l</strong></span> <span class='ocrx_word' id='word_1_285' title='bbox 1165 3792 1241 3836; x_wconf 91' lang='lat' dir='ltr'><strong>cum</strong></span> 
     </span>
     <span class='ocr_line' id='line_1_34' title="bbox 205 3867 1240 3966; baseline 0.014 -33"><span class='ocrx_word' id='word_1_286' title='bbox 205 3867 308 3958; x_wconf 89' lang='lat' dir='ltr'><strong>palam</strong></span> <span class='ocrx_word' id='word_1_287' title='bbox 321 3869 360 3936; x_wconf 84' lang='lat' dir='ltr'><strong>sit</strong></span> <span class='ocrx_word' id='word_1_288' title='bbox 371 3881 536 3958; x_wconf 86' lang='lat' dir='ltr'><strong>parentem</strong></span> <span class='ocrx_word' id='word_1_289' title='bbox 552 3871 697 3938; x_wconf 88' lang='lat' dir='ltr'><strong>omnium</strong></span> <span class='ocrx_word' id='word_1_290' title='bbox 709 3871 812 3940; x_wconf 88' lang='lat' dir='ltr'><strong>Deum</strong></span> <span class='ocrx_word' id='word_1_291' title='bbox 827 3895 887 3944; x_wconf 86' lang='lat' dir='ltr'><strong>uec</strong></span> <span class='ocrx_word' id='word_1_292' title='bbox 898 3875 1090 3966; x_wconf 90' lang='lat' dir='ltr'><strong>principium</strong></span> <span class='ocrx_word' id='word_1_293' title='bbox 1105 3879 1240 3958; x_wconf 87' lang='lat' dir='ltr'><strong>hebere,</strong></span> 
     </span>
    </p>
   </div>
   <div class='ocr_carea' id='block_1_3' title="bbox 0 0 1327 4628">
    <p class='ocr_par' dir='ltr' id='par_1_4' title="bbox 0 0 1327 4628">
     <span class='ocr_line' id='line_1_35' title="bbox 0 0 1327 4628; baseline 0 0"><span class='ocrx_word' id='word_1_294' title='bbox 0 0 1327 4628; x_wconf 95' lang='lat' dir='ltr'><strong> </strong></span> 
     </span>
    </p>
   </div>
  </div>
 </body>
</html>
