2614 4628
223 219 285 294 rod
572 237 603 278 u.
630 232 754 277 ussurus
778 232 898 274 rsurcrs

219 358 479 433 sustineremus
498 366 530 422 te
546 357 587 422 ab
605 356 675 443 ejus
689 351 863 443 fulgoribus
877 364 1011 441 arertas.
1028 376 1046 418 a
1062 351 1284 421 fulminibus

219 467 396 536 abscondas
406 465 420 530 i
430 466 536 532 Deum
553 463 654 532 oculis
668 463 848 532 carnalibus
863 464 909 529 vis
922 462 1042 538 videre,
1057 488 1138 532 eum
1155 466 1281 554 ipsam

219 579 358 648 animam
375 589 478 653 tuam,
494 601 555 665 qua
570 573 737 642 vivificaris
748 587 781 640 et
791 573 942 662 loqueris,
954 597 1015 640 nee
1026 576 1181 664 aspicere
1194 599 1280 664 pos-

220 689 275 766 sis,
290 713 352 756 nee
374 687 506 756 enaret
523 687 588 754 Sed
602 687 689 752 enim
703 687 790 754 Deus
810 699 917 753 actum
939 685 1077 752 hominis
1099 688 1273 777 ignorum

220 800 301 866 etin
315 799 399 866 eoelo
414 799 605 867 constitutus
617 822 682 864 non
695 810 800 888 potest
816 810 870 864 aut
882 819 992 863 omnes
1006 799 1097 864 obire
1109 811 1173 866 aut
1193 800 1275 865 sin-

220 907 309 999 gulos
328 932 432 976 nosse.
453 909 561 985 Erras,
576 932 598 974 o
617 907 728 985 bomo,
744 921 777 974 et
796 907 914 974 falleris
930 931 946 994 :¹
957 907 1041 974 unde
1058 911 1151 976 enim
1173 911 1278 977 Deus

220 1015 314 1108 longe
329 1030 390 1092 est.
407 1041 483 1086 oum
503 1020 609 1085 omnia
628 1016 782 1091 coelestia,
798 1031 998 1110 terrenaque,
1013 1035 1046 1088 et
1068 1043 1145 1111 quae
1169 1033 1273 1088 extra

220 1129 314 1196 istam
329 1128 415 1196 orbis
429 1128 626 1218 provinciam
642 1142 729 1205 sunt,
745 1131 814 1196 Deo
827 1132 967 1220 cognita,
981 1131 1074 1222 plena
1088 1133 1184 1199 sinti'
1197 1133 1273 1198 ubi-

220 1263 282 1327 que
297 1263 362 1306 non
377 1252 502 1306 tantum
520 1240 612 1306 nobis
626 1241 804 1329 proximus,
820 1239 878 1306 sed
888 1240 1011 1307 inlusus
1024 1254 1084 1308 est.
1098 1243 1139 1308 ln
1155 1241 1270 1308 solem

222 1351 302 1418 adeo
327 1375 436 1418 rursus
465 1350 618 1417 intende:
638 1347 719 1416 eoelo
746 1347 878 1424 affixus,
899 1350 956 1415 sed
985 1350 1077 1416 terris
1103 1351 1269 1418 omnibus

222 1483 349 1548 sparsus
371 1472 444 1526 est:
462 1461 581 1550 pariter
602 1482 740 1548 praeseus
762 1460 880 1547 ubique
897 1461 1050 1534 interest,
1078 1473 1110 1526 et
1137 1463 1268 1528 misee-

223 1583 276 1636 tur
297 1571 473 1644 omnibuss
494 1593 653 1659 nusquam
672 1569 759 1637 enim
783 1566 940 1635 claritudo
959 1568 1104 1635 siolatur.
1122 1570 1266 1650 Quanto

213 1665 416 1770 magislleus
430 1693 544 1748 auctor
559 1683 716 1757 omnium,
734 1705 771 1747 ae
787 1678 967 1770 speculator
982 1681 1140 1758 omnium,
1158 1705 1175 1744 a
1191 1704 1267 1767 quo

223 1788 348 1857 nullum
376 1802 570 1878 potestesse
597 1803 770 1870 secretum,
792 1791 931 1856 tenebris
956 1791 1099 1866 interest,
1120 1790 1266 1856 interest

141 1885 144 1892 ’
177 1903 180 1908 “
223 1902 467 1989 cogitationibus
490 1901 625 1975 nostris,
648 1901 737 1988 quasi
762 1899 868 1966 alteris
899 1900 1066 1967 tenebris?
1092 1923 1159 1966 non
1181 1912 1266 1966 tan-

223 2027 292 2082 tum
310 2014 370 2078 sub
385 2010 604 2104 illo-agimus,
619 2012 723 2078 sedet
743 2035 817 2079 cum
839 2009 912 2088 illo,
932 2023 968 2076 ut
982 2033 1085 2102 prope
1102 2010 1263 2087 dixerim,

223 2122 366 2188 vivimus.
884 2155 888 2166 ν

265 2232 422 2300 XXXIII.
447 2229 513 2298 Neo
534 2231 685 2298 uobis—de
703 2246 810 2300 nostra
831 2233 1007 2322 frequentia
1022 2233 1259 2300 blandiamur:

223 2343 315 2412 urulti
340 2343 434 2412 nobis
456 2343 616 2420 ridemur,
644 2344 700 2409 sed
721 2345 789 2409 Deo
809 2345 983 2412 admodum
1009 2345 1104 2435 pauci
1132 2369 1258 2412 sumus.

224 2455 288 2521 Nos
303 2466 412 2544 gentes
428 2455 635 2542 nationesque
651 2455 874 2544 distinguimus
891 2457 982 2522 :Deo
1000 2480 1063 2523 una
1078 2456 1198 2522 domus
1214 2469 1261 2521 est

224 2564 362 2632 mundus
382 2565 435 2630 hie
453 2576 550 2629 totus.
570 2563 671 2653 Reges
687 2577 813 2633 tantum
826 2567 914 2655 regni
932 2567 979 2632 sui
998 2591 1055 2656 per
1070 2567 1179 2634 officia
1199 2569 1261 2634 mi-

223 2676 397 2740 nistrorum
417 2675 562 2740 universa
586 2699 704 2740 novere
728 2699 737 2740 ε
763 2675 831 2742 Deo
854 2675 979 2742 indiciis
999 2699 1078 2766 opus
1099 2699 1166 2742 non
1184 2689 1257 2744 est:

224 2809 288 2852 non
309 2782 413 2852 solum
428 2785 461 2850 in
476 2783 576 2850 oeulis
591 2786 674 2873 ejus,
690 2786 746 2850 sed
764 2798 797 2850 et
815 2787 848 2852 in
868 2787 938 2851 sinu
953 2787 1096 2853 vivimus.
1113 2787 1180 2854 Sed
1199 2788 1259 2853 Ju-

221 2891 299 2962 daeis
323 2893 401 2962 nibil
423 2895 558 2982 proluit,
576 2895 662 2982 quod
691 2919 791 2962 unum
812 2909 845 2960 et
870 2898 929 2985 ipsi
955 2899 1059 2964 Deum
1078 2899 1141 2964 aris
1164 2911 1259 2987 atque

224 3004 350 3094 templis
361 3005 498 3072 maxima
509 3006 732 3094 superstitione
744 3005 923 3073 coluerunt.
938 3009 1118 3098 ignorantia
1129 3008 1257 3084 laberis,

225 3116 250 3182 si
265 3117 410 3206 priorum
426 3128 484 3182 aut
497 3114 615 3182 oblitus
630 3129 685 3183 aut
698 3119 831 3194 inscius,
843 3121 1055 3207 posteriorum
1066 3121 1254 3186 recordaris.

187 3295 191 3300 „
226 3225 306 3292 Nam
317 3239 351 3291 et
362 3226 433 3316 ipsi,
446 3227 550 3293 Deum
563 3240 708 3294 nostrum
725 3229 822 3314 (idem
832 3231 917 3296 euim
929 3230 1072 3296 omnium
1086 3217 1172 3298 Deus
1181 3235 1257 3323 est),

227 3337 378 3422 quamdiu
400 3350 500 3415 caste,
518 3339 659 3417 innoxie,
676 3339 883 3429 religioseque
908 3341 1090 3418 coluerunt,
1107 3345 1257 3432 quamdiu

225 3447 392 3535 praeoeptis
404 3447 583 3514 salubribus
597 3451 910 3538 obtemperaverunt,
924 3451 964 3516 de
975 3452 1084 3540 paucis
1099 3453 1257 3518 innumeri

227 3553 316 3631 lacti,
332 3555 371 3620 de
391 3559 557 3646 egentibus
573 3560 698 3636 divites,
722 3559 762 3624 de
786 3561 995 3626 servientibus
1012 3583 1122 3650 reges:
1141 3561 1256 3628 modici

227 3663 358 3740 multos,
385 3665 499 3733 inermi
527 3680 677 3746 armatos,
704 3671 781 3735 dum
807 3670 932 3758 fugiunt
956 3669 1174 3756 insequentes,
1199 3670 1256 3736 Dei

214 3776 329 3862 jussu,
347 3787 379 3839 et
393 3774 558 3844 elementis
572 3781 787 3846 annitentibus
803 3783 989 3846 obruerunt,
1009 3780 1133 3870 Scripta
1148 3806 1252 3848 eorum

226 3884 345 3977 relege,
362 3885 411 3953 rel
426 3887 452 3953 si
472 3886 622 3958 Romanis
638 3893 737 3981 magis
754 3892 883 3982 gaudes,
902 3904 937 3957 ut
955 3904 1153 3960 transeamus
1171 3906 1252 3960 rote·
