2738 4628
163 380 168 391 Ι
244 297 287 376 bl
564 319 678 364 sartura
700 319 815 365 rnnnnr
837 319 899 366 arn.
925 321 944 364 v

240 447 273 502 et
287 429 441 502 diluvium
462 437 591 506 advenit
609 453 714 518 terre,
731 440 839 508 delens
861 441 1159 508 inresurreotionem
1178 433 1278 509 terrae

238 559 370 637 propter
391 547 616 636 nequissimam
635 551 884 640 generationem,
906 575 977 641 quae
997 549 1057 616 fuit
1075 550 1277 639 temporibus

238 655 317 723 Noe'.
337 654 561 746 Recepitulans
576 669 729 726 autemst
744 681 873 726 omnem
884 660 939 748 qui
954 658 1013 724 fuit
1024 682 1042 724 a
1055 657 1173 724 diluvio
1187 680 1280 723 erro-

239 789 309 834 rem
324 781 609 836 commentatorem
629 767 800 848 idolorum,
816 782 849 837 et
868 751 1099 860 Prophetarum
1120 768 1278 836 interiec-

237 879 371 956 tionem,
391 891 424 945 et
445 881 683 946 succensionem
703 882 872 970 justorum.
895 879 951 947 llla
974 879 1061 946 enim
1080 903 1150 970 quae
1171 878 1235 944 suit
1258 900 1277 943 a

239 988 535 1058 Nabuchodonosor
554 991 696 1058 instituta
714 993 831 1081 imago,
848 990 1049 1058 altitudinem
1064 989 1194 1080 quidem
1212 989 1277 1054 ha·

238 1099 310 1164 buit
333 1099 517 1166 cubitorum
539 1101 712 1190 sexaginta,
738 1099 938 1168 latitudinem
960 1112 1068 1166 autom
1088 1099 1276 1164 cubitorum

238 1232 294 1274 sex
309 1231 318 1272 t
337 1221 578 1299 propterquam
593 1221 627 1276 et
647 1210 798 1287 Ananias,
814 1203 846 1276 e't
861 1209 1001 1286 azarias,
1018 1221 1050 1274 et
1069 1205 1190 1282 Misae'l,
1206 1229 1278 1271 non

239 1319 407 1385 adorantes
423 1342 508 1395 eam,
524 1319 557 1385 in
578 1321 740 1387 caminum
761 1319 847 1386 missi
862 1329 936 1389 sunt
950 1318 1042 1408 ignis,
1059 1341 1116 1406 per
1137 1315 1170 1380 id
1185 1314 1277 1402 quod
1321 1308 1324 1316 ’

239 1429 284 1494 eis
306 1429 424 1505 evenit,
440 1429 667 1520 prophetantes
682 1450 753 1496 eam
768 1451 839 1516 quae
852 1428 886 1495 in
901 1427 1000 1494 linem
1015 1426 1119 1491 lutura
1134 1436 1183 1491 est
1205 1425 1277 1512 jus-

238 1553 346 1606 torum
362 1541 534 1606 succensio.
551 1540 701 1606 Universa
713 1539 800 1606 enim
811 1539 916 1629 imago
927 1536 979 1604 illa
991 1535 1203 1628 praefiguratio
1214 1534 1279 1600 fuit

239 1651 337 1739 hujus
352 1650 516 1727 adventus,
534 1653 573 1718 ab
590 1651 738 1718 omnihus
754 1650 884 1716 omnino
900 1647 1083 1714 homiuibus
1103 1647 1207 1734 ipsum
1221 1667 1278 1709 so-

238 1759 309 1826 lum
324 1760 497 1827 decernens
513 1759 648 1825 adorari.
669 1759 817 1826 Sexcenti
832 1759 938 1846 itaque
954 1758 1027 1824 anni
1043 1757 1122 1832 Noe',
1139 1755 1199 1820 sub
1209 1776 1278 1841 quo

239 1870 300 1937 fuit
322 1869 477 1936 diluvium
497 1881 629 1958 propter
651 1869 852 1958 apostasiam,
872 1879 904 1932 et
918 1889 1069 1934 numerus
1092 1863 1274 1932 cubitorum

241 1979 398 2070 imaginis,
414 1990 545 2068 propter
559 2000 656 2067 quam
669 1978 745 2067 justi
760 1978 793 2044 in
810 1979 971 2045 caminum
987 1977 1066 2067 ignis
1080 1976 1166 2043 missi
1184 1983 1273 2050 sunt,

239 2111 411 2156 numerum
430 2088 567 2155 nominis
587 2087 744 2177 significat
758 2085 854 2164 illius,
872 2088 904 2152 in
929 2109 1025 2176 quern
1047 2086 1277 2175 recapitulatur

241 2221 296 2264 sex
310 2196 446 2264 millium
461 2219 618 2264 annorum
634 2198 736 2264 omnis
750 2198 919 2287 apostasia,
935 2209 968 2262 et
982 2196 1148 2285 injustitia,
1165 2209 1199 2264 et
1216 2221 1280 2264 ne-

241 2309 353 2395 quitia,
369 2319 401 2372 et
423 2307 724 2398 pseudoprophetia,
741 2321 773 2374 et
789 2307 893 2385 dolus,
913 2318 1127 2397 propterque
1142 2319 1174 2374 et
1190 2306 1279 2376 dilu-

240 2417 328 2483 vium
343 2416 542 2507 superveniet
558 2417 649 2506 ignis.

219 2671 235 2702 ι
263 2719 265 2722 ¹
291 2629 337 2703 50
353 2633 409 2701 De
426 2627 638 2700 Antichristi
651 2630 810 2717 nomine,
825 2651 937 2725 reguo
957 2642 993 2700 et
1008 2624 1149 2700 morte¹
1167 2653 1176 2697 :

285 2836 342 2904 llis
362 2846 471 2901 autem
486 2836 532 2902 sie
547 2858 580 2900 se
603 2834 807 2911 habentibus,
825 2847 858 2901 et
878 2836 911 2900 in
928 2835 1075 2902 omnibus
1090 2833 1230 2922 antiquis
1247 2846 1279 2899 et

241 2945 469 3038 probatissimis
485 2956 518 3010 et
529 2944 688 3012 veteribus
700 2943 873 3033 Scripturis
890 2965 1024 3010 numero
1038 2942 1102 3010 boc
1115 2942 1233 3031 posito,
1245 2953 1279 3006 et

241 3055 459 3124 testimonium
473 3052 714 3144 perhibentibus
737 3053 785 3119 his
809 3054 864 3143 qui
883 3052 964 3120 sacie
976 3051 1020 3118 ad
1041 3051 1155 3118 facicm
1176 3050 1278 3117 Joan-

242 3189 318 3233 nem
338 3164 498 3241 viderunt,
515 3173 549 3229 et
567 3163 689 3229 ratione
712 3162 847 3230 docente
862 3185 934 3240 nos,
951 3160 1102 3252 quoniam
1122 3183 1277 3228 numerus

242 3275 379 3343 nominis
394 3274 517 3350 bestiae,
534 3272 712 3340 secundum
727 3272 913 3339 Graecorum
924 3271 1210 3362 computationem,
1221 3293 1280 3360 per

242 3382 363 3450 litteras
379 3406 449 3470 quae
464 3384 497 3448 in
512 3406 551 3448 eo
566 3392 652 3460 sunt,
669 3393 833 3448 sexcentos
848 3381 991 3458 habebit,
1007 3392 1040 3447 et
1055 3380 1229 3469 sexaginta,
1245 3391 1281 3445 et

243 3516 299 3560 sex
306 3517 316 3567 ς
329 3493 392 3560 hoc
402 3504 463 3568 cst,
473 3491 608 3558 decadas
620 3490 754 3580 aequales
765 3491 995 3568 hecatontasin,
1008 3502 1041 3555 et
1052 3489 1283 3556 hecatontadas

243 3601 377 3693 equales
393 3604 537 3669 monasin
559 3604 727 3690 (numerus
748 3603 835 3668 enim
850 3603 903 3692 qui
920 3602 1035 3692 digitus
1050 3625 1117 3677 sex,
1132 3599 1284 3667 similiter

244 3712 433 3788 custoditus,
443 3712 717 3803 recapitulationes
725 3712 1021 3779 ostendituoiversae
1032 3711 1196 3800 apostasiae
1209 3711 1283 3798 ejus

245 3848 315 3913 quae
336 3825 438 3902 initio,
458 3833 491 3889 et
512 3847 581 3913 quae
603 3825 637 3890 in
658 3823 770 3890 mediis
791 3823 1002 3912 temporibus,
1025 3834 1056 3888 ct
1078 3844 1148 3912 quae
1164 3821 1197 3886 in
1215 3819 1286 3886 sane

298 3968 362 4032 Cap.
375 3983 432 4029 xxx,
446 3983 472 4032 p.
483 3965 530 4016 528
542 3973 630 4030 etseq.
