2738 4628
500 301 627 348 conum
649 303 800 346 usonem.
1129 279 1168 367 57

90 408 204 483 quomo
230 394 351 486 pluris
368 399 421 463 sit
441 385 555 466 idiote·
570 397 732 489 religiosus
756 424 773 465 e
796 398 1045 488 blasphemet
1067 399 1173 488 impu-

94 503 182 571 dente
206 505 384 595 sophista.
409 505 516 574 Tales
537 520 611 574 sunt
633 520 741 575 eutem
761 531 872 576 omnes
890 509 1043 585 heretici,
1063 521 1095 574 et
1118 509 1171 596 qui

93 616 210 708 seplus
225 616 362 706 aliquid
380 631 515 709 praeter
526 620 689 686 veritatem
701 619 842 685 invenire
853 631 985 709 putent3
1004 629 1171 707 sequentes

98 747 136 792 eu
152 751 223 815 que
243 728 424 816 praedicta
442 741 534 805 sunt,
552 729 636 795 rerie
650 740 683 796 et
699 727 948 805 multiformiter,
963 741 996 794 et
1011 727 1171 796 imbecille

103 834 249 902 incientes
263 838 352 914 iter,
365 837 417 904 de
435 836 552 904 iisdem
567 861 632 905 non
647 859 774 927 semper
787 831 914 904 eesdem
928 838 1098 904 sententias
1114 838 1170 904 he·

107 948 228 1022 beuta.
242 946 342 1016 velut
365 949 456 1016 caeci
477 970 495 1013 ι
517 947 609 1016 caecis
623 948 911 1016 circumducuntur
928 971 937 1014 ι
953 948 1037 1037 juste
1052 948 1169 1016 cadent

110 1059 143 1125 in
164 1059 399 1128 sublatentem
422 1061 611 1150 ignorantie
630 1061 767 1138 loreum,
788 1083 915 1150 semper
933 1073 1121 1150 querentes,
1136 1070 1170 1126 et

112 1191 274 1259 nunquam
285 1193 416 1237 rerum
433 1170 641 1237 invenientes.
660 1169 785 1260 Fugere
800 1171 896 1260 igitur
907 1159 1033 1261 oportet
1044 1181 1168 1237 senten·

114 1281 173 1346 tiss
190 1281 355 1370 ipsorum,
378 1294 418 1347 et
441 1281 593 1348 intentius
613 1283 794 1357 observare,
816 1281 933 1350 necubi
956 1304 1108 1348 vexemur
1125 1283 1166 1347 el>

110 1387 186 1478 ipsis
202 1413 212 1456 t
229 1390 421 1480 confugere
436 1402 544 1460 eutem
559 1390 602 1456 ed
615 1388 805 1466 Ecclesium,
821 1399 854 1456 et
868 1390 901 1457 iu
920 1391 990 1479 ejus
1005 1391 1078 1458 sinu
1091 1391 1167 1458 edu·

107 1500 194 1576 ceri,
214 1513 251 1566 et
272 1499 463 1568 Dominicis
485 1497 658 1589 seripturis
678 1500 823 1569 enutriri.
848 1498 989 1568 Plentete
1011 1512 1060 1568 est
1078 1500 1167 1568 enim

108 1608 274 1686 Ecclesia,
296 1608 472 1699 paradisus
491 1607 525 1674 in
546 1607 609 1676 hoc
628 1609 759 1676 mundo.
780 1610 859 1676 «At
877 1610 964 1676 omui
987 1634 1064 1702 ergo
1081 1609 1166 1700 ligno

112 1747 128 1780 ι
145 1718 316 1786 Paradisi
329 1740 422 1784 aeas
436 1716 704 1794 manducabitis¹,
720 1747 733 1781 ι
747 1718 792 1784 eit
806 1717 941 1808 Spiritus
962 1720 1021 1786 Dei
1026 1745 1036 1794 t
1056 1720 1089 1786 id
1103 1733 1165 1796 est,

111 1831 159 1896 nt
175 1830 268 1896 omni
284 1827 456 1918 Scriptura
479 1827 646 1894 Dominice
661 1827 853 1896 manducate
869 1852 878 1893 ε
897 1852 993 1919 super
1006 1827 1090 1896 elato
1106 1854 1165 1896 eu-

114 1952 190 2006 tem
204 1963 302 2008 sensu
317 1962 360 2005 ne
377 1936 658 2016 manducaveritis,
678 1959 782 2027 neque
801 1938 966 2028 tetigeritis
986 1940 1165 2006 universam

120 2049 315 2118 haretimm
328 2047 566 2115 dissensionem.
584 2048 647 2137 lpsi
662 2049 749 2116 enim
769 2049 964 2116 confitentur
978 2051 1164 2140 semetipsos

128 2158 330 2247 agnitionem
342 2157 456 2224 hebere
472 2157 550 2225 boni
566 2168 598 2222 et
613 2156 687 2228 meli
705 2179 714 2222 ι
733 2169 766 2222 et
781 2181 876 2247 super
886 2160 1003 2236 Deum,
1020 2160 1074 2248 qui
1089 2161 1165 2229 lecit

123 2291 198 2343 ees,
212 2266 394 2358 jaculentur
413 2289 524 2334 sensus
547 2290 621 2336 suos
643 2267 767 2355 impios.
787 2267 888 2355 Supra
908 2270 1004 2358 igitur
1023 2270 1164 2337 sentiunt
1300 2335 1302 2342 .

119 2401 224 2468 quem
231 2390 282 2444 est
292 2400 438 2444 mensure
451 2377 649 2444 sensationis.
662 2376 866 2466 Quapropter
876 2390 909 2443 et
919 2377 1089 2466 Apostolus
1099 2381 1160 2446 uite

127 2515 144 2550 ι
159 2489 232 2558 Non
243 2487 316 2576 plns
329 2511 441 2578 sapere
460 2509 557 2575 quem
576 2496 702 2575 oportet
713 2508 836 2574 supere,
849 2486 905 2552 sed
916 2509 1027 2575 supere
1038 2487 1079 2557 nd
1090 2509 1165 2576 pru·

114 2629 132 2660 ι
149 2597 333 2673 dentiem²;
348 2609 407 2663 »ut
417 2620 483 2662 non
493 2593 620 2660 illorum
632 2594 861 2660 manducantes
873 2596 1079 2685 agnitionem,
1091 2619 1163 2663 eum

113 2730 194 2798 quen
219 2705 294 2796 plns
323 2728 422 2794 quem
444 2713 574 2793 opertet
600 2703 698 2791 sepit,
726 2703 931 2792 projiciemur
952 2705 992 2772 de
1012 2706 1162 2774 Perediso

114 2819 218 2884 ritae:
237 2819 273 2884 in
287 2837 385 2904 quem
406 2815 563 2881 Dominus
582 2811 707 2878 inducit
726 2835 780 2878 eos
803 2815 857 2901 qui
882 2815 1059 2882 obaudiunt
1078 2841 1161 2907 prae-

112 2927 306 3016 ceptionem
333 2925 450 3012 ejus«
474 2919 685 3011 recapitulans
706 2921 791 2986 inse
811 2924 917 2988 omnia
933 2946 1003 3011 quse
1024 2923 1057 2990 in
1072 2924 1160 2992 coelis

114 3069 132 3102 ι
147 3051 182 3105 et
192 3060 265 3128 quo
275 3058 373 3126 super
383 3032 521 3100 terrem⁸
535 3055 544 3096 ε
559 3031 715 3119 »sedquae
726 3032 759 3098 in
771 3031 871 3108 coelis,
883 3033 1055 3123 spiritunlie
1068 3047 1156 3109 sunt;

114 3173 190 3240 qne
210 3160 321 3214 eutem
345 3147 378 3212 in
401 3143 505 3220 terris,
528 3141 706 3209 secundum
728 3141 889 3208 hominem
912 3157 960 3209 est
981 3143 1155 3233 dispositio.

115 3261 195 3328 Hoc
209 3260 309 3349 igitur
324 3256 358 3322 in
380 3253 587 3340 semetipsum
607 3249 832 3340 recapitulatas
849 3263 909 3325 est,
930 3251 1073 3320 edununs
1095 3254 1156 3321 ho-

115 3371 237 3438 minem
252 3367 393 3457 spiritui,
406 3377 440 3430 et
454 3361 600 3451 spiritum
610 3358 768 3460 collocans
780 3359 812 3426 in
825 3358 967 3436 homine,
981 3360 1048 3450 ipse
1059 3376 1156 3453 ceput

118 3482 244 3572 spiritus
267 3479 372 3546 fectus
393 3487 454 3549 est,
475 3484 508 3538 et
530 3473 675 3561 spiritum
696 3471 774 3538 dens
790 3495 858 3538 esse
879 3471 1016 3539 hominis
1031 3488 1152 3564 ceputr

117 3614 171 3680 per
186 3589 282 3658 illum
296 3587 384 3654 enim
401 3583 552 3658 vidimus,
567 3593 600 3646 et
615 3579 805 3655 audivimus,
817 3593 851 3646 et
865 3579 1033 3671 loquimur.

144 3731 154 3766 ¹
164 3731 231 3783 (im.
242 3747 276 3790 ιι,
289 3729 328 3779 1⁶.
339 3755 370 3766 -
380 3725 392 3762 ²
402 3727 480 3776 Item.
492 3739 538 3783 ιιι,
548 3723 571 3771 3.
583 3747 615 3762 -·
626 3720 635 3755 ⁵
646 3721 738 3786 Ephes.
749 3739 767 3780 ι,
784 3733 820 3770 ιο.
914 3741 917 3750 ’
