2478 4594
142 235 207 316 sbi
454 253 628 302 curuum
651 253 864 304 runruurr

141 379 230 471 signs
243 375 444 448 etmirrculs
457 377 605 458 officere,
625 404 668 448 ex
685 383 804 448 nostris
819 379 993 448 credidere
1005 378 1182 470 Scriptuis.

144 487 249 576 thue
267 487 362 555 etism
375 485 486 577 alique
498 489 628 554 virtutos
643 513 699 555 seu
718 501 893 580 potestates
907 499 1050 554 movent
1065 499 1182 564 sente.

144 609 177 664 st
199 597 318 664 imbres
339 595 552 672 distribuunt,
572 597 701 664 rudiunt
724 597 1016 688 Psalmograpbum
1033 621 1044 662 r
1063 597 1183 676 ‹Quur

145 704 282 774 »dilecta
299 705 499 772 tabernacula
522 717 596 782 tua,
612 707 749 773 Domine
765 709 920 773 virtutum
936 706 972 772 ‘l
989 734 1003 768 ι
1019 707 1054 772 ls
1070 718 1119 771 est
1132 707 1183 770 rir-

145 825 251 880 tutrmr
265 827 297 880 et
311 814 547 904 principatuum
562 826 594 880 et
606 827 800 903 potestatum
811 817 994 890 Dominus,
1012 814 1059 879 de
1074 814 1184 909 quodi

144 923 191 988 cit
206 919 308 988 bloses
326 945 336 986 2
354 932 391 986 ut
405 945 480 988 cum
499 945 538 988 eo
553 922 669 999 simus,
686 934 746 987 «et
758 921 985 988 circumcidite
1001 921 1125 986 durum
1137 944 1184 988 cor

146 1042 329 1106 uestrum,
362 1042 395 1095 et
419 1031 576 1098 cerr-leem
603 1043 740 1098 vetram
765 1054 831 1098 non
858 1029 1003 1120 emplius
1027 1029 1182 1096 indurabi-

147 1139 218 1205 rtis.
243 1137 401 1205 Dominus
422 1139 508 1204 enim
530 1139 733 1206 dominorum
754 1151 788 1204 et
807 1140 894 1206 Deus
916 1139 1087 1214 deorum,
1111 1139 1181 1204 Dens

147 1269 302 1337 »mugnus
324 1257 358 1312 ct
376 1246 533 1324 lortis²,s
561 1259 596 1312 ot
609 1271 680 1336 quc
701 1247 850 1336 deinceps
870 1247 1180 1334 consequuntur&

144 1355 253 1425 Esaias
271 1379 280 1422 r
296 1353 457 1433 «Tollite,
480 1354 598 1442 lnquit,
623 1357 656 1424 in
680 1355 779 1424 altum
800 1353 911 1423 oculos
932 1341 1084 1429 vestros,
1098 1366 1127 1419 et
1139 1355 1178 1421 ri·

147 1463 241 1530 »doto
259 1463 330 1554 quis
349 1463 419 1530 herc
439 1463 546 1532 omnio
563 1465 673 1530 lecerit
686 1465 738 1532 ’.ι
757 1466 858 1533 Porro
874 1476 991 1532 autem
1008 1463 1117 1528 dicunt
1128 1459 1176 1528 rb·

147 1573 202 1662 qui
225 1572 437 1663 pestilentias,
456 1585 490 1638 et
511 1573 699 1663 grandines,
721 1587 754 1640 et
771 1571 947 1663 procellas,
972 1584 1009 1638 et
1030 1595 1097 1660 que
1110 1582 1172 1636 suut

147 1677 198 1746 bis
214 1676 347 1756 similis,
363 1701 430 1744 non
445 1700 485 1743 ex
497 1675 564 1746 solu
580 1679 820 1768 perturbatione
829 1675 1016 1754 materiali,
1033 1676 1165 1741 sedetirm

148 1805 189 1850 cx
215 1779 318 1871 aliqua
346 1782 552 1860 demonum,
575 1796 630 1852 aut
659 1782 841 1874 angelorum
868 1805 939 1850 non
963 1783 1115 1847 bononm
1128 1780 1168 1844 irs

148 1890 219 1958 lieri
233 1890 347 1958 solere.
361 1891 434 1958 Jsm
446 1915 520 1958 sero
531 1891 619 1958 siunt
629 1890 736 1981 Magos
753 1892 807 1981 qui
824 1903 897 1957 sunt
915 1889 1068 1966 Cleonis,
1080 1890 1172 1956 obse-

148 2012 259 2066 santos
274 1998 421 2066 sublimis
440 2000 575 2074 nubium
590 2022 662 2090 quse
676 2013 767 2072 erunt
779 1999 953 2090 grandines
968 1997 1169 2088 circulum,

149 2108 281 2174 canticis
293 2120 326 2173 et
337 2107 499 2174 sacrificiis
510 2108 589 2176 iram
602 2107 772 2200 depellere.
787 2108 885 2189 Quod
896 2107 925 2176 si
937 2107 1026 2173 sorte
1037 2107 1072 2172 ris
1083 2126 1165 2192 qusn-

151 2211 256 2302 doque
278 2214 415 2280 defuerit
435 2214 577 2292 animal,
602 2238 660 2281 suo
687 2227 852 2288 cruentato
874 2215 983 2314 digito
1006 2211 1158 2284 wdfimt.

150 2319 321 2388 blentinics
337 2347 465 2414 quoque
483 2322 623 2390 Diotima
640 2373 650 2400 ,
670 2322 918 2392 Atheniensibus
942 2321 1164 2388 ecrifiembus

152 2441 226 2498 ente
255 2428 486 2519 pestilentiam,
516 2431 622 2500 effecit
652 2443 687 2498 ut
711 2433 843 2498 morbus
870 2429 1059 2496 differretur
1082 2429 1168 2494 decem

105 2579 110 2584 -
153 2537 254 2605 annis.
281 2539 371 2605 Sicut
393 2540 489 2605 etiam
503 2539 698 2628 Epimenidis
714 2539 872 2608 Cretensis
888 2538 1071 2616 sacrificis,
1084 2537 1170 2602 iisdem

152 2643 398 2715 Atheniensibus
413 2647 445 2713 iu
461 2659 585 2714 tantum
603 2660 729 2738 tempus
742 2649 907 2715 Persicum
924 2647 1054 2714 bellum
1068 2643 1173 2718 distillo·

151 2765 237 2830 runt.
256 2754 443 2821 Existimant
457 2767 566 2822 sutem
580 2755 659 2820 nibil
670 2755 789 2822 referre
799 2779 840 2822 an
851 2754 910 2821 bas
924 2757 1054 2830 animus
1065 2757 1173 2822 Deotsr

152 2861 290 2952 Angelos
308 2861 463 2929 dicamus.
482 2863 556 2928 «lam
571 2887 646 2929 vero
660 2864 714 2953 qui
729 2876 804 2928 sunt
822 2885 939 2928 eorum
965 2863 1118 2930 doctrine
1131 2883 1172 2950 pt·

152 2969 206 3038 riti
216 3020 228 3049 ,
240 2970 272 3037 in
280 2967 387 3038 multis
398 2968 526 3060 templis
538 2981 687 3060 tanquam
699 2971 841 3039 Deorum
853 2982 999 3049 statuas,
1012 2995 1118 3038 omnes
1126 2969 1173 3044 [luo

153 3090 356 3146 mortuorum
367 3075 488 3174 loculos
500 3101 654 3167 posuere,
671 3078 828 3146 demones
841 3079 977 3167 quidem
988 3093 1174 3147 vocantes

153 3185 227 3254 runi
250 3186 390 3265 animas,
411 3210 463 3253 ess
486 3197 593 3253 autem
618 3185 680 3252 coli
702 3189 742 3252 ab
759 3186 946 3254 hominibus
968 3188 1133 3262 docentes,
1150 3195 1176 3248 ut

155 3317 228 3384 quae
245 3295 351 3361 diviua
368 3295 568 3360 Providentia
588 3305 719 3383 propter
735 3295 805 3361 vitae
820 3295 999 3384 puritatem
1011 3307 1175 3386 poteststru

158 3403 358 3492 occeperint,
371 3414 406 3474 ut
418 3403 457 3469 ad
468 3401 636 3469 hominum
646 3403 857 3470 ministerium
869 3401 983 3470 locum
994 3405 1103 3492 quicst
1112 3403 1176 3468 ciros

159 3521 278 3576 terrum
297 3511 432 3578 obirent.
459 3511 609 3578 Sciebant
629 3511 715 3578 enim
736 3509 857 3598 aliquas
879 3513 1004 3596 epimas
1025 3535 1068 3577 ex
1087 3521 1175 3576 ustus

160 3639 294 3706 corpore
306 3621 418 3685 teneri.
433 3619 498 3685 Sed
512 3618 552 3684 de
567 3619 615 3686 bis
630 3641 705 3686 cum
717 3630 829 3708 agetur
840 3619 882 3686 de
894 3619 1039 3708 Angelis,
1055 3637 1173 3685 moxsuo

158 3735 303 3814 temporo
326 3725 526 3794 disseremus.
555 3727 756 3796 Democritus
777 3738 888 3795 eutem
906 3727 997 3816 quod
1017 3750 1057 3797 ex
1073 3723 1172 3794 oelitt

194 3885 302 3960 'pl‘nln
313 3885 649 3962 mm,[1.-·nsur.xj,
671 3889 718 3952 16,
733 3885 774 3958 17'.
785 3915 820 3927 -
830 3885 841 3914 ⁸
851 3889 910 3938 Ῑιιί.
922 3905 969 3954 xc,
979 3890 1022 3941 αδ.
