2574 4628
338 315 538 363 concurarro
562 315 602 358 so
625 313 755 360 carras.
1003 293 1061 360 165

38 457 113 502 suam
126 434 305 525 caliginem
323 435 493 504 incidistis?
506 433 642 502 Pulcher
656 433 833 524 quidemast
844 433 954 501 Parius
965 432 1062 526 lapis;

39 546 87 612 ssd
100 544 253 613 nondum
272 557 326 612 est
342 545 517 635 Neptunus.
535 542 708 610 Pulchrum
722 555 771 610 est
790 544 887 617 obur3
907 544 964 610 sed
982 566 1064 609 non·

41 655 108 720 dum
129 669 178 721 est
201 653 387 745 Olympius.
409 654 539 722 Materia
565 677 690 745 semper
714 655 833 745 indiget
852 666 952 721 arte:
980 654 1064 720 Deus

40 779 133 832 rotem
153 777 203 833 est
219 764 343 833 nullius
358 767 405 832 rei
426 767 561 858 indigusa
583 765 704 836 Prodiit
718 789 768 849 aas
787 765 946 833 :formam
961 764 1065 832 induit

40 880 157 946 materia
174 901 182 944 :
202 882 303 971 cujus
327 879 455 971 quidem
471 880 653 946 substantia
670 879 807 969 pretium
822 891 869 946 est
884 879 925 944 ad
939 877 1065 945 lucrum

43 989 119 1068 oble,
143 989 210 1057 sola
232 1015 315 1058 vero
338 992 440 1058 forma
461 991 697 1059 venerationem
720 992 749 1058 ei
774 989 929 1058 conciliat.
956 991 1066 1080 ltaque

43 1113 132 1168 thina
148 1113 202 1168 tua
219 1124 343 1169 aurum
358 1115 418 1180 est,
439 1101 560 1192 lignum
575 1114 636 1179 est,
653 1101 732 1192 lapis
748 1113 807 1179 est,
830 1114 913 1167 terra
929 1102 1066 1191 denique

43 1223 94 1288 cst,
112 1213 136 1276 si
150 1212 310 1302 originem
335 1214 405 1303 ejus
424 1235 627 1302 persequare,
647 1235 718 1302 quae
740 1214 780 1279 ab
796 1211 916 1279 artilioe
930 1213 1067 1286 formam

46 1321 161 1410 accepit.
185 1321 255 1412 ligo
282 1333 396 1389 autem
416 1334 536 1389 terram
558 1321 681 1390 calcare
703 1321 813 1400 didici,
835 1347 900 1389 non
920 1324 1062 1390 adorare.

46 1429 141 1517 licque
154 1431 238 1496 enim
253 1431 341 1498 mihi
355 1429 401 1497 ias
412 1453 551 1521 anquam
564 1454 653 1521 spem
667 1432 779 1499 animae
795 1455 874 1518 meae
889 1435 983 1500 rebus
997 1434 1067 1500 ina·

49 1539 128 1606 nimis
140 1540 278 1608 credere.
296 1541 460 1621 Quocirca
472 1541 513 1608 ad
528 1532 695 1608 simulacra
711 1543 960 1632 quamproxime
974 1567 1068 1616 acce-

49 1645 172 1713 dendum
186 1662 233 1715 est
249 1673 257 1714 :
279 1671 383 1740 quam
401 1650 487 1717 enim
503 1652 706 1740 conjunctus,
722 1665 755 1718 et
769 1653 857 1742 quasi
875 1653 1010 1720 sociatus
1028 1651 1069 1720 sit

52 1777 116 1821 oum
130 1760 200 1848 ipsis
220 1783 328 1835 error,
353 1782 466 1825 eorum
487 1773 631 1850 aspectus
651 1758 743 1828 facilc
761 1761 945 1837 convineec
967 1761 1069 1829 solent

54 1867 129 1934 onim
137 1870 268 1958 dpeciem
278 1867 682 1956 habitumquedaemonum
694 1867 867 1937 clarissime
878 1873 1069 1960 exprimere.

58 1978 155 2065 ltaque
167 1978 190 2044 si
202 1981 265 2067 quis
279 1991 406 2045 statuas
422 1980 585 2068 pictasque
604 1979 756 2069 imagines
776 1977 1026 2071 perlustraverit,
1043 1982 1068 2048 is

64 2109 130 2154 sane
145 2111 179 2154 ox
194 2091 333 2178 turpibus
352 2111 464 2154 eorum
483 2088 591 2178 liguris
605 2087 680 2154 deos
698 2097 817 2156 vestros
832 2091 937 2156 statim
953 2113 1081 2180 agnos--

64 2208 128 2263 cet:
139 2197 280 2265 bacchum
295 2198 444 2288 quidem,
457 2221 496 2266 ex
506 2199 640 2272 amictu;
654 2195 847 2276 Vulcanum,
859 2201 934 2265 artis
946 2223 1009 2266 suae
1018 2202 1070 2267 in*

65 2305 202 2395 signibus3
229 2307 392 2384 Cererem,
416 2305 605 2376 calamitatis
629 2306 856 2395 descriptione;
881 2309 952 2386 luo,
970 2310 1065 2385 sitta:

61 2415 229 2505 Neptunum,
244 2421 406 2494 tridente;
421 2419 547 2494 larem,
560 2439 674 2506 cycno.
689 2415 796 2506 llogus
808 2416 977 2484 Herculem
983 2441 1071 2485 mon-

57 2537 131 2592 strat
153 2527 184 2593 Si
203 2530 270 2616 quis
286 2529 385 2596 nudae
404 2527 545 2614 mulieris
560 2527 733 2616 imaginem
743 2527 954 2616 conspexerit,
973 2527 1070 2616 ipsius

56 2637 146 2704 ammo
159 2661 247 2706 aurea
259 2639 373 2708 Venus
387 2639 493 2705 statim
505 2641 700 2730 obserantur.
715 2635 852 2704 Proinde
868 2637 1002 2727 Cyprius
1018 2636 1071 2704 ille

54 2747 214 2838 Pygmalion
231 2752 387 2819 eburneae
409 2761 532 2826 statuae,
555 2773 625 2839 quae
640 2749 760 2816 nudam
775 2747 934 2815 Venerem
952 2771 1071 2838 reprae-

54 2861 189 2938 sentabat,
204 2885 317 2928 amore
331 2861 417 2927 ursit.
435 2862 530 2928 Hunc
550 2861 655 2948 itaque
672 2859 825 2949 Cyprium
841 2870 950 2926 statuae
967 2841 1068 2926 forma

55 2981 175 3057 captum,
194 2993 269 3038 cum
283 2994 323 3037 ea
339 2971 483 3047 coivisse,
500 2980 674 3036 auctorest
690 2967 953 3057 Philostephanus
970 2991 977 3032 :
996 2967 1072 3034 alte-

55 3099 110 3142 ram
120 3101 207 3167 porm
223 3079 318 3145 Cnidi
330 3079 426 3145 luisse
439 3077 597 3146 Venerem
609 3079 721 3145 eximia
731 3076 970 3168 pulchritudine
981 3077 1067 3143 ellic-

55 3197 108 3253 tam
120 3211 137 3254 e
149 3187 263 3280 lapido,
282 3191 378 3280 cujus
393 3191 560 3258 incensum
575 3211 684 3255 amore
699 3189 870 3278 quemdam
882 3186 980 3252 alium
996 3197 1071 3257 cum

55 3295 141 3384 lapide
170 3300 437 3368 consuetudinem
466 3300 630 3374 habuisse,
654 3298 764 3365 scribit
788 3297 992 3385 Posidippus;
1017 3294 1070 3362 ille

56 3407 166 3495 quidem
181 3407 265 3476 libro
288 3431 384 3497 quem
410 3401 450 3474 de
470 3409 589 3497 Cypro,
607 3407 661 3474 hic
676 3418 784 3471 autem
802 3406 835 3470 in
854 3429 892 3470 eo
916 3427 1010 3492 quem
1030 3405 1071 3471 de

58 3513 141 3582 Cnido
153 3518 351 3606 conscripsit.
370 3515 470 3583 Tanta
486 3518 587 3582 inerat
598 3517 660 3585 arti
671 3514 849 3603 decipiendi
866 3515 1019 3602 potentia,
1037 3529 1072 3582 ut

59 3621 220 3694 lbidinosos
237 3627 387 3695 homines
400 3629 469 3718 ejus
481 3626 642 3693 fraudibus
655 3637 764 3714 captos
782 3625 814 3691 in
832 3625 1020 3692 barathrum
1032 3623 1068 3690 il-

59 3728 159 3800 lioaret.
180 3735 408 3825 Quascumque
430 3748 538 3804 autem
554 3737 635 3802 vires
649 3745 786 3800 ostentet
808 3734 989 3822 hujusmodi
1006 3759 1069 3811 ars,

60 3841 172 3911 minima
193 3859 305 3912 tamen
328 3869 381 3914 eos
401 3845 508 3914 fallere
527 3845 609 3914 valet
630 3847 685 3936 qui
703 3836 913 3914 sunt'ratione
932 3846 1070 3935 praediti,

61 3951 177 4042 ejusque
194 3979 233 4024 ex
259 3958 442 4048 proscripto
466 3959 585 4028 vivunt.
612 3955 792 4045 Utcumque
814 3957 899 4025 enim
921 3955 1072 4045 pingendi
