2532 4608
164 280 229 368 374
478 295 651 342 cunensis
676 296 892 340 annuarum

161 424 287 491 divinis.
306 422 586 506 Quemadmodum
601 444 678 510 ergo
692 421 717 486 si
733 421 804 510 quis
820 419 878 488 fiat
894 422 998 486 bestia
1010 443 1051 486 ex
1063 421 1201 500 bomine,

160 530 306 598 similiter
329 544 422 620 atque
444 532 465 596 ii
488 532 543 619 qui
564 530 690 596 firerant
713 529 822 595 infecti
844 530 979 595 venenis
1007 529 1142 596 Ciroas:
1163 535 1198 599 ih

160 639 260 708 bomo
275 639 333 708 Dei
351 663 434 716 esse,
450 651 483 704 et
497 637 636 706 Domino
652 635 754 703 fidelis
767 660 837 702 esse
852 637 967 712 desiit,
988 638 1047 725 qui
1063 638 1198 706 adversus

160 747 414 815 Ecclesiastioam
425 745 636 814 recalcitravit
651 745 874 821 traditionem,
889 757 923 810 et
939 746 976 810 in
993 745 1194 814 humanarmn

160 855 323 922 haereseon
345 853 470 920 desiluit
487 855 663 944 opiniones.
684 853 749 934 Qui
765 865 873 920 autem
888 875 928 918 ex
944 852 1013 920 boo
1032 876 1140 920 errore
1153 879 1194 922 re-

160 987 270 1030 versus
285 961 403 1030 obediit
421 962 614 1053 Scripturia,
627 973 660 1027 et
676 961 773 1028 vitam
792 983 883 1027 suam
899 961 1052 1050 permisit
1066 965 1192 1038 mritati,

159 1071 245 1140 Deus
262 1070 499 1160 quodammodo
519 1093 558 1136 ax
578 1069 707 1136 homine
722 1068 870 1135 efficitur.
895 1069 1100 1159 Principium
1119 1071 1190 1138 enin

158 1179 312 1246 doetrinae
323 1177 478 1248 babemus
493 1179 685 1254 Dominum,
702 1178 756 1266 qui
767 1189 800 1242 et
817 1200 876 1268 per
887 1177 1091 1267 Prophetas,
1104 1192 1189 1268 etper

156 1286 381 1377 Evangelium,
397 1299 430 1354 et
447 1309 505 1377 per
522 1287 631 1354 beatos
651 1283 839 1375 Apostolos,
854 1285 1070 1376 multifariam
1085 1290 1185 1354 nubi

157 1419 211 1483 que
225 1395 342 1464 nodis·
360 1421 377 1464 a
394 1395 551 1486 principio
567 1391 722 1461 adfinem
739 1393 869 1460 deducit
893 1395 1097 1483 cognitionis.
1112 1397 1180 1462 Prin

156 1505 276 1594 cipium
292 1517 399 1572 autam
415 1503 525 1592 siquis
545 1502 607 1570 alio
630 1525 710 1593 opus
724 1501 843 1568 babere
861 1503 1110 1581 existimarent,
1126 1527 1175 1572 aar

156 1613 267 1702 utiquo
288 1635 362 1680 rere
384 1613 500 1702 poterit
519 1633 650 1678 manem
674 1610 877 1701 principium.
907 1611 980 1692 Qui
1001 1625 1044 1677 est
1058 1635 1120 1700 ergo
1135 1636 1166 1677 er

154 1722 260 1812 seipso
278 1720 399 1799 fidelis,
420 1722 449 1788 ei
464 1722 579 1788 marito
597 1719 676 1786 tides
696 1721 832 1786 babetur
849 1719 882 1784 in
902 1719 1158 1809 Dominisabu‘p-

153 1843 226 1896 tura
237 1841 270 1896 et
282 1853 378 1906 voce,
394 1853 465 1919 quoe
480 1853 537 1919 per
550 1829 723 1896 Dominum
735 1838 886 1915 operatur
897 1828 940 1894 ad
956 1827 1166 1894 nominante

156 1937 320 2016 nefioium.
338 1938 408 2027 ipsa
427 1949 533 2003 autem
548 1942 700 2024 tanquam
712 1935 840 2002 criterio
855 1934 982 2000 utimur
999 1935 1039 2002 ad
1052 1937 1173 2001 resinis-

155 2045 297 2138 niendas.
309 2045 473 2133 Quidquid
485 2056 592 2112 autem
599 2043 771 2133 judicatur,
784 2065 849 2108 non
862 2043 1175 2133 erediturpriusqnan

154 2153 250 2219 suerit
268 2152 467 2241 judicatum,
485 2175 583 2241 quaro
605 2173 666 2218 neo
689 2162 737 2216 est
751 2151 947 2239 principium
961 2152 998 2218 id
1013 2152 1093 2240 quod
1111 2175 1177 2241 opna

153 2261 251 2328 babet
257 2261 389 2350 judicio.
397 2259 594 2349 Meritoorgo
607 2258 752 2326 oumfide
761 2257 1177 2348 comprehenderimusprin

154 2371 275 2460 oipium
289 2366 589 2445 indemonstrabilo,
607 2389 646 2432 ex
665 2365 838 2433 abundanti
854 2367 953 2432 etiam
969 2371 1012 2433 ab
1030 2369 1176 2457 ipsoprin-

155 2479 239 2569 cipio
256 2478 296 2545 de
311 2477 467 2567 principio
480 2475 767 2542 demonstrationes
779 2485 964 2550 sumentes,
977 2497 1057 2541 rooe
1068 2476 1174 2541 Domini
1264 2503 1265 2506 ¹

154 2587 322 2654 erudimur
343 2585 384 2653 ad
406 2585 598 2674 agnitionem
614 2582 763 2650 veritatis.
783 2581 893 2670 Neque
907 2582 998 2648 enim
1015 2582 1169 2649 bominibus

153 2692 338 2785 simpliciter
364 2693 604 2760 enuntiantibus
629 2689 726 2757 iidem
749 2689 952 2767 habeamus,
976 2693 1085 2779 quibus
1103 2690 1162 2756 tut
1264 2693 1265 2736 ἕ

152 2805 249 2871 etiam
264 2804 430 2870 enuntiare
447 2801 653 2869 eontrarium.
673 2800 706 2866 Si
718 2811 826 2866 autem
843 2821 908 2866 non
920 2801 1001 2866 satis
1016 2797 1169 2888 ostnpii-
1264 2789 1265 2802 ¹

153 2913 234 2980 citor
258 2911 344 3001 quod
366 2911 492 2982 videtur
513 2911 647 2986 dicere,
672 2907 729 2974 sed
749 2907 879 2997 insuper
904 2921 1037 2998 oportet
1058 2911 1173 2998 probare

153 3023 241 3111 quod
255 3021 377 3089 dietum
388 3033 455 3098 est,
471 3032 540 3088 tum
554 3041 619 3084 non
639 3027 840 3106 expectamus
857 3018 1078 3085 testimoninm
1091 3017 1176 3083 boni

153 3153 251 3207 num,
270 3129 326 3195 sed
342 3149 420 3194 voca
435 3127 562 3194 Domini
583 3127 757 3215 probamus
772 3123 859 3212 quod
876 3125 1046 3212 quaeritur,
1062 3149 1126 3214 que
1138 3137 1177 3190 ert

150 3239 251 3329 magis
278 3235 341 3304 fida
364 3237 457 3342 digna
480 3255 576 3324 quam
599 3233 716 3322 quevis
742 3231 999 3300 demonstratio:
1018 3233 1066 3300 vei
1088 3234 1178 3323 potius

150 3371 221 3437 quae
236 3360 284 3414 est
298 3345 362 3413 sola
379 3341 627 3418 demonstratio,
641 3363 699 3430 per
709 3363 805 3430 quam
816 3341 1006 3420 seientiam,
1019 3343 1073 3432 qui
1087 3341 1178 3408 solun

151 3467 318 3548 gustavere
338 3454 537 3542 Scripturas,
554 3461 628 3517 sunt
650 3447 771 3516 fideles.
786 3449 850 3530 Qui
868 3461 978 3518 autem
996 3452 1090 3518 etiam
1109 3449 1181 3515 nito-

150 3564 214 3629 rius
228 3574 472 3652 processerunt,
488 3573 562 3627 sunt
576 3557 709 3650 perfecti
724 3557 844 3624 indices
857 3559 1018 3634 veritatis;
1037 3560 1059 3625 ii
1070 3558 1180 3626 scilieet

149 3671 203 3759 qui
218 3682 293 3736 sunt
304 3669 446 3737 Gnostici
460 3691 469 3736 ε
483 3666 740 3758 quandoquidem
751 3664 892 3732 etiamin
907 3667 946 3734 iis
957 3691 1030 3756 qam
1042 3667 1084 3736 ad
1094 3669 1178 3734 vitam

147 3779 327 3870 pertinent,
342 3801 397 3845 eos
416 3779 469 3869 qui
485 3790 558 3844 sunt
572 3775 686 3852 mdes,
704 3787 854 3864 superant
866 3775 1028 3854 artifioaa,
1045 3790 1078 3844 et
1092 3798 1178 3866 super

186 3907 195 3936 ¹
211 3911 286 3960 Hebr.
299 3927 320 3970 r,
345 3927 365 3958 ι.
