<?xml version="1.0" encoding="UTF-8"?>
<!DOCTYPE html PUBLIC "-//W3C//DTD XHTML 1.0 Transitional//EN"
    "http://www.w3.org/TR/xhtml1/DTD/xhtml1-transitional.dtd">
<html xmlns="http://www.w3.org/1999/xhtml" xml:lang="en" lang="en">
 <head>
  <title>
</title>
<meta http-equiv="Content-Type" content="text/html;charset=utf-8" />
  <meta name='ocr-system' content='tesseract 3.04.00' />
  <meta name='ocr-capabilities' content='ocr_page ocr_carea ocr_par ocr_line ocrx_word'/>
</head>
<body>
  <div class='ocr_page' id='page_1' title='image "./collectioselect00guilgoog_0094.png"; bbox 0 0 2614 4628; ppageno 0'>
   <div class='ocr_carea' id='block_1_1' title="bbox 176 229 853 294">
    <p class='ocr_par' dir='ltr' id='par_1_1' title="bbox 176 229 853 294">
     <span class='ocr_line' id='line_1_1' title="bbox 176 229 853 294; baseline 0.003 -4"><span class='ocrx_word' id='word_1_1' title='bbox 176 229 217 290; x_wconf 88' lang='lat'><strong>88</strong></span> <span class='ocrx_word' id='word_1_2' title='bbox 525 251 555 293; x_wconf 84' lang='lat' dir='ltr'><strong>u.</strong></span> <span class='ocrx_word' id='word_1_3' title='bbox 583 249 706 294; x_wconf 81' lang='lat' dir='ltr'><strong>urauru</strong></span> <span class='ocrx_word' id='word_1_4' title='bbox 730 249 853 293; x_wconf 76' lang='lat' dir='ltr'><strong>arsacis</strong></span> 
     </span>
    </p>
   </div>
   <div class='ocr_carea' id='block_1_2' title="bbox 95 367 1306 3974">
    <p class='ocr_par' dir='ltr' id='par_1_2' title="bbox 172 367 1303 788">
     <span class='ocr_line' id='line_1_2' title="bbox 172 367 1211 460; baseline -0.002 -28"><span class='ocrx_word' id='word_1_5' title='bbox 172 368 286 455; x_wconf 89' lang='lat' dir='ltr'><strong>quibus</strong></span> <span class='ocrx_word' id='word_1_6' title='bbox 303 367 452 437; x_wconf 84' lang='lat' dir='ltr'><strong>illustrior</strong></span> <span class='ocrx_word' id='word_1_7' title='bbox 468 369 565 460; x_wconf 88' lang='lat' dir='ltr'><strong>gloria</strong></span> <span class='ocrx_word' id='word_1_8' title='bbox 581 384 642 447; x_wconf 86' lang='lat' dir='ltr'><strong>est,</strong></span> <span class='ocrx_word' id='word_1_9' title='bbox 654 370 757 438; x_wconf 89' lang='lat' dir='ltr'><strong>Deum</strong></span> <span class='ocrx_word' id='word_1_10' title='bbox 777 393 876 437; x_wconf 92' lang='lat' dir='ltr'><strong>uuum</strong></span> <span class='ocrx_word' id='word_1_11' title='bbox 893 369 1000 436; x_wconf 85' lang='lat' dir='ltr'><strong>multis</strong></span> <span class='ocrx_word' id='word_1_12' title='bbox 1015 368 1088 436; x_wconf 89' lang='lat' dir='ltr'><strong>licet</strong></span> <span class='ocrx_word' id='word_1_13' title='bbox 1104 367 1211 455; x_wconf 86' lang='lat' dir='ltr'><strong>desig-</strong></span> 
     </span>
     <span class='ocr_line' id='line_1_3' title="bbox 173 472 1301 568; baseline 0.002 -28"><span class='ocrx_word' id='word_1_14' title='bbox 173 498 263 541; x_wconf 89' lang='lat' dir='ltr'><strong>nasse</strong></span> <span class='ocrx_word' id='word_1_15' title='bbox 278 477 461 544; x_wconf 86' lang='lat' dir='ltr'><strong>nominibus</strong></span> <span class='ocrx_word' id='word_1_16' title='bbox 481 503 489 543; x_wconf 77' lang='lat' dir='ltr'><strong><em>z</em></strong></span> <span class='ocrx_word' id='word_1_17' title='bbox 508 491 543 544; x_wconf 94' lang='lat' dir='ltr'><strong>ut</strong></span> <span class='ocrx_word' id='word_1_18' title='bbox 562 480 663 568; x_wconf 82' lang='lat' dir='ltr'><strong>quivis</strong></span> <span class='ocrx_word' id='word_1_19' title='bbox 679 480 864 556; x_wconf 75' lang='lat' dir='ltr'><strong>arbitretur,</strong></span> <span class='ocrx_word' id='word_1_20' title='bbox 882 491 938 545; x_wconf 88' lang='lat' dir='ltr'><strong>aut</strong></span> <span class='ocrx_word' id='word_1_21' title='bbox 957 476 1211 546; x_wconf 82' lang='lat' dir='ltr'><strong>nunc&#39;cbristia-</strong></span> <span class='ocrx_word' id='word_1_22' title='bbox 1295 472 1301 508; x_wconf 74' lang='grc'><strong>·’</strong></span> 
     </span>
     <span class='ocr_line' id='line_1_4' title="bbox 174 583 1303 679; baseline 0.002 -29"><span class='ocrx_word' id='word_1_23' title='bbox 174 608 232 651; x_wconf 86' lang='lat' dir='ltr'><strong>uos</strong></span> <span class='ocrx_word' id='word_1_24' title='bbox 240 584 443 676; x_wconf 87' lang='lat' dir='ltr'><strong>philosophos</strong></span> <span class='ocrx_word' id='word_1_25' title='bbox 453 611 535 663; x_wconf 85' lang='lat' dir='ltr'><strong>esse,</strong></span> <span class='ocrx_word' id='word_1_26' title='bbox 548 602 603 654; x_wconf 86' lang='lat' dir='ltr'><strong>aut</strong></span> <span class='ocrx_word' id='word_1_27' title='bbox 614 588 818 679; x_wconf 87' lang='lat' dir='ltr'><strong>philosophos</strong></span> <span class='ocrx_word' id='word_1_28' title='bbox 832 589 926 655; x_wconf 84' lang='lat' dir='ltr'><strong>luisse</strong></span> <span class='ocrx_word' id='word_1_29' title='bbox 937 591 1001 678; x_wconf 88' lang='lat' dir='ltr'><strong>jam</strong></span> <span class='ocrx_word' id='word_1_30' title='bbox 1014 601 1092 654; x_wconf 92' lang='lat' dir='ltr'><strong>tunc</strong></span> <span class='ocrx_word' id='word_1_31' title='bbox 1107 589 1212 654; x_wconf 89' lang='lat' dir='ltr'><strong>chris·</strong></span> <span class='ocrx_word' id='word_1_32' title='bbox 1297 583 1303 618; x_wconf 76' lang='lat'><em>³</em></span> 
     </span>
     <span class='ocr_line' id='line_1_5' title="bbox 174 694 1223 788; baseline 0.003 -29"><span class='ocrx_word' id='word_1_33' title='bbox 174 694 285 760; x_wconf 89' lang='lat' dir='ltr'><strong>tianos.</strong></span> <span class='ocrx_word' id='word_1_34' title='bbox 306 695 401 775; x_wconf 89' lang='lat' dir='ltr'><strong>Quod</strong></span> <span class='ocrx_word' id='word_1_35' title='bbox 421 697 447 762; x_wconf 90' lang='lat' dir='ltr'><strong>si</strong></span> <span class='ocrx_word' id='word_1_36' title='bbox 467 697 664 786; x_wconf 80' lang='lat' dir='ltr'><strong>providentia</strong></span> <span class='ocrx_word' id='word_1_37' title='bbox 685 698 823 765; x_wconf 87' lang='lat' dir='ltr'><strong>mundus</strong></span> <span class='ocrx_word' id='word_1_38' title='bbox 839 699 970 788; x_wconf 85' lang='lat' dir='ltr'><strong>regitur,</strong></span> <span class='ocrx_word' id='word_1_39' title='bbox 988 710 1021 764; x_wconf 92' lang='lat' dir='ltr'><strong>et</strong></span> <span class='ocrx_word' id='word_1_40' title='bbox 1040 699 1134 763; x_wconf 85' lang='lat' dir='ltr'><strong>unius</strong></span> <span class='ocrx_word' id='word_1_41' title='bbox 1149 697 1223 764; x_wconf 88' lang='lat' dir='ltr'><strong>Dei&#39;</strong></span> 
     </span>
    </p>

    <p class='ocr_par' dir='ltr' id='par_1_3' title="bbox 95 808 1306 3422">
     <span class='ocr_line' id='line_1_6' title="bbox 95 808 1306 898; baseline 0.001 -26"><span class='ocrx_word' id='word_1_42' title='bbox 95 885 98 894; x_wconf 19' lang='grc' dir='ltr'><strong>Α</strong></span> <span class='ocrx_word' id='word_1_43' title='bbox 175 817 255 872; x_wconf 89' lang='lat' dir='ltr'><strong>nutu</strong></span> <span class='ocrx_word' id='word_1_44' title='bbox 274 809 487 896; x_wconf 84' lang='lat' dir='ltr'><strong>gubernatur,</strong></span> <span class='ocrx_word' id='word_1_45' title='bbox 507 829 572 874; x_wconf 88' lang='lat' dir='ltr'><strong>non</strong></span> <span class='ocrx_word' id='word_1_46' title='bbox 598 831 656 874; x_wconf 89' lang='lat' dir='ltr'><strong>nos</strong></span> <span class='ocrx_word' id='word_1_47' title='bbox 678 809 774 875; x_wconf 86' lang='lat' dir='ltr'><strong>debet</strong></span> <span class='ocrx_word' id='word_1_48' title='bbox 794 808 963 896; x_wconf 75' lang='lat' dir='ltr'><strong>antiquitas</strong></span> <span class='ocrx_word' id='word_1_49' title='bbox 987 809 1215 898; x_wconf 86' lang='lat' dir='ltr'><strong>imperitorum</strong></span> <span class='ocrx_word' id='word_1_50' title='bbox 1293 821 1306 846; x_wconf 55' lang='lat'><strong>&gt;³</strong></span> 
     </span>
     <span class='ocr_line' id='line_1_7' title="bbox 175 915 1214 1008; baseline 0.002 -26"><span class='ocrx_word' id='word_1_51' title='bbox 175 915 296 983; x_wconf 87' lang='lat' dir='ltr'><strong>labellis</strong></span> <span class='ocrx_word' id='word_1_52' title='bbox 311 917 374 982; x_wconf 82' lang='lat' dir='ltr'><strong>suis</strong></span> <span class='ocrx_word' id='word_1_53' title='bbox 389 915 557 994; x_wconf 88' lang='lat' dir='ltr'><strong>delectata,</strong></span> <span class='ocrx_word' id='word_1_54' title='bbox 575 917 623 984; x_wconf 86' lang='lat' dir='ltr'><strong>vel</strong></span> <span class='ocrx_word' id='word_1_55' title='bbox 642 931 746 1008; x_wconf 86' lang='lat' dir='ltr'><strong>capta,</strong></span> <span class='ocrx_word' id='word_1_56' title='bbox 763 920 805 984; x_wconf 90' lang='lat' dir='ltr'><strong>ad</strong></span> <span class='ocrx_word' id='word_1_57' title='bbox 820 939 960 984; x_wconf 90' lang='lat' dir='ltr'><strong>errorem</strong></span> <span class='ocrx_word' id='word_1_58' title='bbox 978 921 1082 984; x_wconf 86' lang='lat' dir='ltr'><strong>mutui</strong></span> <span class='ocrx_word' id='word_1_59' title='bbox 1097 941 1214 1008; x_wconf 86' lang='lat' dir='ltr'><strong>rapere</strong></span> 
     </span>
     <span class='ocr_line' id='line_1_8' title="bbox 177 1021 1306 1116; baseline -0.001 -22"><span class='ocrx_word' id='word_1_60' title='bbox 177 1050 348 1094; x_wconf 85' lang='lat' dir='ltr'><strong>consensus</strong></span> <span class='ocrx_word' id='word_1_61' title='bbox 364 1049 372 1090; x_wconf 74' lang='grc' dir='ltr'><strong>ε</strong></span> <span class='ocrx_word' id='word_1_62' title='bbox 391 1047 466 1095; x_wconf 83' lang='lat' dir='ltr'><strong>curn</strong></span> <span class='ocrx_word' id='word_1_63' title='bbox 482 1027 743 1116; x_wconf 85' lang='lat' dir='ltr'><strong>pbilosophorum</strong></span> <span class='ocrx_word' id='word_1_64' title='bbox 759 1021 889 1093; x_wconf 81' lang='lat' dir='ltr'><strong>s‘uorum</strong></span> <span class='ocrx_word' id='word_1_65' title='bbox 906 1029 1068 1094; x_wconf 78' lang='lat' dir='ltr'><strong>sententiis</strong></span> <span class='ocrx_word' id='word_1_66' title='bbox 1083 1027 1216 1094; x_wconf 84' lang='lat' dir='ltr'><strong>refella-</strong></span> <span class='ocrx_word' id='word_1_67' title='bbox 1297 1065 1306 1070; x_wconf 94' lang='lat'>-</span> 
     </span>
     <span class='ocr_line' id='line_1_9' title="bbox 177 1136 1218 1226; baseline -0.003 -22"><span class='ocrx_word' id='word_1_68' title='bbox 177 1149 243 1214; x_wconf 92' lang='lat' dir='ltr'><strong>tur,</strong></span> <span class='ocrx_word' id='word_1_69' title='bbox 262 1136 378 1226; x_wconf 88' lang='lat' dir='ltr'><strong>quibus</strong></span> <span class='ocrx_word' id='word_1_70' title='bbox 391 1149 425 1200; x_wconf 86' lang='lat' dir='ltr'><strong>et</strong></span> <span class='ocrx_word' id='word_1_71' title='bbox 439 1136 569 1202; x_wconf 90' lang='lat' dir='ltr'><strong>rationis</strong></span> <span class='ocrx_word' id='word_1_72' title='bbox 585 1150 617 1201; x_wconf 89' lang='lat' dir='ltr'><strong>et</strong></span> <span class='ocrx_word' id='word_1_73' title='bbox 633 1138 794 1202; x_wconf 86' lang='lat' dir='ltr'><strong>vetustatis</strong></span> <span class='ocrx_word' id='word_1_74' title='bbox 809 1137 924 1201; x_wconf 86' lang='lat' dir='ltr'><strong>assistit</strong></span> <span class='ocrx_word' id='word_1_75' title='bbox 942 1137 1122 1203; x_wconf 90' lang='lat' dir='ltr'><strong>auctoritas.</strong></span> <span class='ocrx_word' id='word_1_76' title='bbox 1143 1137 1218 1202; x_wconf 84' lang='lat' dir='ltr'><strong>bla-</strong></span> 
     </span>
     <span class='ocr_line' id='line_1_10' title="bbox 177 1238 1216 1337; baseline 0.001 -24"><span class='ocrx_word' id='word_1_77' title='bbox 177 1238 306 1337; x_wconf 84' lang='lat' dir='ltr'><strong>juribus¹</strong></span> <span class='ocrx_word' id='word_1_78' title='bbox 317 1247 402 1312; x_wconf 90' lang='lat' dir='ltr'><strong>enim</strong></span> <span class='ocrx_word' id='word_1_79' title='bbox 421 1247 536 1312; x_wconf 87' lang='lat' dir='ltr'><strong>nostris</strong></span> <span class='ocrx_word' id='word_1_80' title='bbox 552 1258 616 1312; x_wconf 89' lang='lat' dir='ltr'><strong>tam</strong></span> <span class='ocrx_word' id='word_1_81' title='bbox 631 1245 730 1312; x_wconf 81' lang='lat' dir='ltr'><strong>facilis</strong></span> <span class='ocrx_word' id='word_1_82' title='bbox 749 1248 781 1312; x_wconf 88' lang='lat' dir='ltr'><strong>in</strong></span> <span class='ocrx_word' id='word_1_83' title='bbox 802 1248 973 1314; x_wconf 77' lang='lat' dir='ltr'><strong>mendaciis</strong></span> <span class='ocrx_word' id='word_1_84' title='bbox 993 1248 1071 1314; x_wconf 87' lang='lat' dir='ltr'><strong>fides</strong></span> <span class='ocrx_word' id='word_1_85' title='bbox 1089 1248 1161 1325; x_wconf 83' lang='lat' dir='ltr'><strong>fuit,</strong></span> <span class='ocrx_word' id='word_1_86' title='bbox 1177 1257 1216 1314; x_wconf 82' lang='lat' dir='ltr'><strong>ut</strong></span> 
     </span>
     <span class='ocr_line' id='line_1_11' title="bbox 178 1354 1212 1432; baseline 0.001 -10"><span class='ocrx_word' id='word_1_87' title='bbox 178 1370 299 1422; x_wconf 88' lang='lat' dir='ltr'><strong>temere</strong></span> <span class='ocrx_word' id='word_1_88' title='bbox 313 1356 507 1422; x_wconf 75' lang='lat' dir='ltr'><strong>crediderint</strong></span> <span class='ocrx_word' id='word_1_89' title='bbox 521 1356 617 1422; x_wconf 85' lang='lat' dir='ltr'><strong>etiam</strong></span> <span class='ocrx_word' id='word_1_90' title='bbox 632 1354 691 1420; x_wconf 89' lang='lat' dir='ltr'><strong>alia</strong></span> <span class='ocrx_word' id='word_1_91' title='bbox 708 1368 919 1432; x_wconf 89' lang='lat' dir='ltr'><strong>monstruosa,</strong></span> <span class='ocrx_word' id='word_1_92' title='bbox 935 1357 1015 1423; x_wconf 87' lang='lat' dir='ltr'><strong>mira</strong></span> <span class='ocrx_word' id='word_1_93' title='bbox 1030 1356 1182 1423; x_wconf 86' lang='lat' dir='ltr'><strong>miracula</strong></span> <span class='ocrx_word' id='word_1_94' title='bbox 1202 1381 1212 1423; x_wconf 78' lang='grc' dir='ltr'><em>τ</em></span> 
     </span>
     <span class='ocr_line' id='line_1_12' title="bbox 178 1465 1215 1558; baseline -0.001 -23"><span class='ocrx_word' id='word_1_95' title='bbox 178 1465 318 1555; x_wconf 85' lang='lat' dir='ltr'><strong>Scyllam</strong></span> <span class='ocrx_word' id='word_1_96' title='bbox 333 1466 555 1555; x_wconf 89' lang='lat' dir='ltr'><strong>multiplicem,</strong></span> <span class='ocrx_word' id='word_1_97' title='bbox 568 1465 758 1532; x_wconf 76' lang='lat' dir='ltr'><strong>Chimaeram</strong></span> <span class='ocrx_word' id='word_1_98' title='bbox 769 1465 1009 1558; x_wconf 73' lang='lat' dir='ltr'><strong>multiformem,</strong></span> <span class='ocrx_word' id='word_1_99' title='bbox 1024 1480 1056 1533; x_wconf 90' lang='lat' dir='ltr'><strong>et</strong></span> <span class='ocrx_word' id='word_1_100' title='bbox 1070 1468 1215 1556; x_wconf 85' lang='lat' dir='ltr'><strong>Hydram</strong></span> 
     </span>
     <span class='ocr_line' id='line_1_13' title="bbox 179 1555 1216 1666; baseline 0 -21"><span class='ocrx_word' id='word_1_101' title='bbox 179 1555 328 1645; x_wconf 72' lang='lat' dir='ltr'><strong>felicibus</strong></span> <span class='ocrx_word' id='word_1_102' title='bbox 339 1574 522 1642; x_wconf 78' lang='lat' dir='ltr'><strong>vulneribus</strong></span> <span class='ocrx_word' id='word_1_103' title='bbox 538 1588 770 1652; x_wconf 84' lang='lat' dir='ltr'><strong>renascentem,</strong></span> <span class='ocrx_word' id='word_1_104' title='bbox 786 1589 818 1642; x_wconf 87' lang='lat' dir='ltr'><strong>et</strong></span> <span class='ocrx_word' id='word_1_105' title='bbox 837 1577 1013 1643; x_wconf 83' lang='lat' dir='ltr'><strong>Centauros</strong></span> <span class='ocrx_word' id='word_1_106' title='bbox 1033 1601 1131 1666; x_wconf 90' lang='lat' dir='ltr'><strong>equos</strong></span> <span class='ocrx_word' id='word_1_107' title='bbox 1148 1579 1216 1645; x_wconf 85' lang='lat' dir='ltr'><strong>suis</strong></span> 
     </span>
     <span class='ocr_line' id='line_1_14' title="bbox 181 1685 1214 1777; baseline -0.002 -21"><span class='ocrx_word' id='word_1_108' title='bbox 181 1688 363 1756; x_wconf 88' lang='lat' dir='ltr'><strong>bominibus</strong></span> <span class='ocrx_word' id='word_1_109' title='bbox 383 1685 535 1775; x_wconf 86' lang='lat' dir='ltr'><strong>implexos</strong></span> <span class='ocrx_word' id='word_1_110' title='bbox 542 1709 552 1760; x_wconf 87' lang='lat'>;</span> <span class='ocrx_word' id='word_1_111' title='bbox 566 1698 599 1751; x_wconf 89' lang='lat' dir='ltr'><strong>et</strong></span> <span class='ocrx_word' id='word_1_112' title='bbox 624 1685 779 1774; x_wconf 90' lang='lat' dir='ltr'><strong>quidquid</strong></span> <span class='ocrx_word' id='word_1_113' title='bbox 797 1686 887 1753; x_wconf 83' lang='lat' dir='ltr'><strong>samae</strong></span> <span class='ocrx_word' id='word_1_114' title='bbox 906 1686 981 1753; x_wconf 87' lang='lat' dir='ltr'><strong>licet</strong></span> <span class='ocrx_word' id='word_1_115' title='bbox 1001 1687 1130 1777; x_wconf 89' lang='lat' dir='ltr'><strong>lingere,</strong></span> <span class='ocrx_word' id='word_1_116' title='bbox 1152 1687 1214 1754; x_wconf 81' lang='lat' dir='ltr'><strong>illis</strong></span> 
     </span>
     <span class='ocr_line' id='line_1_15' title="bbox 181 1794 1211 1875; baseline 0.001 -13"><span class='ocrx_word' id='word_1_117' title='bbox 181 1811 249 1863; x_wconf 89' lang='lat' dir='ltr'><strong>erat</strong></span> <span class='ocrx_word' id='word_1_118' title='bbox 260 1796 396 1863; x_wconf 83' lang='lat' dir='ltr'><strong>libenter</strong></span> <span class='ocrx_word' id='word_1_119' title='bbox 406 1796 526 1862; x_wconf 90' lang='lat' dir='ltr'><strong>audire.</strong></span> <span class='ocrx_word' id='word_1_120' title='bbox 544 1795 630 1875; x_wconf 89' lang='lat' dir='ltr'><strong>Quid</strong></span> <span class='ocrx_word' id='word_1_121' title='bbox 645 1796 712 1863; x_wconf 86' lang='lat' dir='ltr'><strong>illas</strong></span> <span class='ocrx_word' id='word_1_122' title='bbox 724 1795 822 1862; x_wconf 85' lang='lat' dir='ltr'><strong>aniles</strong></span> <span class='ocrx_word' id='word_1_123' title='bbox 834 1794 967 1874; x_wconf 83' lang='lat' dir='ltr'><strong>labulas,</strong></span> <span class='ocrx_word' id='word_1_124' title='bbox 981 1795 1021 1862; x_wconf 92' lang='lat' dir='ltr'><strong>dc</strong></span> <span class='ocrx_word' id='word_1_125' title='bbox 1033 1798 1211 1864; x_wconf 85' lang='lat' dir='ltr'><strong>bominibus</strong></span> 
     </span>
     <span class='ocr_line' id='line_1_16' title="bbox 183 1904 1218 1995; baseline 0 -23"><span class='ocrx_word' id='word_1_126' title='bbox 183 1931 267 1983; x_wconf 83' lang='lat' dir='ltr'><strong>aves,</strong></span> <span class='ocrx_word' id='word_1_127' title='bbox 283 1907 410 1973; x_wconf 84' lang='lat' dir='ltr'><strong>etseras</strong></span> <span class='ocrx_word' id='word_1_128' title='bbox 425 1906 582 1981; x_wconf 86' lang='lat' dir='ltr'><strong>homiues,</strong></span> <span class='ocrx_word' id='word_1_129' title='bbox 601 1918 633 1971; x_wconf 89' lang='lat' dir='ltr'><strong>et</strong></span> <span class='ocrx_word' id='word_1_130' title='bbox 650 1905 690 1970; x_wconf 92' lang='lat' dir='ltr'><strong>de</strong></span> <span class='ocrx_word' id='word_1_131' title='bbox 706 1904 888 1971; x_wconf 87' lang='lat' dir='ltr'><strong>homiuibus</strong></span> <span class='ocrx_word' id='word_1_132' title='bbox 903 1908 1032 1972; x_wconf 88' lang='lat' dir='ltr'><strong>arbores</strong></span> <span class='ocrx_word' id='word_1_133' title='bbox 1050 1920 1145 1995; x_wconf 85' lang='lat' dir='ltr'><strong>atque</strong></span> <span class='ocrx_word' id='word_1_134' title='bbox 1158 1906 1218 1973; x_wconf 92' lang='lat' dir='ltr'><strong>llo·</strong></span> 
     </span>
     <span class='ocr_line' id='line_1_17' title="bbox 183 2015 1219 2106; baseline -0.002 -22"><span class='ocrx_word' id='word_1_135' title='bbox 183 2018 255 2084; x_wconf 80' lang='lat' dir='ltr'><strong>resi&#39;</strong></span> <span class='ocrx_word' id='word_1_136' title='bbox 276 2041 348 2106; x_wconf 82' lang='lat' dir='ltr'><strong>quae</strong></span> <span class='ocrx_word' id='word_1_137' title='bbox 369 2016 394 2082; x_wconf 92' lang='lat' dir='ltr'><strong>si</strong></span> <span class='ocrx_word' id='word_1_138' title='bbox 410 2033 514 2082; x_wconf 87' lang='lat' dir='ltr'><strong>esseut</strong></span> <span class='ocrx_word' id='word_1_139' title='bbox 529 2016 624 2092; x_wconf 83' lang='lat' dir='ltr'><strong>sacta,</strong></span> <span class='ocrx_word' id='word_1_140' title='bbox 640 2015 769 2102; x_wconf 76' lang='lat' dir='ltr'><strong>liereut3</strong></span> <span class='ocrx_word' id='word_1_141' title='bbox 799 2017 871 2105; x_wconf 90' lang='lat' dir='ltr'><strong>quia</strong></span> <span class='ocrx_word' id='word_1_142' title='bbox 895 2015 964 2082; x_wconf 90' lang='lat' dir='ltr'><strong>lieri</strong></span> <span class='ocrx_word' id='word_1_143' title='bbox 984 2041 1047 2083; x_wconf 89' lang='lat' dir='ltr'><strong>nou</strong></span> <span class='ocrx_word' id='word_1_144' title='bbox 1071 2029 1219 2106; x_wconf 84' lang='lat' dir='ltr'><strong>possunt,</strong></span> 
     </span>
     <span class='ocr_line' id='line_1_18' title="bbox 184 2124 1220 2215; baseline -0.002 -21"><span class='ocrx_word' id='word_1_145' title='bbox 184 2127 256 2194; x_wconf 89' lang='lat' dir='ltr'><strong>ideo</strong></span> <span class='ocrx_word' id='word_1_146' title='bbox 279 2149 340 2193; x_wconf 86' lang='lat' dir='ltr'><strong>nee</strong></span> <span class='ocrx_word' id='word_1_147' title='bbox 356 2126 439 2193; x_wconf 88' lang='lat' dir='ltr'><strong>sacta</strong></span> <span class='ocrx_word' id='word_1_148' title='bbox 459 2137 543 2192; x_wconf 87' lang='lat' dir='ltr'><strong>sunt.</strong></span> <span class='ocrx_word' id='word_1_149' title='bbox 566 2124 729 2201; x_wconf 86' lang='lat' dir='ltr'><strong>Similiter,</strong></span> <span class='ocrx_word' id='word_1_150' title='bbox 750 2147 788 2191; x_wconf 87' lang='lat' dir='ltr'><strong>ao</strong></span> <span class='ocrx_word' id='word_1_151' title='bbox 804 2148 878 2190; x_wconf 85' lang='lat' dir='ltr'><strong>vero</strong></span> <span class='ocrx_word' id='word_1_152' title='bbox 893 2149 967 2214; x_wconf 89' lang='lat' dir='ltr'><strong>erga</strong></span> <span class='ocrx_word' id='word_1_153' title='bbox 985 2127 1061 2192; x_wconf 80' lang='lat' dir='ltr'><strong>deos</strong></span> <span class='ocrx_word' id='word_1_154' title='bbox 1076 2149 1220 2215; x_wconf 87' lang='lat' dir='ltr'><strong>quoque,</strong></span> 
     </span>
     <span class='ocr_line' id='line_1_19' title="bbox 184 2233 1223 2327; baseline -0.004 -21"><span class='ocrx_word' id='word_1_155' title='bbox 184 2239 324 2327; x_wconf 88' lang='lat' dir='ltr'><strong>majores</strong></span> <span class='ocrx_word' id='word_1_156' title='bbox 339 2236 439 2302; x_wconf 90' lang='lat' dir='ltr'><strong>nostri</strong></span> <span class='ocrx_word' id='word_1_157' title='bbox 454 2236 635 2326; x_wconf 82' lang='lat' dir='ltr'><strong>improvidi,</strong></span> <span class='ocrx_word' id='word_1_158' title='bbox 655 2234 789 2313; x_wconf 85' lang='lat' dir='ltr'><strong>creduli,</strong></span> <span class='ocrx_word' id='word_1_159' title='bbox 809 2235 880 2302; x_wconf 93' lang='lat' dir='ltr'><strong>rudi</strong></span> <span class='ocrx_word' id='word_1_160' title='bbox 895 2233 1094 2326; x_wconf 80' lang='lat' dir='ltr'><strong>simplicitate</strong></span> <span class='ocrx_word' id='word_1_161' title='bbox 1114 2238 1223 2304; x_wconf 91' lang='lat' dir='ltr'><strong>credi-</strong></span> 
     </span>
     <span class='ocr_line' id='line_1_20' title="bbox 186 2344 1224 2437; baseline 0 -23"><span class='ocrx_word' id='word_1_162' title='bbox 186 2349 303 2415; x_wconf 88' lang='lat' dir='ltr'><strong>derunt</strong></span> <span class='ocrx_word' id='word_1_163' title='bbox 323 2369 331 2412; x_wconf 76' lang='grc' dir='ltr'><strong>ε</strong></span> <span class='ocrx_word' id='word_1_164' title='bbox 354 2349 432 2413; x_wconf 90' lang='lat' dir='ltr'><strong>dum</strong></span> <span class='ocrx_word' id='word_1_165' title='bbox 455 2371 543 2437; x_wconf 89' lang='lat' dir='ltr'><strong>reges</strong></span> <span class='ocrx_word' id='word_1_166' title='bbox 565 2371 637 2413; x_wconf 89' lang='lat' dir='ltr'><strong>suos</strong></span> <span class='ocrx_word' id='word_1_167' title='bbox 658 2346 768 2424; x_wconf 85' lang='lat' dir='ltr'><strong>colunt</strong></span> <span class='ocrx_word' id='word_1_168' title='bbox 786 2344 942 2436; x_wconf 77' lang='lat' dir='ltr'><strong>religiose,</strong></span> <span class='ocrx_word' id='word_1_169' title='bbox 960 2347 1036 2412; x_wconf 94' lang='lat' dir='ltr'><strong>dum</strong></span> <span class='ocrx_word' id='word_1_170' title='bbox 1053 2347 1224 2414; x_wconf 79' lang='lat' dir='ltr'><strong>defunctos</strong></span> 
     </span>
     <span class='ocr_line' id='line_1_21' title="bbox 187 2445 1225 2546; baseline -0.003 -20"><span class='ocrx_word' id='word_1_171' title='bbox 187 2483 242 2526; x_wconf 85' lang='lat' dir='ltr'><strong>eos</strong></span> <span class='ocrx_word' id='word_1_172' title='bbox 256 2458 437 2525; x_wconf 89' lang='lat' dir='ltr'><strong>desiderant</strong></span> <span class='ocrx_word' id='word_1_173' title='bbox 451 2459 484 2522; x_wconf 91' lang='lat' dir='ltr'><strong>in</strong></span> <span class='ocrx_word' id='word_1_174' title='bbox 506 2458 695 2546; x_wconf 84' lang='lat' dir='ltr'><strong>imaginibus</strong></span> <span class='ocrx_word' id='word_1_175' title='bbox 715 2445 836 2534; x_wconf 83' lang='lat' dir='ltr'><strong>videre,</strong></span> <span class='ocrx_word' id='word_1_176' title='bbox 857 2454 934 2522; x_wconf 93' lang='lat' dir='ltr'><strong>dum</strong></span> <span class='ocrx_word' id='word_1_177' title='bbox 953 2457 1090 2546; x_wconf 83' lang='lat' dir='ltr'><strong>gestiunt</strong></span> <span class='ocrx_word' id='word_1_178' title='bbox 1108 2480 1225 2524; x_wconf 90' lang='lat' dir='ltr'><strong>eorum</strong></span> 
     </span>
     <span class='ocr_line' id='line_1_22' title="bbox 187 2565 1227 2655; baseline -0.002 -19"><span class='ocrx_word' id='word_1_179' title='bbox 187 2567 357 2636; x_wconf 85' lang='lat' dir='ltr'><strong>memorias</strong></span> <span class='ocrx_word' id='word_1_180' title='bbox 371 2569 404 2634; x_wconf 93' lang='lat' dir='ltr'><strong>in</strong></span> <span class='ocrx_word' id='word_1_181' title='bbox 419 2568 528 2634; x_wconf 83' lang='lat' dir='ltr'><strong>statuis</strong></span> <span class='ocrx_word' id='word_1_182' title='bbox 549 2568 809 2642; x_wconf 81' lang='lat' dir='ltr'><strong>detincre,.secra</strong></span> <span class='ocrx_word' id='word_1_183' title='bbox 826 2567 907 2632; x_wconf 88' lang='lat' dir='ltr'><strong>sacta</strong></span> <span class='ocrx_word' id='word_1_184' title='bbox 922 2579 997 2633; x_wconf 88' lang='lat' dir='ltr'><strong>sunt</strong></span> <span class='ocrx_word' id='word_1_185' title='bbox 1011 2590 1081 2655; x_wconf 80' lang='lat' dir='ltr'><strong>quae</strong></span> <span class='ocrx_word' id='word_1_186' title='bbox 1097 2565 1227 2634; x_wconf 85' lang='lat' dir='ltr'><strong>fuerant</strong></span> 
     </span>
     <span class='ocr_line' id='line_1_23' title="bbox 188 2674 1227 2766; baseline 0 -22"><span class='ocrx_word' id='word_1_187' title='bbox 188 2689 348 2766; x_wconf 88' lang='lat' dir='ltr'><strong>assumpta</strong></span> <span class='ocrx_word' id='word_1_188' title='bbox 371 2674 490 2742; x_wconf 90' lang='lat' dir='ltr'><strong>solatia.</strong></span> <span class='ocrx_word' id='word_1_189' title='bbox 517 2675 661 2764; x_wconf 87' lang='lat' dir='ltr'><strong>Denique</strong></span> <span class='ocrx_word' id='word_1_190' title='bbox 678 2688 711 2741; x_wconf 89' lang='lat' dir='ltr'><strong>et</strong></span> <span class='ocrx_word' id='word_1_191' title='bbox 730 2688 899 2764; x_wconf 90' lang='lat' dir='ltr'><strong>antequam</strong></span> <span class='ocrx_word' id='word_1_192' title='bbox 922 2677 1121 2744; x_wconf 84' lang='lat' dir='ltr'><strong>commerciis</strong></span> <span class='ocrx_word' id='word_1_193' title='bbox 1136 2678 1227 2744; x_wconf 87' lang='lat' dir='ltr'><strong>orbis</strong></span> 
     </span>
     <span class='ocr_line' id='line_1_24' title="bbox 188 2789 1228 2879; baseline 0.002 -25"><span class='ocrx_word' id='word_1_194' title='bbox 188 2799 324 2879; x_wconf 82' lang='lat' dir='ltr'><strong>pateret,</strong></span> <span class='ocrx_word' id='word_1_195' title='bbox 346 2799 379 2853; x_wconf 93' lang='lat' dir='ltr'><strong>et</strong></span> <span class='ocrx_word' id='word_1_196' title='bbox 397 2799 568 2875; x_wconf 85' lang='lat' dir='ltr'><strong>antequam</strong></span> <span class='ocrx_word' id='word_1_197' title='bbox 592 2798 700 2876; x_wconf 84' lang='lat' dir='ltr'><strong>gentes</strong></span> <span class='ocrx_word' id='word_1_198' title='bbox 724 2789 801 2853; x_wconf 89' lang='lat' dir='ltr'><strong>ritus</strong></span> <span class='ocrx_word' id='word_1_199' title='bbox 825 2811 899 2853; x_wconf 85' lang='lat' dir='ltr'><strong>suos</strong></span> <span class='ocrx_word' id='word_1_200' title='bbox 921 2811 1086 2877; x_wconf 87' lang='lat' dir='ltr'><strong>moresque</strong></span> <span class='ocrx_word' id='word_1_201' title='bbox 1105 2789 1228 2856; x_wconf 91' lang='lat' dir='ltr'><strong>misce-</strong></span> 
     </span>
     <span class='ocr_line' id='line_1_25' title="bbox 190 2895 1231 2986; baseline 0 -22"><span class='ocrx_word' id='word_1_202' title='bbox 190 2909 274 2974; x_wconf 88' lang='lat' dir='ltr'><strong>rent,</strong></span> <span class='ocrx_word' id='word_1_203' title='bbox 293 2919 490 2984; x_wconf 83' lang='lat' dir='ltr'><strong>unaquaequc</strong></span> <span class='ocrx_word' id='word_1_204' title='bbox 500 2896 585 2960; x_wconf 89' lang='lat' dir='ltr'><strong>natio</strong></span> <span class='ocrx_word' id='word_1_205' title='bbox 601 2895 799 2962; x_wconf 87' lang='lat' dir='ltr'><strong>conditorem</strong></span> <span class='ocrx_word' id='word_1_206' title='bbox 812 2917 917 2972; x_wconf 88' lang='lat' dir='ltr'><strong>suum,</strong></span> <span class='ocrx_word' id='word_1_207' title='bbox 933 2907 988 2960; x_wconf 91' lang='lat' dir='ltr'><strong>aut</strong></span> <span class='ocrx_word' id='word_1_208' title='bbox 998 2896 1113 2963; x_wconf 90' lang='lat' dir='ltr'><strong>ducem</strong></span> <span class='ocrx_word' id='word_1_209' title='bbox 1125 2897 1231 2986; x_wconf 85' lang='lat' dir='ltr'><strong>iucly-</strong></span> 
     </span>
     <span class='ocr_line' id='line_1_26' title="bbox 190 3003 1229 3094; baseline -0.003 -20"><span class='ocrx_word' id='word_1_210' title='bbox 190 3019 272 3084; x_wconf 88' lang='lat' dir='ltr'><strong>tum,</strong></span> <span class='ocrx_word' id='word_1_211' title='bbox 289 3017 343 3072; x_wconf 90' lang='lat' dir='ltr'><strong>aut</strong></span> <span class='ocrx_word' id='word_1_212' title='bbox 355 3005 496 3094; x_wconf 81' lang='lat' dir='ltr'><strong>reginam</strong></span> <span class='ocrx_word' id='word_1_213' title='bbox 512 3004 661 3094; x_wconf 87' lang='lat' dir='ltr'><strong>pudicam</strong></span> <span class='ocrx_word' id='word_1_214' title='bbox 673 3027 749 3070; x_wconf 84' lang='lat' dir='ltr'><strong>sexu</strong></span> <span class='ocrx_word' id='word_1_215' title='bbox 763 3027 821 3069; x_wconf 85' lang='lat' dir='ltr'><strong>suo</strong></span> <span class='ocrx_word' id='word_1_216' title='bbox 836 3003 1010 3080; x_wconf 79' lang='lat' dir='ltr'><strong>fortiorem,</strong></span> <span class='ocrx_word' id='word_1_217' title='bbox 1022 3017 1078 3070; x_wconf 89' lang='lat' dir='ltr'><strong>aut</strong></span> <span class='ocrx_word' id='word_1_218' title='bbox 1088 3003 1229 3094; x_wconf 86' lang='lat' dir='ltr'><strong>alicujus</strong></span> 
     </span>
     <span class='ocr_line' id='line_1_27' title="bbox 190 3113 1230 3202; baseline -0.004 -18"><span class='ocrx_word' id='word_1_219' title='bbox 190 3117 333 3184; x_wconf 85' lang='lat' dir='ltr'><strong>muueris</strong></span> <span class='ocrx_word' id='word_1_220' title='bbox 349 3113 399 3181; x_wconf 86' lang='lat' dir='ltr'><strong>vel</strong></span> <span class='ocrx_word' id='word_1_221' title='bbox 415 3114 490 3180; x_wconf 87' lang='lat' dir='ltr'><strong>artis</strong></span> <span class='ocrx_word' id='word_1_222' title='bbox 507 3125 703 3202; x_wconf 85' lang='lat' dir='ltr'><strong>repertorem</strong></span> <span class='ocrx_word' id='word_1_223' title='bbox 719 3113 939 3190; x_wconf 82' lang='lat' dir='ltr'><strong>venerabatur,</strong></span> <span class='ocrx_word' id='word_1_224' title='bbox 961 3124 996 3177; x_wconf 89' lang='lat' dir='ltr'><strong>ut</strong></span> <span class='ocrx_word' id='word_1_225' title='bbox 1011 3115 1112 3180; x_wconf 86' lang='lat' dir='ltr'><strong>civem</strong></span> <span class='ocrx_word' id='word_1_226' title='bbox 1131 3116 1230 3180; x_wconf 77' lang='lat' dir='ltr'><strong>bonae</strong></span> 
     </span>
     <span class='ocr_line' id='line_1_28' title="bbox 192 3221 1231 3312; baseline -0.005 -19"><span class='ocrx_word' id='word_1_227' title='bbox 192 3227 364 3294; x_wconf 77' lang='lat' dir='ltr'><strong>memoria.</strong></span> <span class='ocrx_word' id='word_1_228' title='bbox 390 3223 444 3292; x_wconf 79' lang='lat' dir='ltr'><strong>sic</strong></span> <span class='ocrx_word' id='word_1_229' title='bbox 463 3235 497 3288; x_wconf 90' lang='lat' dir='ltr'><strong>et</strong></span> <span class='ocrx_word' id='word_1_230' title='bbox 519 3222 676 3290; x_wconf 79' lang='lat' dir='ltr'><strong>defunctis</strong></span> <span class='ocrx_word' id='word_1_231' title='bbox 699 3222 880 3312; x_wconf 74' lang='lat' dir='ltr'><strong>premium,</strong></span> <span class='ocrx_word' id='word_1_232' title='bbox 902 3233 935 3287; x_wconf 85' lang='lat' dir='ltr'><strong>et</strong></span> <span class='ocrx_word' id='word_1_233' title='bbox 955 3221 1068 3289; x_wconf 89' lang='lat' dir='ltr'><strong>suturis</strong></span> <span class='ocrx_word' id='word_1_234' title='bbox 1088 3222 1231 3289; x_wconf 85' lang='lat' dir='ltr'><strong>dabatur</strong></span> 
     </span>
     <span class='ocr_line' id='line_1_29' title="bbox 191 3333 383 3422; baseline -0.016 -21"><span class='ocrx_word' id='word_1_235' title='bbox 191 3333 383 3422; x_wconf 83' lang='lat' dir='ltr'><strong>exemplum.</strong></span> 
     </span>
    </p>

    <p class='ocr_par' dir='ltr' id='par_1_4' title="bbox 192 3441 1232 3974">
     <span class='ocr_line' id='line_1_30' title="bbox 236 3441 1226 3533; baseline -0.001 -24"><span class='ocrx_word' id='word_1_236' title='bbox 236 3442 328 3509; x_wconf 85' lang='lat' dir='ltr'>XXI.</span> <span class='ocrx_word' id='word_1_237' title='bbox 347 3441 430 3532; x_wconf 89' lang='lat' dir='ltr'><strong>Lege</strong></span> <span class='ocrx_word' id='word_1_238' title='bbox 452 3442 633 3510; x_wconf 89' lang='lat' dir='ltr'><strong>Stoicorum</strong></span> <span class='ocrx_word' id='word_1_239' title='bbox 654 3441 784 3531; x_wconf 86' lang='lat' dir='ltr'><strong>scriptu,</strong></span> <span class='ocrx_word' id='word_1_240' title='bbox 802 3442 851 3510; x_wconf 83' lang='lat' dir='ltr'><strong>vel</strong></span> <span class='ocrx_word' id='word_1_241' title='bbox 874 3443 989 3533; x_wconf 83' lang='lat' dir='ltr'><strong>scripta</strong></span> <span class='ocrx_word' id='word_1_242' title='bbox 1011 3442 1226 3532; x_wconf 84' lang='lat' dir='ltr'><strong>sapientium:</strong></span> 
     </span>
     <span class='ocr_line' id='line_1_31' title="bbox 194 3551 1232 3644; baseline -0.001 -24"><span class='ocrx_word' id='word_1_243' title='bbox 194 3552 306 3620; x_wconf 89' lang='lat' dir='ltr'><strong>eadem</strong></span> <span class='ocrx_word' id='word_1_244' title='bbox 327 3575 456 3620; x_wconf 89' lang='lat' dir='ltr'><strong>mecum</strong></span> <span class='ocrx_word' id='word_1_245' title='bbox 482 3575 700 3644; x_wconf 83' lang='lat' dir='ltr'><strong>recognosces.</strong></span> <span class='ocrx_word' id='word_1_246' title='bbox 724 3551 776 3618; x_wconf 92' lang='lat' dir='ltr'><strong>Ob</strong></span> <span class='ocrx_word' id='word_1_247' title='bbox 799 3552 914 3638; x_wconf 81' lang='lat' dir='ltr'><strong>merita</strong></span> <span class='ocrx_word' id='word_1_248' title='bbox 929 3551 1065 3628; x_wconf 84' lang='lat' dir='ltr'><strong>virtutis,</strong></span> <span class='ocrx_word' id='word_1_249' title='bbox 1082 3562 1137 3618; x_wconf 88' lang='lat' dir='ltr'><strong>ant</strong></span> <span class='ocrx_word' id='word_1_250' title='bbox 1152 3575 1232 3619; x_wconf 90' lang='lat' dir='ltr'><strong>mu-</strong></span> 
     </span>
     <span class='ocr_line' id='line_1_32' title="bbox 192 3661 1232 3753; baseline -0.003 -23"><span class='ocrx_word' id='word_1_251' title='bbox 192 3664 278 3730; x_wconf 85' lang='lat' dir='ltr'><strong>neris</strong></span> <span class='ocrx_word' id='word_1_252' title='bbox 306 3661 382 3728; x_wconf 79' lang='lat' dir='ltr'><strong>deos</strong></span> <span class='ocrx_word' id='word_1_253' title='bbox 403 3662 527 3729; x_wconf 89' lang='lat' dir='ltr'><strong>habitos</strong></span> <span class='ocrx_word' id='word_1_254' title='bbox 549 3663 748 3730; x_wconf 87' lang='lat' dir='ltr'><strong>Euhemerus</strong></span> <span class='ocrx_word' id='word_1_255' title='bbox 770 3665 954 3753; x_wconf 81' lang='lat' dir='ltr'><strong>exequitur,</strong></span> <span class='ocrx_word' id='word_1_256' title='bbox 976 3665 1142 3728; x_wconf 86' lang='lat' dir='ltr'><strong>eteorum</strong></span> <span class='ocrx_word' id='word_1_257' title='bbox 1169 3685 1232 3728; x_wconf 88' lang='lat' dir='ltr'><strong>na·</strong></span> 
     </span>
     <span class='ocr_line' id='line_1_33' title="bbox 193 3769 1232 3862; baseline 0 -24"><span class='ocrx_word' id='word_1_258' title='bbox 193 3770 283 3848; x_wconf 89' lang='lat' dir='ltr'><strong>tales,</strong></span> <span class='ocrx_word' id='word_1_259' title='bbox 295 3769 424 3860; x_wconf 88' lang='lat' dir='ltr'><strong>patrias,</strong></span> <span class='ocrx_word' id='word_1_260' title='bbox 441 3771 582 3860; x_wconf 87' lang='lat' dir='ltr'><strong>sepulcra</strong></span> <span class='ocrx_word' id='word_1_261' title='bbox 596 3773 789 3850; x_wconf 90' lang='lat' dir='ltr'><strong>dinumerat,</strong></span> <span class='ocrx_word' id='word_1_262' title='bbox 806 3786 839 3838; x_wconf 90' lang='lat' dir='ltr'><strong>ct</strong></span> <span class='ocrx_word' id='word_1_263' title='bbox 851 3797 909 3862; x_wconf 91' lang='lat' dir='ltr'><strong>per</strong></span> <span class='ocrx_word' id='word_1_264' title='bbox 925 3772 1101 3862; x_wconf 86' lang='lat' dir='ltr'><strong>provincias</strong></span> <span class='ocrx_word' id='word_1_265' title='bbox 1116 3795 1232 3838; x_wconf 84' lang='lat' dir='ltr'><strong>mons-</strong></span> 
     </span>
     <span class='ocr_line' id='line_1_34' title="bbox 195 3879 1229 3974; baseline -0.003 -24"><span class='ocrx_word' id='word_1_266' title='bbox 195 3895 257 3950; x_wconf 86' lang='lat' dir='ltr'><strong>trat</strong></span> <span class='ocrx_word' id='word_1_267' title='bbox 270 3905 278 3948; x_wconf 77' lang='grc' dir='ltr'><strong>ε</strong></span> <span class='ocrx_word' id='word_1_268' title='bbox 292 3882 404 3951; x_wconf 83' lang='lat' dir='ltr'><strong>Dictaei</strong></span> <span class='ocrx_word' id='word_1_269' title='bbox 419 3879 517 3958; x_wconf 79' lang='lat' dir='ltr'><strong>lovis,</strong></span> <span class='ocrx_word' id='word_1_270' title='bbox 540 3896 572 3948; x_wconf 89' lang='lat' dir='ltr'><strong>et</strong></span> <span class='ocrx_word' id='word_1_271' title='bbox 590 3881 742 3972; x_wconf 84' lang='lat' dir='ltr'><strong>Apollinis</strong></span> <span class='ocrx_word' id='word_1_272' title='bbox 757 3883 915 3974; x_wconf 88' lang='lat' dir='ltr'><strong>Delphici,</strong></span> <span class='ocrx_word' id='word_1_273' title='bbox 936 3897 968 3951; x_wconf 88' lang='lat' dir='ltr'><strong>et</strong></span> <span class='ocrx_word' id='word_1_274' title='bbox 983 3883 1104 3950; x_wconf 71' lang='lat' dir='ltr'><strong>Phariae</strong></span> <span class='ocrx_word' id='word_1_275' title='bbox 1123 3882 1229 3958; x_wconf 89' lang='lat' dir='ltr'><strong>lsidis,</strong></span> 
     </span>
    </p>
   </div>
   <div class='ocr_carea' id='block_1_3' title="bbox 0 0 1341 4628">
    <p class='ocr_par' dir='ltr' id='par_1_5' title="bbox 0 0 1341 4628">
     <span class='ocr_line' id='line_1_35' title="bbox 0 0 1341 4628; baseline 0 0"><span class='ocrx_word' id='word_1_276' title='bbox 0 0 1341 4628; x_wconf 95' lang='lat' dir='ltr'><strong> </strong></span> 
     </span>
    </p>
   </div>
  </div>
 </body>
</html>
