2412 4596
329 251 519 300 monnau
541 256 604 300 ιιι.
632 255 680 300 ιιι.
883 309 888 322 ¹
969 236 1030 300 115

4 391 109 446 antur
125 377 267 467 Magios,
287 376 434 442 «Gois‘unt
451 387 578 451 summ,
595 375 708 463 aberit,
731 373 813 465 Magi
830 399 906 442 cum
922 379 1032 444 matri-

17 491 72 555 bus
90 499 125 554 et
139 485 265 552 filiabus
280 509 288 551 ε
308 495 340 550 et
358 485 403 552 las
418 507 487 550 esse
502 483 591 551 aiunt
606 484 692 550 coire
707 507 782 552 cum
798 487 964 578 sororibus
978 508 986 552 ε
1000 500 1034 554 et

16 617 202 663 communes
212 617 280 659 esso
291 615 422 669 uxores,
437 591 541 658 nonvi
556 604 588 656 et
600 589 702 670 clam,
720 594 776 659 sed
791 591 935 681 utrisque
952 616 1034 661 con-

17 703 245 779 sentientibus,
265 725 342 768 cum
359 697 434 770 velit
455 698 534 768 alter
557 700 673 768 ducere
699 724 831 770 uxorem
857 699 1026 769 alterius.»

0 824 18 871 tt
33 846 40 869 ι
63 810 163 877 biset
178 807 332 876 similibus
349 807 522 874 haeresibus
542 809 687 876 existimo
707 807 825 875 ludam
846 810 1034 900 prophetice

8 958 39 981 ..1
51 921 109 986 'sse
132 919 165 984 in
184 915 342 1008 epistola:
364 915 515 983 Similiter
530 915 649 1003 quidem
668 915 700 981 tt
718 942 831 1005 quoqne
852 917 1034 985 smoniantes

2 1029 80 1115 (non
96 1027 188 1092 enim
203 1024 365 1115 vigilantes
380 1023 422 1091 ad
436 1025 599 1090 veritatem
614 1047 647 1090 se
662 1023 864 1116 applicant),
880 1025 1036 1116 usquead

0 1148 9 1193 t
29 1135 90 1214 ud,
107 1135 157 1201 Et
171 1158 203 1200 os
218 1157 320 1199 eoram
335 1132 467 1222 loquitur
477 1131 638 1220 superba¹.

44 1283 89 1351 ι’.
105 1283 265 1350 Damnat
283 1279 548 1364 Marcionistas,
562 1279 627 1371 qui
646 1273 801 1347 «dicunt
814 1277 944 1350 malam
960 1305 1038 1352 esse
1090 1325 1098 1336 ·

0 1437 2 1452 ·
26 1408 213 1481 naturam,
231 1415 273 1462 ex
288 1389 380 1461 mala
397 1392 562 1479 materia,
579 1401 617 1460 et
634 1413 654 1460 a
668 1389 791 1486 justo²
808 1389 937 1464 factam
951 1399 1038 1494 Opi·

1 1505 91 1578 »fice
107 1520 147 1578 et
162 1509 376 1590 Creatore⁸;
392 1533 409 1568 s
429 1501 546 1592 unde,

39 1639 191 1710 Nolentes
204 1636 337 1728 implens
347 1638 519 1715 mundum,
531 1636 702 1725 qeilactos
713 1650 761 1704 est
773 1663 790 1704 a
801 1639 972 1717 Creator-e,
984 1665 1038 1707 vo-

2 1745 1038 1836 luntabstinereanuptiis,resistentessnoCreatori,etcontenden-

5 1871 47 1926 tes
58 1857 99 1926 ad
110 1861 234 1924 bonum
243 1905 252 1932 ,
262 1856 316 1944 qui
328 1856 450 1924 vocavit
462 1879 471 1922 ι
485 1851 616 1924 sednon
629 1854 670 1922 ad
679 1878 754 1922 eum
764 1857 837 1942 ,qui
846 1906 855 1932 ,
864 1868 901 1920 ut
912 1857 1036 1934 dicunt,

8 1967 87 2034 Deus
95 1978 145 2032 est
152 1965 281 2031 diversis
287 1963 429 2033 moribus
436 1962 596 2052 preditus.
608 1961 699 2028 Unde
708 1981 784 2029 cnm
793 1962 870 2029 nihil
879 1964 933 2030 bic
942 1963 1040 2032 velint

8 2072 183 2161 relinquere
195 2073 375 2162 proprium,
391 2093 455 2138 non
468 2081 542 2135 sunt
553 2092 592 2134 ex
604 2069 760 2136 destinato
773 2071 868 2137 animi
877 2075 1039 2163 proposito

5 2182 220 2257 continentes,
232 2179 288 2256 sed
298 2191 427 2268 propter
439 2177 550 2244 odium
563 2190 758 2267 conceptum
771 2177 937 2248 adversum
948 2205 1036 2260 eum,

5 2291 56 2380 qui
75 2288 216 2363 creavit,
229 2284 372 2354 nolentes
387 2286 425 2352 iis
444 2285 506 2363 uti,
522 2307 593 2372 qua
609 2285 735 2374 abipso
750 2298 823 2352 sunt
837 2300 954 2356 creato
976 2291 1041 2360 Sed

5 2396 202 2486 biquidem,
222 2395 276 2484 qui
295 2404 425 2485 propter
443 2392 597 2482 impium,
616 2393 703 2482 quot
721 2416 796 2460 eum
811 2395 883 2461 ¹Deo
906 2408 1038 2486 gerunt,

5 2505 145 2584 bellum,
162 2504 260 2572 emoti
275 2515 348 2570 sunt
365 2504 404 2569 ab
420 2502 457 2568 iis
473 2501 739 2592 cogitationibus,
756 2528 825 2592 qnae
839 2517 913 2572 sunt
929 2530 1041 2575 secun·

5 2617 78 2684 (lum
93 2627 266 2691 naturam,
281 2613 341 2680 Dei
355 2611 627 2701 longanimitatem
638 2626 877 2680 contemnentes
888 2627 921 2682 et
932 2617 1041 2710 benig-

5 2725 153 2801 nitatem,
177 2723 236 2789 etsi
251 2721 364 2788 nolunt
379 2743 510 2786 uxorem
526 2719 662 2798 ducere,
686 2722 765 2788 cibis
783 2735 891 2790 tamen
907 2737 1043 2794 utuntur

6 2835 134 2910 neatis,
153 2844 187 2898 et
202 2838 308 2900 a'e'rem
325 2831 479 2920 respirant
495 2829 692 2901 cessoris...
708 2831 900 2902 Dicebamns
915 2837 1042 2902 autem⁸

7 2943 133 3010 Graecos
161 2941 310 3008 adversus
335 2937 509 3006 liberorum
534 2939 770 3027 generationem
778 2940 891 3030 „multa
912 2943 1043 3022 dixisse,
1135 2947 1139 2956 '

8 3049 232 3124 incommoda,
247 3069 318 3137 quae
337 3047 480 3113 comitari
499 3069 572 3114 eam
588 3044 710 3126 solent,
727 3049 930 3136 respicientes
949 3074 958 3116 ι
975 3076 1045 3139 quae

9 3181 79 3226 cum
96 3157 197 3246 impie
218 3156 413 3245 excepissent
434 3155 661 3230 Marcionistae,
685 3155 782 3244 impie
797 3155 892 3222 luisse
907 3159 1046 3249 ingratos

10 3267 35 3334 'n
55 3251 261 3332 Creatorem.
280 3265 366 3331 Dicit
380 3263 465 3328 enim
479 3263 647 3350 Tragoedia
662 3285 670 3327 :

107 3395 179 3454 Non
196 3395 316 3454 nascier
330 3403 453 3476 prestat
463 3391 619 3462 homines,
632 3409 724 3468 qoam
739 3394 865 3461 nascier.

13 3569 15 3576 y
112 3495 190 3554 Dein
207 3493 286 3554 tilios
300 3493 416 3552 acerbi-s
429 3512 499 3553 cum
514 3491 669 3552 doloribus

43 3614 173 3676 ΚΜΔ,
189 3629 230 3682 ¹7·
373 3669 378 3682 ι

40 3705 148 3754 'Idest
156 3739 164 3766 ,
184 3703 265 3768 rigido
275 3720 304 3753 sc
317 3704 413 3753 immiti.

15 3783 295 3860 ''Papbtbetsetp
334 3825 337 3832 =

43 3888 52 3910 ⁸
70 3885 130 3951 Pag.
146 3882 197 3935 52⁰
207 3895 232 3932 et
242 3899 293 3947 seq.
