<?xml version="1.0" encoding="UTF-8"?>
<!DOCTYPE html PUBLIC "-//W3C//DTD XHTML 1.0 Transitional//EN"
    "http://www.w3.org/TR/xhtml1/DTD/xhtml1-transitional.dtd">
<html xmlns="http://www.w3.org/1999/xhtml" xml:lang="en" lang="en">
 <head>
  <title>
</title>
<meta http-equiv="Content-Type" content="text/html;charset=utf-8" />
  <meta name='ocr-system' content='tesseract 3.04.00' />
  <meta name='ocr-capabilities' content='ocr_page ocr_carea ocr_par ocr_line ocrx_word'/>
</head>
<body>
  <div class='ocr_page' id='page_1' title='image "./collectioselect00guilgoog_0878.png"; bbox 0 0 2532 4608; ppageno 0'>
   <div class='ocr_carea' id='block_1_1' title="bbox 193 291 921 358">
    <p class='ocr_par' dir='ltr' id='par_1_1' title="bbox 193 291 921 358">
     <span class='ocr_line' id='line_1_1' title="bbox 193 291 921 358; baseline 0.001 -2"><span class='ocrx_word' id='word_1_1' title='bbox 193 291 257 358; x_wconf 75' lang='lat'><strong>580</strong></span> <span class='ocrx_word' id='word_1_2' title='bbox 505 311 679 357; x_wconf 80' lang='lat' dir='ltr'><strong>cuurrrrs</strong></span> <span class='ocrx_word' id='word_1_3' title='bbox 705 313 921 358; x_wconf 69' lang='lat' dir='ltr'><strong>acaunum</strong></span> 
     </span>
    </p>
   </div>
   <div class='ocr_carea' id='block_1_2' title="bbox 3 431 1263 3995">
    <p class='ocr_par' dir='ltr' id='par_1_2' title="bbox 3 431 1263 3995">
     <span class='ocr_line' id='line_1_2' title="bbox 191 431 1212 523; baseline 0.002 -24"><span class='ocrx_word' id='word_1_4' title='bbox 191 431 274 499; x_wconf 86' lang='lat' dir='ltr'><strong>sicut</strong></span> <span class='ocrx_word' id='word_1_5' title='bbox 288 455 306 498; x_wconf 83' lang='lat' dir='ltr'><strong>a</strong></span> <span class='ocrx_word' id='word_1_6' title='bbox 320 431 471 522; x_wconf 65' lang='lat' dir='ltr'><strong>magisno</strong></span> <span class='ocrx_word' id='word_1_7' title='bbox 486 431 535 500; x_wconf 81' lang='lat' dir='ltr'><strong>vel</strong></span> <span class='ocrx_word' id='word_1_8' title='bbox 548 445 637 522; x_wconf 85' lang='lat' dir='ltr'><strong>putre</strong></span> <span class='ocrx_word' id='word_1_9' title='bbox 654 435 766 523; x_wconf 86' lang='lat' dir='ltr'><strong>pueri,</strong></span> <span class='ocrx_word' id='word_1_10' title='bbox 784 435 829 500; x_wconf 92' lang='lat' dir='ltr'><strong>ita</strong></span> <span class='ocrx_word' id='word_1_11' title='bbox 846 457 906 500; x_wconf 85' lang='lat' dir='ltr'><strong>nos</strong></span> <span class='ocrx_word' id='word_1_12' title='bbox 922 433 1118 522; x_wconf 74' lang='lat' dir='ltr'><strong>castigamur</strong></span> <span class='ocrx_word' id='word_1_13' title='bbox 1130 459 1147 500; x_wconf 89' lang='lat' dir='ltr'><strong>a</strong></span> <span class='ocrx_word' id='word_1_14' title='bbox 1159 434 1212 501; x_wconf 80' lang='lat' dir='ltr'><strong>Pro</strong></span> 
     </span>
     <span class='ocr_line' id='line_1_3' title="bbox 193 541 1212 631; baseline 0.002 -25"><span class='ocrx_word' id='word_1_15' title='bbox 193 541 342 606; x_wconf 73' lang='lat' dir='ltr'><strong>ritbntia.</strong></span> <span class='ocrx_word' id='word_1_16' title='bbox 361 541 447 607; x_wconf 90' lang='lat' dir='ltr'><strong>Deus</strong></span> <span class='ocrx_word' id='word_1_17' title='bbox 466 555 573 607; x_wconf 86' lang='lat' dir='ltr'><strong>autem</strong></span> <span class='ocrx_word' id='word_1_18' title='bbox 591 565 655 608; x_wconf 90' lang='lat' dir='ltr'><strong>uon</strong></span> <span class='ocrx_word' id='word_1_19' title='bbox 673 541 768 630; x_wconf 90' lang='lat' dir='ltr'><strong>punit</strong></span> <span class='ocrx_word' id='word_1_20' title='bbox 794 541 868 626; x_wconf 85' lang='lat' dir='ltr'><strong>(est</strong></span> <span class='ocrx_word' id='word_1_21' title='bbox 888 542 980 608; x_wconf 88' lang='lat' dir='ltr'><strong>enim</strong></span> <span class='ocrx_word' id='word_1_22' title='bbox 996 542 1139 631; x_wconf 89' lang='lat' dir='ltr'><strong>punitio,</strong></span> <span class='ocrx_word' id='word_1_23' title='bbox 1158 543 1212 608; x_wconf 86' lang='lat' dir='ltr'><strong>mal</strong></span> 
     </span>
     <span class='ocr_line' id='line_1_4' title="bbox 192 649 1211 739; baseline 0.002 -25"><span class='ocrx_word' id='word_1_24' title='bbox 192 649 364 738; x_wconf 72' lang='lat' dir='ltr'>redditio),</span> <span class='ocrx_word' id='word_1_25' title='bbox 389 651 519 739; x_wconf 76' lang='lat' dir='ltr'><strong>castigat</strong></span> <span class='ocrx_word' id='word_1_26' title='bbox 541 663 648 717; x_wconf 87' lang='lat' dir='ltr'><strong>autem</strong></span> <span class='ocrx_word' id='word_1_27' title='bbox 668 663 700 716; x_wconf 86' lang='lat' dir='ltr'><strong>et</strong></span> <span class='ocrx_word' id='word_1_28' title='bbox 722 652 943 717; x_wconf 89' lang='lat' dir='ltr'><strong>communiter</strong></span> <span class='ocrx_word' id='word_1_29' title='bbox 965 663 1002 716; x_wconf 87' lang='lat' dir='ltr'><strong>et</strong></span> <span class='ocrx_word' id='word_1_30' title='bbox 1024 652 1165 739; x_wconf 70' lang='lat' dir='ltr'><strong>privatim</strong></span> <span class='ocrx_word' id='word_1_31' title='bbox 1184 652 1211 716; x_wconf 85' lang='lat' dir='ltr'><strong>ad</strong></span> 
     </span>
     <span class='ocr_line' id='line_1_5' title="bbox 192 756 1210 849; baseline -0.001 -25"><span class='ocrx_word' id='word_1_32' title='bbox 192 756 359 824; x_wconf 74' lang='lat' dir='ltr'><strong>utilitatem</strong></span> <span class='ocrx_word' id='word_1_33' title='bbox 373 781 484 824; x_wconf 72' lang='lat' dir='ltr'><strong>eorsum</strong></span> <span class='ocrx_word' id='word_1_34' title='bbox 496 760 551 846; x_wconf 86' lang='lat' dir='ltr'><strong>qui</strong></span> <span class='ocrx_word' id='word_1_35' title='bbox 564 760 754 848; x_wconf 90' lang='lat' dir='ltr'><strong>puniuntur.</strong></span> <span class='ocrx_word' id='word_1_36' title='bbox 772 760 850 826; x_wconf 69' lang='lat' dir='ltr'><strong>Hae</strong></span> <span class='ocrx_word' id='word_1_37' title='bbox 865 759 1002 849; x_wconf 84' lang='lat' dir='ltr'><strong>quidem</strong></span> <span class='ocrx_word' id='word_1_38' title='bbox 1016 759 1148 834; x_wconf 77' lang='lat' dir='ltr'><strong>adduxi,</strong></span> <span class='ocrx_word' id='word_1_39' title='bbox 1161 784 1210 847; x_wconf 80' lang='lat' dir='ltr'><strong>par-</strong></span> 
     </span>
     <span class='ocr_line' id='line_1_6' title="bbox 191 865 1208 957; baseline 0.002 -23"><span class='ocrx_word' id='word_1_40' title='bbox 191 867 345 957; x_wconf 86' lang='lat' dir='ltr'><strong>timqnod</strong></span> <span class='ocrx_word' id='word_1_41' title='bbox 355 865 465 934; x_wconf 78' lang='lat' dir='ltr'><strong>vellem</strong></span> <span class='ocrx_word' id='word_1_42' title='bbox 477 867 638 934; x_wconf 79' lang='lat' dir='ltr'><strong>adhortari</strong></span> <span class='ocrx_word' id='word_1_43' title='bbox 650 868 809 934; x_wconf 87' lang='lat' dir='ltr'><strong>studiosos</strong></span> <span class='ocrx_word' id='word_1_44' title='bbox 820 891 862 933; x_wconf 89' lang='lat' dir='ltr'><strong>ne</strong></span> <span class='ocrx_word' id='word_1_45' title='bbox 874 867 969 934; x_wconf 77' lang='lat' dir='ltr'><strong>facile</strong></span> <span class='ocrx_word' id='word_1_46' title='bbox 981 867 1208 956; x_wconf 80' lang='lat' dir='ltr'><strong>prolabautm&#39;u</strong></span> 
     </span>
     <span class='ocr_line' id='line_1_7' title="bbox 191 975 1206 1065; baseline -0.002 -22"><span class='ocrx_word' id='word_1_47' title='bbox 191 975 340 1048; x_wconf 69' lang='lat' dir='ltr'><strong>baercsesa</strong></span> <span class='ocrx_word' id='word_1_48' title='bbox 356 975 473 1064; x_wconf 90' lang='lat' dir='ltr'><strong>partim</strong></span> <span class='ocrx_word' id='word_1_49' title='bbox 489 987 596 1042; x_wconf 85' lang='lat' dir='ltr'><strong>autem</strong></span> <span class='ocrx_word' id='word_1_50' title='bbox 611 989 647 1042; x_wconf 92' lang='lat' dir='ltr'><strong>ut</strong></span> <span class='ocrx_word' id='word_1_51' title='bbox 664 978 705 1042; x_wconf 83' lang='lat' dir='ltr'><strong>ab</strong></span> <span class='ocrx_word' id='word_1_52' title='bbox 718 975 781 1042; x_wconf 84' lang='lat' dir='ltr'><strong>bac</strong></span> <span class='ocrx_word' id='word_1_53' title='bbox 797 999 871 1064; x_wconf 76' lang='lat' dir='ltr'><strong>qnae</strong></span> <span class='ocrx_word' id='word_1_54' title='bbox 886 977 1040 1042; x_wconf 82' lang='lat' dir='ltr'><strong>consistit</strong></span> <span class='ocrx_word' id='word_1_55' title='bbox 1055 977 1088 1041; x_wconf 90' lang='lat' dir='ltr'><strong>in</strong></span> <span class='ocrx_word' id='word_1_56' title='bbox 1101 977 1206 1065; x_wconf 84' lang='lat' dir='ltr'><strong>superl-</strong></span> 
     </span>
     <span class='ocr_line' id='line_1_8' title="bbox 192 1082 1205 1161; baseline 0 -9"><span class='ocrx_word' id='word_1_57' title='bbox 192 1086 241 1152; x_wconf 89' lang='lat' dir='ltr'><strong>cie</strong></span> <span class='ocrx_word' id='word_1_58' title='bbox 255 1085 319 1150; x_wconf 72' lang='lat' dir='ltr'><strong>sire</strong></span> <span class='ocrx_word' id='word_1_59' title='bbox 336 1083 479 1160; x_wconf 77' lang='lat' dir='ltr'><strong>inscitia,</strong></span> <span class='ocrx_word' id='word_1_60' title='bbox 496 1084 560 1150; x_wconf 79' lang='lat' dir='ltr'><strong>sive</strong></span> <span class='ocrx_word' id='word_1_61' title='bbox 574 1082 725 1161; x_wconf 88' lang='lat' dir='ltr'><strong>stultitia,</strong></span> <span class='ocrx_word' id='word_1_62' title='bbox 748 1084 813 1150; x_wconf 82' lang='lat' dir='ltr'><strong>sive</strong></span> <span class='ocrx_word' id='word_1_63' title='bbox 832 1083 918 1150; x_wconf 84' lang='lat' dir='ltr'><strong>mala</strong></span> <span class='ocrx_word' id='word_1_64' title='bbox 937 1084 1143 1160; x_wconf 74' lang='lat' dir='ltr'><strong>habitudine,</strong></span> <span class='ocrx_word' id='word_1_65' title='bbox 1161 1088 1205 1152; x_wconf 76' lang='lat' dir='ltr'><strong>siu</strong></span> 
     </span>
     <span class='ocr_line' id='line_1_9' title="bbox 192 1191 1202 1282; baseline 0 -24"><span class='ocrx_word' id='word_1_66' title='bbox 192 1215 395 1282; x_wconf 60' lang='lat' dir='ltr'><strong>moctnnque</strong></span> <span class='ocrx_word' id='word_1_67' title='bbox 411 1191 473 1259; x_wconf 84' lang='lat' dir='ltr'><strong>alio</strong></span> <span class='ocrx_word' id='word_1_68' title='bbox 497 1191 625 1260; x_wconf 90' lang='lat' dir='ltr'><strong>nomine</strong></span> <span class='ocrx_word' id='word_1_69' title='bbox 647 1214 846 1258; x_wconf 80' lang='lat' dir='ltr'><strong>eamvocare</strong></span> <span class='ocrx_word' id='word_1_70' title='bbox 870 1203 1048 1280; x_wconf 80' lang='lat' dir='ltr'><strong>oporteat,</strong></span> <span class='ocrx_word' id='word_1_71' title='bbox 1067 1193 1202 1269; x_wconf 75' lang='lat' dir='ltr'><strong>dee&#39;staot,</strong></span> 
     </span>
     <span class='ocr_line' id='line_1_10' title="bbox 192 1301 1199 1391; baseline -0.001 -24"><span class='ocrx_word' id='word_1_72' title='bbox 192 1301 318 1368; x_wconf 78' lang='lat' dir='ltr'><strong>edicere</strong></span> <span class='ocrx_word' id='word_1_73' title='bbox 330 1301 480 1391; x_wconf 77' lang='lat' dir='ltr'><strong>cupiens:</strong></span> <span class='ocrx_word' id='word_1_74' title='bbox 494 1301 610 1390; x_wconf 86' lang='lat' dir='ltr'><strong>partim</strong></span> <span class='ocrx_word' id='word_1_75' title='bbox 621 1321 747 1388; x_wconf 82' lang='lat' dir='ltr'><strong>quoque</strong></span> <span class='ocrx_word' id='word_1_76' title='bbox 757 1350 767 1375; x_wconf 96' lang='lat'><strong>,</strong></span> <span class='ocrx_word' id='word_1_77' title='bbox 779 1312 815 1365; x_wconf 92' lang='lat' dir='ltr'><strong>ut</strong></span> <span class='ocrx_word' id='word_1_78' title='bbox 827 1325 844 1367; x_wconf 87' lang='lat' dir='ltr'><strong>e</strong></span> <span class='ocrx_word' id='word_1_79' title='bbox 857 1301 1001 1390; x_wconf 85' lang='lat' dir='ltr'><strong>pristina</strong></span> <span class='ocrx_word' id='word_1_80' title='bbox 1013 1303 1150 1367; x_wconf 78' lang='lat' dir='ltr'><strong>sententia</strong></span> <span class='ocrx_word' id='word_1_81' title='bbox 1160 1301 1199 1366; x_wconf 77' lang='lat' dir='ltr'><strong>dr-</strong></span> 
     </span>
     <span class='ocr_line' id='line_1_11' title="bbox 193 1408 1196 1498; baseline 0 -22"><span class='ocrx_word' id='word_1_82' title='bbox 193 1409 366 1486; x_wconf 88' lang='lat' dir='ltr'><strong>ducerem,</strong></span> <span class='ocrx_word' id='word_1_83' title='bbox 395 1410 586 1476; x_wconf 86' lang='lat' dir='ltr'><strong>adducerem</strong></span> <span class='ocrx_word' id='word_1_84' title='bbox 613 1421 719 1476; x_wconf 87' lang='lat' dir='ltr'><strong>autem</strong></span> <span class='ocrx_word' id='word_1_85' title='bbox 744 1408 786 1475; x_wconf 84' lang='lat' dir='ltr'><strong>ud</strong></span> <span class='ocrx_word' id='word_1_86' title='bbox 813 1409 990 1476; x_wconf 80' lang='lat' dir='ltr'><strong>veritatem</strong></span> <span class='ocrx_word' id='word_1_87' title='bbox 1016 1432 1069 1474; x_wconf 86' lang='lat' dir='ltr'><strong>eos</strong></span> <span class='ocrx_word' id='word_1_88' title='bbox 1091 1411 1136 1498; x_wconf 81' lang='lat' dir='ltr'><strong>qni</strong></span> <span class='ocrx_word' id='word_1_89' title='bbox 1151 1433 1196 1476; x_wconf 87' lang='lat' dir='ltr'><strong>noo</strong></span> 
     </span>
     <span class='ocr_line' id='line_1_12' title="bbox 191 1515 1191 1592; baseline 0.001 -10"><span class='ocrx_word' id='word_1_90' title='bbox 191 1529 265 1583; x_wconf 90' lang='lat' dir='ltr'><strong>sunt</strong></span> <span class='ocrx_word' id='word_1_91' title='bbox 275 1517 406 1584; x_wconf 90' lang='lat' dir='ltr'><strong>omnino</strong></span> <span class='ocrx_word' id='word_1_92' title='bbox 417 1515 680 1592; x_wconf 88' lang='lat' dir='ltr'><strong>immedicabiles,</strong></span> <span class='ocrx_word' id='word_1_93' title='bbox 693 1539 768 1582; x_wconf 87' lang='lat' dir='ltr'><strong>usus</strong></span> <span class='ocrx_word' id='word_1_94' title='bbox 779 1540 851 1582; x_wconf 90' lang='lat' dir='ltr'><strong>sum</strong></span> <span class='ocrx_word' id='word_1_95' title='bbox 859 1516 912 1582; x_wconf 91' lang='lat' dir='ltr'><strong>bis</strong></span> <span class='ocrx_word' id='word_1_96' title='bbox 924 1519 1120 1583; x_wconf 66' lang='lat' dir='ltr'><strong>sermonibus</strong></span> <span class='ocrx_word' id='word_1_97' title='bbox 1131 1520 1191 1584; x_wconf 80' lang='lat' dir='ltr'><strong>Sunt</strong></span> 
     </span>
     <span class='ocr_line' id='line_1_13' title="bbox 188 1539 1263 1714; baseline -0.002 -22"><span class='ocrx_word' id='word_1_98' title='bbox 188 1626 275 1692; x_wconf 89' lang='lat' dir='ltr'><strong>enim</strong></span> <span class='ocrx_word' id='word_1_99' title='bbox 292 1627 346 1714; x_wconf 90' lang='lat' dir='ltr'><strong>qui</strong></span> <span class='ocrx_word' id='word_1_100' title='bbox 366 1649 408 1692; x_wconf 89' lang='lat' dir='ltr'><strong>ue</strong></span> <span class='ocrx_word' id='word_1_101' title='bbox 429 1627 559 1714; x_wconf 85' lang='lat' dir='ltr'><strong>quidem</strong></span> <span class='ocrx_word' id='word_1_102' title='bbox 578 1627 612 1692; x_wconf 91' lang='lat' dir='ltr'><strong>in</strong></span> <span class='ocrx_word' id='word_1_103' title='bbox 633 1625 773 1693; x_wconf 88' lang='lat' dir='ltr'><strong>animum</strong></span> <span class='ocrx_word' id='word_1_104' title='bbox 787 1626 955 1692; x_wconf 89' lang='lat' dir='ltr'><strong>inducunt</strong></span> <span class='ocrx_word' id='word_1_105' title='bbox 981 1627 1071 1694; x_wconf 79' lang='lat' dir='ltr'><strong>andro</strong></span> <span class='ocrx_word' id='word_1_106' title='bbox 1085 1628 1184 1712; x_wconf 65' lang='grc' dir='ltr'><strong>«ψ’</strong></span> <span class='ocrx_word' id='word_1_107' title='bbox 1259 1539 1263 1684; x_wconf 91' lang='lat' dir='ltr'><strong>l</strong></span> 
     </span>
     <span class='ocr_line' id='line_1_14' title="bbox 189 1735 1263 1834; baseline -0.004 -32"><span class='ocrx_word' id='word_1_108' title='bbox 189 1735 359 1802; x_wconf 73' lang='lat' dir='ltr'><strong>hortantur</strong></span> <span class='ocrx_word' id='word_1_109' title='bbox 382 1736 424 1802; x_wconf 88' lang='lat' dir='ltr'><strong>ad</strong></span> <span class='ocrx_word' id='word_1_110' title='bbox 443 1736 623 1809; x_wconf 71' lang='lat' dir='ltr'><strong>veritatema</strong></span> <span class='ocrx_word' id='word_1_111' title='bbox 648 1735 822 1823; x_wconf 85' lang='lat' dir='ltr'><strong>quinetiam</strong></span> <span class='ocrx_word' id='word_1_112' title='bbox 845 1736 967 1825; x_wconf 78' lang='lat' dir='ltr'><strong>nugari</strong></span> <span class='ocrx_word' id='word_1_113' title='bbox 992 1735 1173 1825; x_wconf 60' lang='lat' dir='ltr'><strong>agredulae,</strong></span> <span class='ocrx_word' id='word_1_114' title='bbox 1257 1749 1263 1834; x_wconf 62' lang='lat' dir='ltr'>j</span> 
     </span>
     <span class='ocr_line' id='line_1_15' title="bbox 191 1842 1185 1918; baseline -0.002 -7"><span class='ocrx_word' id='word_1_115' title='bbox 191 1845 287 1912; x_wconf 78' lang='lat' dir='ltr'><strong>verba</strong></span> <span class='ocrx_word' id='word_1_116' title='bbox 303 1845 336 1911; x_wconf 93' lang='lat' dir='ltr'><strong>in</strong></span> <span class='ocrx_word' id='word_1_117' title='bbox 353 1845 518 1911; x_wconf 82' lang='lat' dir='ltr'><strong>veritatem</strong></span> <span class='ocrx_word' id='word_1_118' title='bbox 532 1842 687 1910; x_wconf 78' lang='lat' dir='ltr'><strong>maledica</strong></span> <span class='ocrx_word' id='word_1_119' title='bbox 703 1843 919 1918; x_wconf 77' lang='lat' dir='ltr'><strong>effundentes3</strong></span> <span class='ocrx_word' id='word_1_120' title='bbox 939 1846 1004 1910; x_wconf 92' lang='lat' dir='ltr'><strong>sibi</strong></span> <span class='ocrx_word' id='word_1_121' title='bbox 1017 1843 1185 1909; x_wconf 82' lang='lat' dir='ltr'><strong>rerunuusi-</strong></span> 
     </span>
     <span class='ocr_line' id='line_1_16' title="bbox 190 1952 1191 2041; baseline -0.005 -20"><span class='ocrx_word' id='word_1_122' title='bbox 190 1977 317 2021; x_wconf 85' lang='lat' dir='ltr'><strong>marom</strong></span> <span class='ocrx_word' id='word_1_123' title='bbox 331 1953 526 2020; x_wconf 80' lang='lat' dir='ltr'><strong>vindicantes</strong></span> <span class='ocrx_word' id='word_1_124' title='bbox 548 1952 760 2041; x_wconf 77' lang='lat' dir='ltr'><strong>agnitionem,</strong></span> <span class='ocrx_word' id='word_1_125' title='bbox 782 1974 859 2018; x_wconf 83' lang='lat' dir='ltr'><strong>enm</strong></span> <span class='ocrx_word' id='word_1_126' title='bbox 882 1975 946 2018; x_wconf 92' lang='lat' dir='ltr'><strong>nec</strong></span> <span class='ocrx_word' id='word_1_127' title='bbox 968 1953 1191 2024; x_wconf 62' lang='lat' dir='ltr'><strong>didicerintne</strong></span> 
     </span>
     <span class='ocr_line' id='line_1_17' title="bbox 192 2058 1192 2152; baseline -0.001 -26"><span class='ocrx_word' id='word_1_128' title='bbox 192 2062 389 2152; x_wconf 73' lang='lat' dir='ltr'><strong>quaesierint,</strong></span> <span class='ocrx_word' id='word_1_129' title='bbox 401 2083 462 2126; x_wconf 86' lang='lat' dir='ltr'><strong>nec</strong></span> <span class='ocrx_word' id='word_1_130' title='bbox 473 2058 664 2137; x_wconf 74' lang='lat' dir='ltr'><strong>laborarint,</strong></span> <span class='ocrx_word' id='word_1_131' title='bbox 677 2082 737 2126; x_wconf 90' lang='lat' dir='ltr'><strong>uec</strong></span> <span class='ocrx_word' id='word_1_132' title='bbox 748 2061 930 2126; x_wconf 84' lang='lat' dir='ltr'><strong>invenerint</strong></span> <span class='ocrx_word' id='word_1_133' title='bbox 945 2061 1192 2150; x_wconf 87' lang='lat' dir='ltr'><strong>consequentian:</strong></span> 
     </span>
     <span class='ocr_line' id='line_1_18' title="bbox 3 2166 1195 2258; baseline -0.008 -16"><span class='ocrx_word' id='word_1_134' title='bbox 3 2235 5 2242; x_wconf 80' lang='grc'>,</span> <span class='ocrx_word' id='word_1_135' title='bbox 191 2193 329 2258; x_wconf 81' lang='lat' dir='ltr'><strong>quornm</strong></span> <span class='ocrx_word' id='word_1_136' title='bbox 341 2167 647 2258; x_wconf 82' lang='lat' dir='ltr'><strong>misereaturpotius</strong></span> <span class='ocrx_word' id='word_1_137' title='bbox 661 2166 772 2255; x_wconf 79' lang='lat' dir='ltr'><strong>aliquis</strong></span> <span class='ocrx_word' id='word_1_138' title='bbox 787 2191 886 2257; x_wconf 85' lang='lat' dir='ltr'><strong>quem</strong></span> <span class='ocrx_word' id='word_1_139' title='bbox 903 2169 983 2234; x_wconf 91' lang='lat' dir='ltr'><strong>odio</strong></span> <span class='ocrx_word' id='word_1_140' title='bbox 995 2168 1114 2244; x_wconf 79' lang='lat' dir='ltr'><strong>babeat,</strong></span> <span class='ocrx_word' id='word_1_141' title='bbox 1123 2191 1195 2257; x_wconf 81' lang='lat' dir='ltr'><strong>prop-</strong></span> 
     </span>
     <span class='ocr_line' id='line_1_19' title="bbox 149 2253 1197 2366; baseline -0.002 -22"><span class='ocrx_word' id='word_1_142' title='bbox 149 2253 157 2280; x_wconf 68' lang='lat'><em>⁶</em></span> <span class='ocrx_word' id='word_1_143' title='bbox 193 2291 243 2344; x_wconf 88' lang='lat' dir='ltr'><strong>ter</strong></span> <span class='ocrx_word' id='word_1_144' title='bbox 256 2275 353 2344; x_wconf 85' lang='lat' dir='ltr'><strong>talem</strong></span> <span class='ocrx_word' id='word_1_145' title='bbox 367 2299 480 2344; x_wconf 90' lang='lat' dir='ltr'><strong>eornm</strong></span> <span class='ocrx_word' id='word_1_146' title='bbox 494 2277 741 2366; x_wconf 74' lang='lat' dir='ltr'><strong>perversitatem.</strong></span> <span class='ocrx_word' id='word_1_147' title='bbox 762 2277 796 2343; x_wconf 85' lang='lat' dir='ltr'><strong>si</strong></span> <span class='ocrx_word' id='word_1_148' title='bbox 813 2277 885 2366; x_wconf 89' lang='lat' dir='ltr'><strong>quis</strong></span> <span class='ocrx_word' id='word_1_149' title='bbox 900 2289 950 2342; x_wconf 89' lang='lat' dir='ltr'><strong>est</strong></span> <span class='ocrx_word' id='word_1_150' title='bbox 971 2290 1077 2343; x_wconf 86' lang='lat' dir='ltr'><strong>autem</strong></span> <span class='ocrx_word' id='word_1_151' title='bbox 1093 2277 1197 2342; x_wconf 70' lang='lat' dir='ltr'><strong>ude·</strong></span> 
     </span>
     <span class='ocr_line' id='line_1_20' title="bbox 192 2382 1195 2476; baseline -0.005 -21"><span class='ocrx_word' id='word_1_152' title='bbox 192 2385 281 2462; x_wconf 88' lang='lat' dir='ltr'><strong>bilis,</strong></span> <span class='ocrx_word' id='word_1_153' title='bbox 296 2385 351 2476; x_wconf 87' lang='lat' dir='ltr'><strong>qui</strong></span> <span class='ocrx_word' id='word_1_154' title='bbox 363 2397 512 2473; x_wconf 81' lang='lat' dir='ltr'><strong>tanquam</strong></span> <span class='ocrx_word' id='word_1_155' title='bbox 527 2385 632 2475; x_wconf 82' lang='lat' dir='ltr'><strong>ignem</strong></span> <span class='ocrx_word' id='word_1_156' title='bbox 647 2382 696 2450; x_wconf 82' lang='lat' dir='ltr'><strong>vel</strong></span> <span class='ocrx_word' id='word_1_157' title='bbox 712 2383 831 2450; x_wconf 85' lang='lat' dir='ltr'><strong>serrum</strong></span> <span class='ocrx_word' id='word_1_158' title='bbox 843 2385 929 2451; x_wconf 81' lang='lat' dir='ltr'><strong>serre</strong></span> <span class='ocrx_word' id='word_1_159' title='bbox 940 2387 1043 2474; x_wconf 83' lang='lat' dir='ltr'><strong>possit</strong></span> <span class='ocrx_word' id='word_1_160' title='bbox 1054 2385 1195 2451; x_wconf 73' lang='lat' dir='ltr'><strong>libertatem</strong></span> 
     </span>
     <span class='ocr_line' id='line_1_21' title="bbox 191 2491 1193 2582; baseline -0.003 -20"><span class='ocrx_word' id='word_1_161' title='bbox 191 2494 349 2572; x_wconf 81' lang='lat' dir='ltr'><strong>veritatis,</strong></span> <span class='ocrx_word' id='word_1_162' title='bbox 371 2505 533 2561; x_wconf 85' lang='lat' dir='ltr'><strong>secantem</strong></span> <span class='ocrx_word' id='word_1_163' title='bbox 553 2506 586 2558; x_wconf 88' lang='lat' dir='ltr'><strong>et</strong></span> <span class='ocrx_word' id='word_1_164' title='bbox 608 2505 755 2558; x_wconf 88' lang='lat' dir='ltr'><strong>urentem</strong></span> <span class='ocrx_word' id='word_1_165' title='bbox 776 2491 868 2560; x_wconf 79' lang='lat' dir='ltr'><strong>falsas</strong></span> <span class='ocrx_word' id='word_1_166' title='bbox 885 2495 1076 2582; x_wconf 74' lang='lat' dir='ltr'><strong>opiniones,</strong></span> <span class='ocrx_word' id='word_1_167' title='bbox 1093 2497 1193 2582; x_wconf 76' lang='lat' dir='ltr'><strong>prebeat</strong></span> 
     </span>
     <span class='ocr_line' id='line_1_22' title="bbox 190 2599 1187 2675; baseline -0.002 -5"><span class='ocrx_word' id='word_1_168' title='bbox 190 2626 283 2670; x_wconf 87' lang='lat' dir='ltr'><strong>auree</strong></span> <span class='ocrx_word' id='word_1_169' title='bbox 300 2603 423 2668; x_wconf 79' lang='lat' dir='ltr'><strong>animae.</strong></span> <span class='ocrx_word' id='word_1_170' title='bbox 445 2603 514 2668; x_wconf 83' lang='lat' dir='ltr'><strong>Hoc</strong></span> <span class='ocrx_word' id='word_1_171' title='bbox 531 2613 639 2669; x_wconf 79' lang='lat' dir='ltr'><strong>autem</strong></span> <span class='ocrx_word' id='word_1_172' title='bbox 660 2599 733 2675; x_wconf 88' lang='lat' dir='ltr'><strong>liet,</strong></span> <span class='ocrx_word' id='word_1_173' title='bbox 749 2601 774 2666; x_wconf 90' lang='lat' dir='ltr'><strong>si</strong></span> <span class='ocrx_word' id='word_1_174' title='bbox 790 2623 855 2667; x_wconf 91' lang='lat' dir='ltr'><strong>non</strong></span> <span class='ocrx_word' id='word_1_175' title='bbox 878 2601 987 2668; x_wconf 91' lang='lat' dir='ltr'><strong>otium</strong></span> <span class='ocrx_word' id='word_1_176' title='bbox 1007 2615 1042 2668; x_wconf 91' lang='lat' dir='ltr'><strong>et</strong></span> <span class='ocrx_word' id='word_1_177' title='bbox 1059 2601 1187 2668; x_wconf 69' lang='lat' dir='ltr'><strong>sowrh</strong></span> 
     </span>
     <span class='ocr_line' id='line_1_23' title="bbox 192 2707 1181 2799; baseline 0.001 -22"><span class='ocrx_word' id='word_1_178' title='bbox 192 2708 420 2799; x_wconf 73' lang='lat' dir='ltr'><strong>amplectentes</strong></span> <span class='ocrx_word' id='word_1_179' title='bbox 433 2708 604 2776; x_wconf 75' lang='lat' dir='ltr'><strong>extrudunt</strong></span> <span class='ocrx_word' id='word_1_180' title='bbox 618 2707 802 2785; x_wconf 74' lang='lat' dir='ltr'><strong>mritatom,</strong></span> <span class='ocrx_word' id='word_1_181' title='bbox 826 2720 882 2775; x_wconf 87' lang='lat' dir='ltr'><strong>aut</strong></span> <span class='ocrx_word' id='word_1_182' title='bbox 903 2708 1047 2799; x_wconf 78' lang='lat' dir='ltr'><strong>gloriam</strong></span> <span class='ocrx_word' id='word_1_183' title='bbox 1060 2710 1181 2777; x_wconf 60' lang='lat' dir='ltr'><strong>deusdona</strong></span> 
     </span>
     <span class='ocr_line' id='line_1_24' title="bbox 192 2816 1189 2909; baseline -0.003 -25"><span class='ocrx_word' id='word_1_184' title='bbox 192 2829 257 2895; x_wconf 90' lang='lat' dir='ltr'><strong>tes,</strong></span> <span class='ocrx_word' id='word_1_185' title='bbox 276 2839 326 2884; x_wconf 86' lang='lat' dir='ltr'><strong>res</strong></span> <span class='ocrx_word' id='word_1_186' title='bbox 343 2841 441 2884; x_wconf 84' lang='lat' dir='ltr'><strong>novas</strong></span> <span class='ocrx_word' id='word_1_187' title='bbox 460 2816 642 2884; x_wconf 81' lang='lat' dir='ltr'><strong>moliantur.</strong></span> <span class='ocrx_word' id='word_1_188' title='bbox 666 2817 747 2883; x_wconf 89' lang='lat' dir='ltr'><strong>Sunt</strong></span> <span class='ocrx_word' id='word_1_189' title='bbox 762 2817 849 2882; x_wconf 91' lang='lat' dir='ltr'><strong>euim</strong></span> <span class='ocrx_word' id='word_1_190' title='bbox 865 2819 1047 2897; x_wconf 77' lang='lat' dir='ltr'><strong>socordes,</strong></span> <span class='ocrx_word' id='word_1_191' title='bbox 1066 2821 1189 2909; x_wconf 65' lang='lat' dir='ltr'><strong>quim</strong></span> 
     </span>
     <span class='ocr_line' id='line_1_25' title="bbox 192 2923 1196 3014; baseline 0 -22"><span class='ocrx_word' id='word_1_192' title='bbox 192 2925 343 2992; x_wconf 77' lang='lat' dir='ltr'><strong>licenter</strong></span> <span class='ocrx_word' id='word_1_193' title='bbox 363 2925 437 3014; x_wconf 91' lang='lat' dir='ltr'><strong>ipsis</strong></span> <span class='ocrx_word' id='word_1_194' title='bbox 459 2925 651 3014; x_wconf 78' lang='lat' dir='ltr'><strong>scripturis,</strong></span> <span class='ocrx_word' id='word_1_195' title='bbox 677 2923 791 2990; x_wconf 85' lang='lat' dir='ltr'><strong>divinis</strong></span> <span class='ocrx_word' id='word_1_196' title='bbox 808 2925 990 3014; x_wconf 89' lang='lat' dir='ltr'><strong>Scripturis</strong></span> <span class='ocrx_word' id='word_1_197' title='bbox 1013 2927 1196 2995; x_wconf 74' lang='lat' dir='ltr'><strong>consulentes</strong></span> 
     </span>
     <span class='ocr_line' id='line_1_26' title="bbox 189 3031 1199 3124; baseline -0.004 -22"><span class='ocrx_word' id='word_1_198' title='bbox 189 3033 339 3124; x_wconf 79' lang='lat' dir='ltr'><strong>colligere</strong></span> <span class='ocrx_word' id='word_1_199' title='bbox 349 3034 645 3109; x_wconf 79' lang='lat' dir='ltr'><strong>demonstrationes,</strong></span> <span class='ocrx_word' id='word_1_200' title='bbox 658 3033 691 3098; x_wconf 92' lang='lat' dir='ltr'><strong>id</strong></span> <span class='ocrx_word' id='word_1_201' title='bbox 702 3033 834 3099; x_wconf 90' lang='lat' dir='ltr'><strong>omnino</strong></span> <span class='ocrx_word' id='word_1_202' title='bbox 845 3056 913 3099; x_wconf 91' lang='lat' dir='ltr'><strong>non</strong></span> <span class='ocrx_word' id='word_1_203' title='bbox 925 3035 1067 3112; x_wconf 80' lang='lat' dir='ltr'><strong>iaciunt,</strong></span> <span class='ocrx_word' id='word_1_204' title='bbox 1079 3031 1199 3123; x_wconf 84' lang='lat' dir='ltr'><strong>sedquod</strong></span> 
     </span>
     <span class='ocr_line' id='line_1_27' title="bbox 192 3139 1204 3232; baseline -0.004 -23"><span class='ocrx_word' id='word_1_205' title='bbox 192 3167 306 3210; x_wconf 87' lang='lat' dir='ltr'><strong>eorum</strong></span> <span class='ocrx_word' id='word_1_206' title='bbox 327 3141 541 3232; x_wconf 78' lang='lat' dir='ltr'><strong>voluptatibus</strong></span> <span class='ocrx_word' id='word_1_207' title='bbox 561 3141 751 3231; x_wconf 80' lang='lat' dir='ltr'><strong>suffragatur</strong></span> <span class='ocrx_word' id='word_1_208' title='bbox 771 3139 904 3231; x_wconf 80' lang='lat' dir='ltr'><strong>eligunt.</strong></span> <span class='ocrx_word' id='word_1_209' title='bbox 926 3142 1048 3210; x_wconf 84' lang='lat' dir='ltr'><strong>Gloriae</strong></span> <span class='ocrx_word' id='word_1_210' title='bbox 1062 3157 1158 3212; x_wconf 77' lang='lat' dir='ltr'><strong>autem</strong></span> <span class='ocrx_word' id='word_1_211' title='bbox 1173 3151 1204 3205; x_wconf 72' lang='lat' dir='ltr'><strong>ts</strong></span> 
     </span>
     <span class='ocr_line' id='line_1_28' title="bbox 192 3249 1205 3339; baseline -0.003 -20"><span class='ocrx_word' id='word_1_212' title='bbox 192 3264 310 3320; x_wconf 88' lang='lat' dir='ltr'><strong>nentur</strong></span> <span class='ocrx_word' id='word_1_213' title='bbox 324 3250 497 3327; x_wconf 88' lang='lat' dir='ltr'><strong>desiderio,</strong></span> <span class='ocrx_word' id='word_1_214' title='bbox 513 3251 568 3339; x_wconf 89' lang='lat' dir='ltr'><strong>qui</strong></span> <span class='ocrx_word' id='word_1_215' title='bbox 582 3273 619 3316; x_wconf 89' lang='lat' dir='ltr'><strong>ea</strong></span> <span class='ocrx_word' id='word_1_216' title='bbox 634 3272 706 3337; x_wconf 67' lang='lat' dir='ltr'><strong>quae</strong></span> <span class='ocrx_word' id='word_1_217' title='bbox 719 3251 915 3316; x_wconf 81' lang='lat' dir='ltr'><strong>conveniunt</strong></span> <span class='ocrx_word' id='word_1_218' title='bbox 935 3253 1134 3318; x_wconf 82' lang='lat' dir='ltr'><strong>sermonibus</strong></span> <span class='ocrx_word' id='word_1_219' title='bbox 1145 3249 1205 3316; x_wconf 69' lang='lat' dir='ltr'><strong>diti</strong></span> 
     </span>
     <span class='ocr_line' id='line_1_29' title="bbox 192 3357 1205 3452; baseline -0.004 -25"><span class='ocrx_word' id='word_1_220' title='bbox 192 3363 277 3428; x_wconf 89' lang='lat' dir='ltr'><strong>nitus</strong></span> <span class='ocrx_word' id='word_1_221' title='bbox 291 3360 466 3451; x_wconf 86' lang='lat' dir='ltr'><strong>inspiratis,</strong></span> <span class='ocrx_word' id='word_1_222' title='bbox 483 3358 595 3424; x_wconf 72' lang='lat' dir='ltr'><strong>nuditu</strong></span> <span class='ocrx_word' id='word_1_223' title='bbox 610 3383 629 3425; x_wconf 84' lang='lat' dir='ltr'><strong>u</strong></span> <span class='ocrx_word' id='word_1_224' title='bbox 646 3359 745 3425; x_wconf 87' lang='lat' dir='ltr'><strong>beatis</strong></span> <span class='ocrx_word' id='word_1_225' title='bbox 757 3357 917 3447; x_wconf 79' lang='lat' dir='ltr'><strong>Apostolis</strong></span> <span class='ocrx_word' id='word_1_226' title='bbox 932 3372 967 3426; x_wconf 89' lang='lat' dir='ltr'><strong>et</strong></span> <span class='ocrx_word' id='word_1_227' title='bbox 982 3363 1153 3452; x_wconf 73' lang='lat' dir='ltr'><strong>magistris,</strong></span> <span class='ocrx_word' id='word_1_228' title='bbox 1165 3381 1205 3424; x_wconf 79' lang='lat' dir='ltr'><strong>ro-</strong></span> 
     </span>
     <span class='ocr_line' id='line_1_30' title="bbox 192 3464 1208 3556; baseline -0.004 -21"><span class='ocrx_word' id='word_1_229' title='bbox 192 3469 327 3536; x_wconf 84' lang='lat' dir='ltr'><strong>luntorie</strong></span> <span class='ocrx_word' id='word_1_230' title='bbox 344 3467 497 3544; x_wconf 86' lang='lat' dir='ltr'><strong>eludunt,</strong></span> <span class='ocrx_word' id='word_1_231' title='bbox 511 3489 570 3556; x_wconf 88' lang='lat' dir='ltr'><strong>per</strong></span> <span class='ocrx_word' id='word_1_232' title='bbox 585 3464 659 3532; x_wconf 82' lang='lat' dir='ltr'><strong>alies</strong></span> <span class='ocrx_word' id='word_1_233' title='bbox 676 3468 968 3556; x_wconf 78' lang='lat' dir='ltr'><strong>argumentationes</strong></span> <span class='ocrx_word' id='word_1_234' title='bbox 978 3520 989 3546; x_wconf 96' lang='lat'><strong>,</strong></span> <span class='ocrx_word' id='word_1_235' title='bbox 1000 3469 1144 3535; x_wconf 88' lang='lat' dir='ltr'><strong>humanis</strong></span> <span class='ocrx_word' id='word_1_236' title='bbox 1154 3467 1208 3531; x_wconf 86' lang='lat' dir='ltr'><strong>dot·-</strong></span> 
     </span>
     <span class='ocr_line' id='line_1_31' title="bbox 193 3575 1261 3652; baseline -0.004 -10"><span class='ocrx_word' id='word_1_237' title='bbox 193 3578 283 3643; x_wconf 86' lang='lat' dir='ltr'><strong>triuis</strong></span> <span class='ocrx_word' id='word_1_238' title='bbox 299 3578 477 3643; x_wconf 82' lang='lat' dir='ltr'><strong>resistentes</strong></span> <span class='ocrx_word' id='word_1_239' title='bbox 489 3575 601 3642; x_wconf 82' lang='lat' dir='ltr'><strong>divinae</strong></span> <span class='ocrx_word' id='word_1_240' title='bbox 612 3575 793 3652; x_wconf 78' lang='lat' dir='ltr'><strong>traditioni,</strong></span> <span class='ocrx_word' id='word_1_241' title='bbox 814 3587 849 3642; x_wconf 91' lang='lat' dir='ltr'><strong>ut</strong></span> <span class='ocrx_word' id='word_1_242' title='bbox 868 3576 1008 3644; x_wconf 86' lang='lat' dir='ltr'><strong>baeresiu</strong></span> <span class='ocrx_word' id='word_1_243' title='bbox 1025 3579 1206 3646; x_wconf 82' lang='lat' dir='ltr'><strong>constituant</strong></span> <span class='ocrx_word' id='word_1_244' title='bbox 1259 3585 1261 3594; x_wconf 72' lang='lat'><em>²</em></span> 
     </span>
     <span class='ocr_line' id='line_1_32' title="bbox 193 3684 1208 3772; baseline 0.003 -20"><span class='ocrx_word' id='word_1_245' title='bbox 193 3685 274 3753; x_wconf 81' lang='lat' dir='ltr'><strong>llam</strong></span> <span class='ocrx_word' id='word_1_246' title='bbox 293 3686 445 3752; x_wconf 86' lang='lat' dir='ltr'><strong>intereos</strong></span> <span class='ocrx_word' id='word_1_247' title='bbox 460 3686 544 3752; x_wconf 82' lang='lat' dir='ltr'><strong>viros</strong></span> <span class='ocrx_word' id='word_1_248' title='bbox 558 3685 612 3772; x_wconf 91' lang='lat' dir='ltr'><strong>qui</strong></span> <span class='ocrx_word' id='word_1_249' title='bbox 626 3685 705 3750; x_wconf 84' lang='lat' dir='ltr'><strong>tanti</strong></span> <span class='ocrx_word' id='word_1_250' title='bbox 723 3696 813 3752; x_wconf 86' lang='lat' dir='ltr'><strong>erent</strong></span> <span class='ocrx_word' id='word_1_251' title='bbox 829 3685 862 3750; x_wconf 90' lang='lat' dir='ltr'><strong>in</strong></span> <span class='ocrx_word' id='word_1_252' title='bbox 878 3685 1103 3754; x_wconf 82' lang='lat' dir='ltr'><strong>Ecclesiastica</strong></span> <span class='ocrx_word' id='word_1_253' title='bbox 1120 3684 1208 3772; x_wconf 71' lang='lat' dir='ltr'><strong>cogol-</strong></span> 
     </span>
     <span class='ocr_line' id='line_1_33' title="bbox 192 3792 1204 3884; baseline 0.002 -24"><span class='ocrx_word' id='word_1_254' title='bbox 192 3794 297 3869; x_wconf 91' lang='lat' dir='ltr'><strong>tioue,</strong></span> <span class='ocrx_word' id='word_1_255' title='bbox 324 3795 401 3883; x_wconf 87' lang='lat' dir='ltr'><strong>quid</strong></span> <span class='ocrx_word' id='word_1_256' title='bbox 419 3796 557 3861; x_wconf 85' lang='lat' dir='ltr'><strong>restabat</strong></span> <span class='ocrx_word' id='word_1_257' title='bbox 575 3793 746 3860; x_wconf 88' lang='lat' dir='ltr'><strong>dicendum</strong></span> <span class='ocrx_word' id='word_1_258' title='bbox 763 3817 781 3858; x_wconf 84' lang='lat' dir='ltr'><strong>a</strong></span> <span class='ocrx_word' id='word_1_259' title='bbox 799 3792 984 3872; x_wconf 78' lang='lat' dir='ltr'><strong>Marcione,</strong></span> <span class='ocrx_word' id='word_1_260' title='bbox 1005 3797 1091 3863; x_wconf 82' lang='lat' dir='ltr'><strong>verbi</strong></span> <span class='ocrx_word' id='word_1_261' title='bbox 1107 3793 1204 3884; x_wconf 73' lang='lat' dir='ltr'><strong>grafia.</strong></span> 
     </span>
     <span class='ocr_line' id='line_1_34' title="bbox 191 3897 1205 3995; baseline -0.006 -25"><span class='ocrx_word' id='word_1_262' title='bbox 191 3915 248 3976; x_wconf 76' lang='lat' dir='ltr'><strong>aut</strong></span> <span class='ocrx_word' id='word_1_263' title='bbox 266 3903 417 3981; x_wconf 84' lang='lat' dir='ltr'><strong>Prodico,</strong></span> <span class='ocrx_word' id='word_1_264' title='bbox 430 3915 463 3972; x_wconf 90' lang='lat' dir='ltr'><strong>et</strong></span> <span class='ocrx_word' id='word_1_265' title='bbox 477 3899 650 3981; x_wconf 88' lang='lat' dir='ltr'><strong>similibus,</strong></span> <span class='ocrx_word' id='word_1_266' title='bbox 663 3903 716 3992; x_wconf 88' lang='lat' dir='ltr'><strong>qui</strong></span> <span class='ocrx_word' id='word_1_267' title='bbox 731 3924 797 3970; x_wconf 93' lang='lat' dir='ltr'><strong>uou</strong></span> <span class='ocrx_word' id='word_1_268' title='bbox 815 3915 891 3972; x_wconf 89' lang='lat' dir='ltr'><strong>sunt</strong></span> <span class='ocrx_word' id='word_1_269' title='bbox 907 3905 1040 3995; x_wconf 83' lang='lat' dir='ltr'><strong>ingressi</strong></span> <span class='ocrx_word' id='word_1_270' title='bbox 1054 3916 1138 3974; x_wconf 82' lang='lat' dir='ltr'><strong>rectu</strong></span> <span class='ocrx_word' id='word_1_271' title='bbox 1151 3897 1205 3969; x_wconf 77' lang='lat' dir='ltr'><strong>sia?</strong></span> 
     </span>
    </p>
   </div>
   <div class='ocr_carea' id='block_1_3' title="bbox 0 0 1274 4608">
    <p class='ocr_par' dir='ltr' id='par_1_3' title="bbox 0 0 1274 4608">
     <span class='ocr_line' id='line_1_35' title="bbox 0 0 1274 4608; baseline 0 0"><span class='ocrx_word' id='word_1_272' title='bbox 0 0 1274 4608; x_wconf 95' lang='lat' dir='ltr'><strong> </strong></span> 
     </span>
    </p>
   </div>
  </div>
 </body>
</html>
