2614 4628
190 272 250 352 ita
436 325 442 337 .
499 289 672 336 capuanus
697 291 906 338 transumunt

226 411 368 476 Sustinuit
384 395 502 490 quidem
513 413 614 486 Ceres,
627 412 762 472 sustinuit
771 414 929 492 praeclarus
942 412 1099 489 Mulciber,

224 513 365 576 Sustinuit
376 515 545 593 Neptunus,
559 515 695 574 sustinuit
710 515 796 576 etiam
813 527 982 595 argenteum
997 497 1099 576 arcum
1114 516 1242 578 bahem
1298 556 1305 566 ·

225 615 345 676 Mortali
358 614 423 673 viro
437 633 543 672 annum
555 615 687 674 servire:
1093 618 1242 698 [Apollo
1298 683 1302 688 .

171 789 179 806 ,
225 715 367 777 Sustinuit
380 715 464 774 etiam
477 715 558 773 ferox
571 719 651 776 Mars
662 735 679 774 a
690 727 773 795 patre
786 729 902 776 coactus
917 720 932 774 ι’

185 871 226 936 Et
239 887 310 958 quan
325 865 474 953 deinceps
490 876 675 953 sequuntur.
695 865 763 930 Erit
777 865 885 954 itaque
901 876 1183 942 consentaneum,
1205 879 1243 932 ut
1288 838 1300 949 l

186 983 252 1070 jam
266 976 355 1042 vobis
366 973 545 1050 ostendam,
557 974 616 1040 hos
628 986 747 1041 vestros
759 975 848 1052 deos,
861 976 915 1064 qui
928 997 1035 1042 amore
1054 975 1241 1066 languent,
1291 956 1298 1027 Ι·

186 1102 219 1155 et
234 1085 331 1154 animi
346 1085 637 1174 perturbationibus
654 1098 818 1162 vexantur,
839 1087 960 1153 oaeteris
975 1101 1106 1176 quoque
1127 1087 1245 1154 omni·

188 1202 262 1275 bus,
278 1219 357 1285 quus
377 1194 522 1261 homines
537 1196 602 1284 pati
624 1193 738 1272 solent,
755 1195 923 1264 affectibus
947 1197 1104 1263 obnoxios
1127 1221 1211 1265 esse
1233 1223 1242 1263 :

189 1310 221 1378 Ν
223 1331 281 1375 um
296 1305 365 1372 itta
378 1306 518 1372 mutale
539 1329 655 1394 corpus
675 1321 758 1372 crat.
778 1307 847 1374 lloc
870 1320 978 1373 autem
993 1307 1174 1374 manifeste
1191 1309 1245 1376 in-

188 1419 274 1486 dicat
288 1417 457 1490 Homerus,
474 1437 548 1480 cum
565 1413 722 1480 Venerem
737 1438 803 1504 prae
815 1414 998 1483 vulneribus
1010 1433 1107 1482 acute
1117 1419 1244 1508 gravi-
1305 1461 1306 1466 κ

189 1546 299 1616 terque
313 1526 512 1592 clamantem
525 1524 649 1591 inducit
654 1549 663 1599 ς
676 1526 842 1614 ipsumque
860 1525 1007 1603 Martem,
1025 1525 1105 1593 belli
1118 1529 1243 1604 deum,
1305 1547 1306 1550 ’

189 1661 206 1705 u
222 1635 376 1704 Diomede
392 1629 486 1700 luisse
501 1649 616 1701 uentre
629 1637 817 1702 saccutum
831 1649 949 1702 narret.
968 1635 1102 1704 Polemo
1122 1653 1246 1706 autem

190 1749 286 1816 refert
304 1746 477 1812 Minervam
488 1745 585 1811 etiam
596 1745 636 1810 ab
650 1744 774 1834 Ornyto
786 1737 984 1813 vulneratam
1001 1746 1112 1813 luisse.
1132 1749 1247 1830 Quin·

190 1857 286 1923 etiam
301 1852 469 1936 Plutonem
484 1852 524 1917 ab
543 1850 682 1918 Hercule
703 1853 814 1942 sagitta
830 1855 932 1920 ictum
946 1853 1024 1920 dicit
1046 1855 1225 1924 Homerus
1234 1884 1244 1933 ς

190 1966 277 2056 quud
294 1966 334 2031 dc
347 1962 425 2030 Eleo
441 1985 568 2052 quoque
583 1963 691 2054 Augen
704 1963 800 2029 trudit
810 1963 971 2053 Panyasis,
989 1965 1043 2054 qui
1063 1965 1087 2032 J
1090 1990 1247 2036 unonem

189 2077 286 2143 ctiam
300 2075 481 2165 pronubam
493 2073 531 2137 in
542 2073 626 2163 Pylo
636 2093 775 2140 arenosa
786 2075 825 2140 ab
838 2073 951 2140 eodem
962 2073 1108 2141 Hercule
1120 2077 1247 2144 vulne-

191 2201 293 2254 ratam
311 2185 406 2252 fuisse
423 2197 590 2250 memorat.
607 2184 750 2251 Sosibius
765 2197 874 2250 autem
892 2184 989 2251 refert
1012 2186 1114 2274 ipsius
1135 2189 1247 2256 etiam

88 2367 95 2374 ,
192 2295 338 2368 Herculis
360 2317 492 2363 manum
515 2295 556 2362 ab
578 2295 808 2385 Hippocoontis
830 2293 902 2361 liliis
923 2296 1103 2363 sauciatam
1123 2297 1244 2368 fuisse.

192 2405 329 2489 Quodsi
345 2417 418 2472 suut
435 2391 579 2479 vulnera,
595 2413 643 2469 est
656 2404 754 2470 etiam
770 2405 906 2494 sanguis.
924 2403 1034 2472 Sanies
1049 2407 1148 2474 enim
1169 2418 1250 2500 ped

192 2519 269 2596 tica,
286 2537 383 2604 quam
407 2529 492 2603 ἰχῶρα
506 2525 635 2588 vocant,
652 2525 701 2579 est
720 2513 788 2602 ipso
810 2514 961 2604 sanguine
982 2517 1143 2604 turpior:
1166 2543 1248 2586 nam

190 2625 338 2716 putridus
361 2623 487 2712 sanguis
511 2631 576 2712 ἰχὼρ
600 2621 725 2688 dicitnr.
745 2623 786 2688 Et
807 2623 986 2690 curationes
1004 2648 1097 2714 ergo,
1121 2641 1162 2693 et
1187 2651 1249 2695 nu

192 2737 354 2810 trimenta,
371 2732 486 2821 quibus
501 2731 657 2821 indigent,
674 2755 802 2798 necesse
822 2742 870 2796 est
885 2732 1048 2799 inducere.
1068 2734 1198 2814 Quare
1217 2751 1252 2804 et

192 2870 309 2916 mensae
324 2865 437 2911 eorum
453 2854 682 2918 memorantur,
701 2855 734 2908 et
755 2843 1019 2932 compotationes,
1036 2863 1068 2910 et
1085 2848 1197 2924 risus,
1219 2863 1254 2916 et

194 2960 313 3031 scitust
332 2978 407 3023 cum
422 2977 463 3019 ne
486 2953 632 3019 homiues
647 2953 777 3041 quidem
792 2973 906 3017 venere
922 2965 1104 3031 uterentur,
1121 2971 1191 3023 aut
1210 2957 1254 3024 li-

191 3071 277 3140 beris
292 3089 423 3159 operam
438 3064 562 3141 darent,
579 3077 634 3128 ant
649 3087 762 3130 somno
779 3039 1036 3152 indulgerentssi
1051 3081 1172 3134 essent
1191 3070 1256 3137 im·

192 3177 355 3250 mortules,
372 3186 404 3241 et
419 3172 536 3241 nullius
552 3173 663 3263 indigi,
679 3172 821 3261 seniique
835 3185 991 3262 expertes.
1010 3173 1148 3264 Jupiter
1167 3203 1255 3247 vero

192 3292 259 3380 ipse
274 3288 422 3354 humente
436 3284 566 3374 quidem
581 3305 698 3348 menate
713 3284 871 3371 particeps
881 3282 941 3348 suit
952 3283 1038 3372 apud
1048 3283 1257 3380 AEtbiopes,

194 3400 376 3467 inbumnnae
391 3409 498 3462 autem
511 3407 545 3460 et
559 3393 698 3469 nefariae,
715 3416 791 3461 cum
805 3416 823 3458 a
839 3391 987 3481 Lycaone
1007 3393 1138 3462 Arcade
1158 3403 1260 3468 exci-

195 3520 335 3602 peretur.
357 3505 442 3570 Tum
462 3504 548 3569 enim
572 3502 719 3588 humanis
734 3501 883 3568 carnibus
904 3505 1120 3582 saturabatur,
1139 3506 1261 3598 idque

130 3666 131 3670 =
195 3619 311 3686 invitus
330 3614 518 3681 :nesciebat
539 3609 659 3678 scilicet
680 3610 1029 3688 daust'conviratorcm
1052 3636 1158 3681 suum
1184 3618 1262 3708 Ly-

197 3724 330 3797 caonem
346 3723 446 3790 filium
471 3743 566 3790 suum
586 3721 788 3788 interiectum
807 3721 880 3807 (cui
897 3741 1014 3822 nuptm
1033 3735 1105 3789 erat
1123 3724 1264 3815 Nyct-i-

195 3842 268 3928 mo)
293 3837 350 3926 ipsi
369 3833 816 3926 comedendumapposuisse!
834 3833 895 3900 llic
914 3845 965 3899 est
986 3833 1169 3922 praeclarus
1197 3837 1261 3906 illc

195 3949 331 4041 Jupiter,
355 3945 515 4038 fatidicus,
537 3943 711 4032 hospitalis,
732 3941 1056 4034 supplicumpraeses,
1073 3943 1257 4027 clemens,
