2522 4608
320 281 516 354 rnnscoers',
540 301 602 344 nra.
629 301 664 344 rr.
946 283 1010 349 stt
1073 273 1078 284 ⁸

29 415 146 484 cambus
165 435 261 480 semen
282 413 409 480 mandes
429 415 651 482 seminandum
676 425 734 480 est.
759 414 821 481 llio
846 416 913 505 ipse
933 439 1010 506 ergo

28 524 104 592 doses
122 546 186 590 cum
205 523 274 612 ipsis
298 547 421 613 quoque
443 524 593 614 probibet
620 524 771 590 uxoribus
793 525 959 615 congredi,
983 529 1010 593 si

25 633 88 702 tuso
102 657 145 700 ess
161 634 311 702 detineant
325 636 526 725 purgationes
542 647 722 702 monstrum.
738 635 809 704 Non
828 636 915 704 enim
930 659 1009 726 pur·

28 757 138 834 ganento
152 745 281 833 eorporis
300 744 435 834 genitale
450 768 572 824 semen,
590 757 625 812 et
640 745 727 834 quod
744 767 818 820 mox
836 745 935 812 bomo
955 746 1008 812 su-

27 865 107 920 trrun
117 865 168 932 est,
181 853 315 944 polluere
332 867 381 922 est
394 878 537 944 aequum3
557 878 617 922 nec
633 854 761 920 sordido
776 856 917 922 materiae
931 879 1008 946 pro·

28 959 106 1041 bario,
121 975 147 1029 st
158 987 222 1052 quas
235 979 447 1056 expungantur
460 965 706 1054 inquinamentis
725 965 881 1033 inundare
899 990 938 1034 ac
951 970 1007 1035 eb·

27 1097 92 1141 rone
108 1101 115 1141 ε
131 1099 225 1144 semm
240 1089 345 1143 autern
364 1077 574 1167 generationis
592 1077 779 1167 degeneret,
800 1077 1007 1168 ineptumque

28 1185 142 1262 redditur,
162 1187 184 1252 si
208 1187 345 1254 matricis
371 1187 466 1256 sulcis
484 1189 638 1278 privetur.
668 1187 780 1275 Neque
806 1211 880 1254 vero
906 1188 1007 1256 ullum
1055 1191 1062 1210 '

27 1315 127 1384 mquam
139 1297 251 1362 induxit
268 1309 413 1364 veterum
435 1299 642 1366 llcbraeorum
658 1303 829 1366 coeuntem
852 1321 927 1366 cum
947 1323 1005 1367 sue

28 1422 96 1469 uxore
106 1417 273 1495 pregnante
290 1405 365 1472 Sola
380 1407 466 1472 enim
477 1405 634 1495 voluptas,
651 1407 758 1496 siquis
772 1429 810 1472 ea
825 1407 922 1474 etiam
937 1419 1006 1474 utn-

27 1515 97 1580 tnin
112 1517 252 1607 conjugio,
274 1529 322 1583 est
344 1527 461 1607 praeter
480 1515 579 1606 leges,
599 1527 632 1582 et
651 1517 781 1606 injusta,
798 1529 831 1583 et
847 1541 864 1582 a
882 1519 1005 1586 ratione

25 1619 104 1689 aliem
119 1625 222 1692 Rursus
236 1639 345 1693 autem
360 1627 462 1693 Moses
476 1626 609 1694 obducit
623 1627 706 1693 viros
720 1651 738 1692 a
754 1628 1002 1717 pregnantibus,

25 1753 145 1824 quousque
157 1739 338 1827 pepererint.
359 1737 480 1804 Revera
496 1738 583 1802 enim
602 1737 718 1805 matrix
737 1738 797 1804 sub
813 1739 917 1804 vesica
931 1739 1005 1827 qui--

25 1841 77 1908 len
87 1843 223 1924 collocata,
239 1871 337 1937 super
353 1848 540 1914 intestinum
556 1858 677 1923 autem,
695 1847 782 1935 quod
803 1859 928 1914 rectum
945 1871 1004 1937 np-

27 1951 134 2038 pellatur,
145 1959 244 2046 posits,
259 1957 407 2024 extendit
421 1955 540 2023 collum
560 1957 644 2026 inter
664 1957 815 2023 bumeros
829 1957 863 2023 in
878 1957 999 2032 vesicas

26 2073 87 2127 etos
97 2063 163 2141 colli,
174 2067 200 2133 in
212 2068 299 2157 quod
314 2067 403 2133 venit
419 2089 542 2142 semen,
558 2064 725 2155 impletum
740 2065 932 2144 occluditur,
948 2066 1002 2133 ille

27 2182 103 2236 tatem
118 2197 203 2243 rums
220 2179 323 2244 inanis
346 2177 491 2244 redditur
510 2199 587 2243 cum
607 2187 701 2267 partu
722 2189 856 2266 purgata
878 2177 998 2246 luerit:

26 2279 98 2348 iectu
109 2299 194 2353 suum
209 2289 368 2390 deposito,
385 2287 500 2355 deinde
515 2311 624 2354 semen
640 2287 780 2375 suscipit.
800 2286 910 2374 Neque
926 2311 1002 2354 vero

26 2392 171 2487 ttbbturpe
188 2412 233 2465 est
254 2402 295 2466 ad
312 2400 497 2467 auditorum
517 2397 686 2466 utilitatem
709 2397 875 2464 nominare
896 2409 1002 2486 portes

27 2506 139 2589 squibus
151 2508 183 2574 fir
195 2511 287 2578 fctus
302 2511 488 2600 conceptio,
504 2535 574 2600 quae
590 2510 719 2598 quidem
734 2508 840 2574 Deum
854 2507 1002 2576 fabricari

26 2631 64 2680 st
77 2617 175 2704 puduit.
198 2621 309 2690 Matrix
325 2624 433 2711 itaque
450 2623 557 2688 sitiens
573 2619 713 2687 tiliorum
732 2617 999 2708 procreationem,

26 2736 95 2790 uren
105 2731 229 2820 suscipit,
244 2737 503 2823 probrosumque
517 2744 550 2798 et
563 2729 807 2821 vituperandum
823 2741 918 2818 negat
932 2728 1002 2795 coi·

26 2844 76 2916 ss,
89 2849 145 2923 post
158 2840 307 2910 sationem
323 2865 380 2908 ore
396 2842 503 2910 clauso
523 2841 653 2907 omnino
672 2840 736 2930 jem
757 2838 925 2906 libidinem
942 2861 1000 2904 ex-

27 2935 120 3012 ilient·
132 2949 200 3039 Ejus
213 2965 322 3021 eutem
334 2955 556 3044 appetitiones,
574 2973 644 3042 quae
656 2953 745 3042 prius
759 2951 792 3016 in
803 2950 913 3016 amicis
929 2971 1000 3015 ser-

27 3051 127 3123 ttnrur
146 3061 373 3154 complexibus,
405 3065 489 3130 intro
520 3086 692 3140 conversas,
720 3062 753 3128 in
778 3059 1001 3150 procreatione

27 3159 99 3234 tholis
112 3184 275 3261 occupata,
299 3186 477 3262 operantur
498 3195 656 3238 unacum
679 3169 814 3259 Opifice.
839 3165 933 3234 Nefas
953 3181 1002 3234 est

27 3285 68 3370 v
78 3291 238 3362 operantem
253 3281 321 3368 jam
336 3292 484 3346 naturam
501 3280 607 3348 adbuc
625 3276 768 3344 molestia
784 3275 924 3351 afficere,
945 3299 1000 3342 su-

27 3371 102 3462 ¹blus
114 3386 147 3452 ad
163 3389 357 3477 petulantem
373 3392 610 3480 prorumpendo
625 3387 802 3457 libidinem.
823 3383 1000 3454 Petulantia

28 3495 101 3567 lem,
112 3517 169 3582 quae
184 3498 284 3566 multa
299 3501 430 3589 quidem
440 3501 539 3566 babet
550 3501 680 3566 nomina
693 3510 725 3562 et
737 3493 853 3594 multas
865 3496 996 3583 species,

28 3593 66 3663 h
77 3603 191 3677 tdbsnc
205 3633 374 3678 veneream
390 3611 665 3701 intemperentiam
680 3605 857 3681 dellexerit,
878 3619 998 3700 tapeta,

28 3701 88 3788 itti,
99 3715 236 3798 ἱωιίυἱα,
248 3721 380 3798 dicitur:
395 3746 458 3811 quo
469 3721 599 3788 nomine
611 3715 806 3809 significetur
816 3715 995 3796 libidinosa,

28 3819 116 3901 tbliea,
132 3841 160 3896 st
174 3833 292 3900 incesta
311 3835 343 3901 in
358 3835 478 3902 coitum
500 3831 671 3925 propensio
691 3854 699 3894 :
723 3853 793 3917 quae
808 3853 883 3895 cum
902 3841 996 3900 aucte

28 3933 87 4010 reris,
102 3960 202 4032 magna
216 3943 311 4012 simul
325 3948 510 4015 morborum
525 3941 674 4012 convenit
698 3937 881 4015 multitudo,
899 3940 995 4004 obso-

808 4068 859 4115 oo.
