2448 4610
337 245 523 297 srnouarau
544 249 604 297 nu.
631 251 654 298 r.
985 231 1009 319 ἡ

26 375 296 470 puemaunmtur,
313 372 461 442 emittunt
477 399 589 466 aquam
600 376 701 467 magis
712 375 913 466 perspicuam
924 397 932 441 ε
942 393 1010 444 cor

26 499 176 576 rupuutur
190 497 291 552 autom
304 486 344 562 ii,
359 509 494 574 quorum
509 485 613 551 nuilus
624 499 672 552 est
687 487 856 576 particeps.
874 487 1009 556 Ferrum

26 613 115 688 proquo
134 619 203 662 usus
213 607 314 663 servat
326 597 453 685 purius,
469 619 544 662 usus
561 607 666 663 autem
682 595 823 662 defectus
839 595 867 664 ci
880 609 1010 686 generat

26 707 167 796 robiginem
198 706 237 773 Ut
258 706 438 772 summatim
463 707 548 772 cuim
568 707 698 782 dicam,
720 706 902 772 exercitatio
923 704 1009 772 salu-

26 817 82 884 aea
120 815 255 882 habitum
289 817 451 905 ingenerat
481 828 514 880 ct
534 815 717 905 spiritibus,
751 825 785 881 ct
807 817 1004 905 corporibus.

26 925 121 991 rdcmo
135 925 274 992 accendit
293 923 473 1002 lucernam,
489 938 521 992 et
536 925 627 1016 ponit
643 949 714 992 cam
734 927 793 992 sub
811 923 935 1002 modio,
952 925 1009 992 sed

26 1033 344 1125 'supercandclabrum
360 1034 505 1102 utluceat
514 1035 703 1111 omnibus¹,
717 1063 731 1098 a
743 1036 797 1125 qui
805 1035 926 1127 accepti
941 1034 1007 1102 ttao
1114 1086 1119 1094 .

26 1143 198 1211 intrantirio.

46 1291 83 1363 3¹.
98 1291 214 1386 Quoad
226 1308 349 1366 autem
364 1291 505 1365 dicendi
522 1291 674 1364 modum
694 1285 930 1394 philosophiae
945 1319 1005 1366 ex-

26 1433 112 1492 unec
124 1415 324 1486 testimonia
342 1409 514 1486 adhibere
530 1435 604 1482 nou
623 1407 822 1484 dubitavit²
840 1440 848 1484 ε

53 1581 110 1651 dam
133 1609 201 1654 tero
231 1587 299 1678 ipsa
325 1609 451 1678 quoque
469 1588 623 1654 honarum
642 1585 881 1676 disciplinarum
910 1589 1003 1679 copia

26 1701 50 1758 u
60 1693 136 1761 atui
149 1697 308 1785 quoddam
321 1695 559 1764 condimentum
570 1695 695 1764 adaletae
710 1695 782 1763 cibo
798 1697 1002 1790 permirtum,

26 1801 174 1873 tondelicias
188 1807 318 1896 quidem
334 1805 507 1897 captantis,
520 1807 576 1872 scd
590 1810 711 1874 honum
723 1807 900 1900 appetitum
916 1809 1004 1874 assd-

26 1913 230 1990 nausiantis
256 1939 411 1984 amorem.
438 1915 607 1983 Psallentes
628 1915 757 2006 quidem
780 1929 890 1993 certe,
913 1914 1004 1983 raddo

26 2013 133 2090 hicnon
147 2025 305 2114 gravitatis
321 2049 435 2092 sonum
451 2025 612 2091 modulate
627 2026 827 2092 remittimus.
843 2023 1003 2108 Quemad-

26 2127 108 2196 rodun
126 2145 224 2200 autem
241 2135 297 2225 qui
323 2133 433 2202 volunt
456 2132 571 2223 alloqui
591 2133 763 2224 populum,
780 2133 843 2200 hoc
857 2155 1001 2225 saepenu-

26 2252 76 2302 tero
88 2239 191 2309 iaciunt
204 2267 262 2336 par
287 2267 488 2335 praeconem,
505 2253 540 2307 ut
559 2265 613 2320 ea,
631 2265 700 2332 quae
715 2243 884 2321 dicuntur,
900 2245 1000 2334 magis

27 2340 194 2420 audianus:
211 2354 255 2421 ita
270 2354 327 2420 hic
342 2375 488 2442 quoque,
514 2373 590 2419 cum
604 2353 642 2418 ad
658 2350 775 2418 multos
795 2353 940 2420 habunda
962 2355 1001 2420 sit

27 2443 101 2555 ⁵uobis
119 2465 227 2542 oratio,
244 2487 318 2554 quae
338 2461 463 2530 soiitam
486 2463 638 2554 praecedit
658 2461 880 2540 traditionem,
898 2461 1001 2530 addu-

27 2565 89 2631 uda
101 2586 164 2637 sunt
175 2574 339 2664 opiniones
352 2585 505 2650 etroces,
520 2595 589 2662 quae
600 2573 645 2638 eis
653 2573 684 2637 in
697 2570 826 2662 singulis
837 2572 998 2650 resonant,

27 2681 146 2762 equasti
160 2685 255 2774 magis
268 2683 380 2751 attenti
394 2681 581 2760 reddentur,
594 2682 646 2772 qui
663 2681 829 2748 audient...
846 2681 919 2749 Jam
933 2706 999 2750 uon

27 2777 114 2854 utitor
126 2813 210 2862 orem
228 2791 463 2883 contemplatur
479 2815 600 2884 coquus
613 2803 645 2856 et
662 2803 779 2880 pastor.
796 2788 853 2856 lile
868 2792 998 2884 quidem

28 2891 79 2957 nsit
89 2898 199 2989 pinguis
213 2903 380 2996 diligenter
396 2915 576 2970 scrutatur:
591 2899 645 2968 hic
656 2925 731 2967 vero
741 2899 791 2967 lac
805 2901 869 2967 ovis
885 2905 997 2969 obser-

28 3007 63 3074 ti.
77 3027 106 3070 an
125 3009 160 3074 sit
179 3035 377 3102 generosum.
402 3011 539 3103 Muigeat
563 3011 693 3101 quidem
720 3008 850 3099 aliquis,
872 3011 898 3076 si
924 3012 997 3078 cibo

28 3117 90 3212 pat:
103 3113 191 3185 vellus
215 3123 362 3198 tondeat,
385 3123 411 3187 si
426 3121 455 3188 ci
477 3131 659 3211 tegumento
681 3141 759 3209 opus
779 3119 829 3184 sit.
850 3119 904 3186 Sic
918 3116 996 3186 mihi

28 3211 76 3284 im
87 3229 222 3312 procedat
237 3233 360 3298 fructus
372 3233 463 3298 bouae
484 3233 667 3313 Graecorum
689 3229 853 3296 doctrinae.
869 3226 995 3297 Nullam

28 3319 202 3406 timeristimo
213 3343 401 3430 scripturam
414 3342 493 3408 adeo
504 3339 637 3408 feliciter
647 3338 840 3430 procedere,
854 3337 906 3405 cui
920 3335 995 3406 uui·
1058 3426 1063 3436 Ι

29 3441 167 3538 donnino
180 3451 398 3518 contradicat:
419 3449 475 3517 sed
496 3447 581 3517 iliam
600 3447 844 3515 existimandum
865 3457 995 3513 estesse

29 3540 91 3612 riori
101 3551 353 3636 consentaneam,
369 3560 420 3626 cui
431 3580 526 3624 nemo
544 3559 615 3647 jure
628 3555 855 3624 contradicit...
877 3558 995 3638 Quem·

29 3640 142 3728 hoium
162 3677 277 3736 terram
301 3669 389 3760 prius
414 3669 516 3759 rigant
539 3665 710 3758 agricolae,
735 3665 850 3734 deinde
873 3667 919 3735 sic
941 3686 992 3734 so-

35 3793 149 3960 :mvi
163 3817 538 3881 25;uarc.1v,2xatuc.vm,
553 3819 598 3878 165
611 3819 702 3878 xt‚33·

88 3930 94 3944 ι
119 3916 130 3949 2
148 3939 154 3955 ,
645 3911 654 3923 Ι
