2412 4596
231 256 274 319 68
545 277 718 323 cerussrrs
744 280 953 347 inmusulum

230 384 358 490 ipuidem
374 402 473 490 justos
486 423 523 466 ex
537 402 660 490 injustis
672 401 768 481 lecit,
784 401 920 469 simodo
930 402 1024 471 velint
1036 406 1127 480 andire
1139 385 1195 476 alo¹

227 531 302 577 vcro
318 511 431 577 liberat
447 507 567 577 amalis
581 513 797 601 presentibus.
821 514 883 578 Eos
896 514 1001 590 enim,
1016 516 1063 602 qui
1075 529 1184 606 eriperet

226 633 258 686 et
268 622 351 709 juste
370 620 473 686 rivere
486 617 655 708 elegerint,
669 619 862 688 immortales
873 623 986 710 satagit
996 624 1112 690 reddere.
1128 627 1184 692 tu

223 739 330 794 autem
340 727 442 817 legem
454 740 501 792 est
513 729 606 794 bonae
617 730 742 794 mentis.
757 729 799 795 Et
813 751 944 796 rursus:
966 731 1052 798 «Viri
1059 732 1115 798 mali
1125 732 1184 824 lun

222 861 309 906 »non
325 836 528 926 intelligunt:
546 839 599 926 qui
610 849 717 903 eutem
729 839 1098 925 quaeruntDominum,in
1138 844 1143 856 '

221 947 275 1011 »in
297 947 383 1012 omni
403 949 489 1012 hono
502 944 525 1010 ¹.
545 945 708 1036 »Oportet
723 958 933 1024 autemeam,
952 971 1021 1036 quse
1034 950 1182 1028 adminisnt,

217 1055 469 1131 Providentiam,
485 1069 553 1119 esse
569 1067 602 1118 et
618 1055 799 1132 dominam,
815 1069 848 1120 et
866 1057 996 1123 bonam.
1012 1056 1183 1146 utraque·-

215 1166 262 1232 vis
277 1176 429 1253 procurat
444 1161 598 1229 salutem:
619 1161 672 1230 illa
687 1163 835 1250 quidem,
854 1162 1008 1255 supplicio
1027 1168 1158 1256 castigaris.

216 1255 344 1339 domina
365 1259 460 1338 :haec
485 1260 579 1347 vero,
609 1293 668 1360 per
689 1272 938 1340 beneficentiam
967 1277 1153 1351 commodans,

215 1381 369 1450 benefica.
388 1381 426 1447 ld
440 1396 516 1447 vero
538 1379 683 1469 expedit,
705 1371 740 1445 iit
758 1381 935 1448 desinentes
952 1381 1008 1448 lilii
1022 1384 1115 1452 insted
1131 1387 1144 1473 γ’

212 1511 300 1568 esse,
324 1505 520 1557 transeamus
538 1514 555 1556 a
574 1490 716 1556 'tenebris
732 1490 772 1556 ad
795 1491 910 1568 vitam,
932 1504 1064 1557 etaures
1081 1493 1131 1582 sap'
1163 1489 1169 1508 ‘

212 1594 420 1676 adhibentes,
439 1600 543 1688 primo
557 1596 687 1688 legitimi
699 1598 757 1664 Dei
775 1600 875 1675 servi,
894 1599 970 1666 dein
980 1601 1134 1689 ejusdcmli

210 1707 319 1776 famuli
343 1708 473 1784 fiemus,
501 1706 648 1774 timentes
667 1707 838 1774 Dominum
869 1709 984 1775 Deum.
1012 1711 1132 1790 Quodsi
1168 1709 1174 1724 '

161 1861 167 1874 -
210 1817 343 1884 ulterius
369 1817 565 1891 ascenderit,
589 1816 725 1881 refertur
747 1817 779 1882 in
800 1840 970 1884 numerum
987 1817 1115 1885 liliorum.
1130 1819 1181 1884 nc

207 1946 303 2014 quam
329 1938 461 1992 autem«
484 1923 620 1990 charitas
645 1925 806 2013 operuerit
830 1924 1065 1994 multitudinem
1083 1939 1179 2016 peceat)

208 2059 301 2102 »rum
318 2033 350 2110 ²,
366 2063 379 2096 t
396 2037 495 2100 heatae
512 2033 578 2122 spei
596 2033 887 2110 consummatione,
914 2033 988 2101 licet
1014 2047 1085 2100 tunc
1097 2045 1195 2114 estut

204 2141 359 2210 charitate
380 2143 557 2232 suscipere,
582 2139 717 2207 relatum
733 2142 766 2206 in
783 2140 918 2208 electam
934 2141 1068 2209 liliorum
1086 2140 1174 2228 adoptiv-

204 2277 297 2330 nem,
312 2275 383 2342 quae
399 2251 456 2318 Dei
467 2262 578 2316 vocate
593 2261 641 2316 est
656 2250 778 2326 amice,
796 2252 862 2340 jam
880 2265 991 2318 votmn
1007 2255 1171 2324 coneum

203 2363 363 2428 dicentem
381 2385 388 2426 :
408 2359 459 2426 Sit
470 2359 545 2423 miti
556 2358 706 2424 Dorulaus
718 2359 750 2424 t'n
763 2358 873 2425 Deum.
896 2361 987 2450 Legis
1002 2351 1179 2426 autemid·

201 2471 356 2546 centiam,
373 2493 431 2559 per
442 2491 516 2534 eum
536 2465 660 2544 locum,
677 2469 710 2533 in
728 2491 791 2556 quo
807 2470 957 2557 egitcum
974 2469 1097 2542 Judeis,

199 2578 279 2643 ravit
297 2569 484 2666 Apostolus,
500 2571 545 2646 sic
560 2577 725 2642 scribens:
750 2577 810 2644 «si
832 2588 867 2642 tu
885 2591 993 2644 autom
1010 2579 1118 2644 tudun

197 2685 411 2761 meminoris,
429 2697 461 2750 et
480 2685 513 2750 in
531 2685 614 2773 Lege
634 2685 818 2773 requiescis,
838 2686 920 2752 etin
938 2687 1005 2752 Deo
1022 2683 1152 2774 gloriaris.

198 2794 394 2883 »cognoscis
407 2791 603 2859 voluntatem
625 2793 702 2868 Dei,
725 2804 757 2858 et
779 2794 895 2882 probas
923 2793 1082 2862 utiliorain

197 2927 275 2992 »per
293 2896 434 2992 Legem,
458 2913 491 2967 et
513 2901 646 2966 conlidis
666 2901 802 2992 teipsum
823 2925 891 2968 esse
915 2904 1028 2972 ducem
1049 2915 1179 2966 cotem»

196 3011 326 3078 »lumen
342 3033 473 3087 eorum,
491 3011 546 3098 qui
559 3010 676 3075 suntin
692 3010 851 3086 tenebris,
876 3013 1066 3103 eruditorem
1079 3003 1178 3091 incip*

193 3122 296 3186 »tium
307 3173 316 3196 ‚
327 3109 524 3210 'magistrum
541 3110 734 3194 infantium,
752 3119 924 3186 habentem
939 3121 1068 3186 formam
1085 3107 1175 3180 stiffi

196 3241 249 3293 »ct
260 3230 397 3294 veritatis
414 3229 446 3294 in
464 3228 548 3317 Lege
561 3227 585 3291 ⁸.
603 3256 616 3288 ι
636 3229 711 3293 Haec
722 3227 808 3293 enim
824 3251 915 3317 posse
930 3228 1060 3317 Legem,
1076 3206 1184 3289 cstffl'

192 3338 458 3414 controversiam
480 3336 603 3402 etiamsi
616 3337 637 3400 ii
650 3386 659 3411 ,
671 3337 830 3423 quiritem
840 3331 1179 3426 exLegcnoninstilffla

193 3470 226 3510 se
239 3460 390 3534 tanquam
410 3446 442 3510 in
463 3442 735 3532 Legc·glorientur
753 3445 880 3510 vivere:
901 3447 1041 3512 «Beatus
1053 3452 1121 3505 esta

191 3554 278 3629 svis,
296 3555 352 3643 qui
373 3553 492 3620 invenit
507 3553 692 3641 sapientiam
710 3563 765 3617 :et
790 3551 951 3629 mortalis,
974 3553 1023 3640 qui
1042 3547 1109 3614 sidit
1123 3557 1183 3629 pn·

190 3663 361 3728 »dentiem
390 3664 437 3730 Ex
451 3685 507 3726 ore
519 3673 624 3728 nutem
645 3661 757 3751 ipsius,
781 3661 935 3746 sapientie
955 3661 1074 3730 scilicet,
1092 3641 1178 3738 ἰώ

189 3771 388 3859 »egr-editur,
406 3770 506 3861 legem
516 3783 625 3838 autem
636 3770 923 3838 etmisericordiarn
935 3771 990 3838 fert
1002 3770 1030 3834 in
1044 3753 1174 3848 lingffl'·'

214 3916 222 3940 ¹
232 3917 465 3982 l'ruv.xxrnr,5.-'
475 3916 863 3985 1Pet.iv,8.·-⁸Rom.11‚⁴17,18,
875 3887 1176 3984 19,ao.-⁴l²rot.1¹¹2¹¹t'‘'
