2382 4592
207 275 267 318 aro
521 275 694 325 cussanus
721 279 925 324 snrxrrnnrsr
1172 297 1174 358 t

203 397 314 462 »nimo
328 417 461 484 corpore
474 408 670 474 extractum,
685 397 772 464 haud
787 399 860 465 satis
875 411 989 466 castum
1000 400 1094 468 donum
1109 403 1152 470 tte
1172 363 1174 446 l

204 504 298 570 »Jarn
318 504 437 570 serrum
455 515 488 569 et
512 527 553 569 aes
573 517 646 570 sunt
667 506 875 573 instrumenta
893 506 1042 574 bellorum.
1060 511 1153 596 lignus

205 625 332 678 »autem
358 611 581 700 quodcumque
603 613 671 701 quis
694 613 828 679 voluerit
846 641 908 681 uno
928 639 946 681 e
962 613 1035 704 ligno
1053 595 1152 688 dedico.

206 721 364 808 »itemquo
379 719 539 810 lapideum
559 721 592 787 in
607 721 731 810 templis
754 724 1005 788 communibus.»
1023 723 1152 813 lleritoop

204 830 236 895 in
251 853 364 919 magna
380 829 512 919 epistola
527 853 535 894 :
548 857 561 889 ι
572 829 609 896 ld
625 854 761 918 namque
777 831 864 896 nullo
878 844 968 921 pacto
982 831 1152 919 rerbiserpn'n'

203 949 327 1026 »potest
342 937 612 1025 quemadmodum
626 950 747 1004 caeterae
764 938 932 1028 disciplinae
946 964 953 1003 :
967 940 1018 1003 sed
1027 939 1152 1003 ordinans

203 1045 310 1112 »circa
326 1045 359 1110 id
374 1046 479 1134 ipsum
500 1046 730 1112 consuetudine
754 1047 885 1134 ritaeque
908 1045 946 1111 ad
961 1047 1051 1135 ipsun
1063 1048 1151 1132 conjur-

204 1153 332 1229 »tione,
350 1154 455 1218 subito
470 1152 599 1218 tandem
613 1155 700 1240 quasi
717 1157 755 1220 ab
775 1155 847 1243 igne
866 1155 997 1220 micante
1011 1153 1151 1218 lumcnreil-

205 1285 303 1352 sgens
322 1261 355 1326 in
378 1261 481 1328 animo
496 1261 561 1350 jam
576 1262 709 1351 seipsam
724 1261 788 1326 alit.
803 1291 816 1323 ι
847 1263 960 1328 Annon
977 1261 1038 1328 baeo
1048 1261 1151 1326 suntaii

205 1368 246 1437 lia
262 1371 299 1436 iia
314 1393 383 1458 quae
396 1370 479 1436 dicta
498 1380 571 1436 sunt
590 1370 776 1459 apropbeta
793 1371 974 1459 sophonia?
989 1373 1044 1436 «Et
1054 1371 1149 1457 rannpd

204 1500 278 1542 »me
298 1477 446 1565 spiritus,
468 1489 500 1542 et
522 1477 647 1543 sustulit
665 1479 698 1544 in
717 1479 865 1566 quintum
891 1477 1019 1554 cmlum,
1033 1490 1148 1544 etontm

202 1573 336 1674 »plabar
357 1577 495 1673 Angelos
517 1586 570 1673 qui
589 1586 720 1682 Domini
739 1589 949 1662 vocabantur,
964 1599 996 1652 et
1013 1586 1145 1650 dirdmo

203 1717 298 1760 trum
315 1693 500 1781 impositum
514 1694 548 1760 in
559 1706 669 1760 sancto
681 1695 817 1782 Spiritu
837 1706 871 1760 et
894 1708 959 1764 erat
979 1695 1056 1760 sedes
1071 1693 1142 1758 urse

204 1803 340 1892 »jusque
355 1825 472 1888 *eorum
498 1801 642 1891 septuplo
666 1803 769 1891 major
788 1801 860 1868 luce
884 1802 956 1868 solis
977 1797 1143 1872 orientium}

204 1923 330 1978 stantes
344 1910 377 1976 in
389 1907 514 2000 templis
530 1909 655 1986 salutis,
672 1922 705 1976 ot
720 1909 883 1978 laudantes
899 1913 999 1978 Deum
1018 1905 1145 1976 nenda.

204 2013 466 2086 »altissimum¹.s

256 2128 405 2193 «Patrem
431 2121 517 2192 onim
538 2139 570 2192 et
591 2126 776 2194 effectorem
794 2127 890 2219 hujus
917 2129 1055 2204 unlrersi‚
1071 2124 1147 2188 ιιίιιι

204 2235 295 2300 »nire
310 2246 358 2300 est
375 2233 522 2310 difficile,
545 2246 577 2300 et
598 2259 673 2300 cum
687 2237 864 2314 inveneris,
891 2250 927 2302 ut
950 2237 1027 2328 apud
1038 2226 1147 2299 onrado
1173 2267 1174 2270 ι

205 2343 353 2432 »quaris,
368 2343 479 2430 nequit
491 2341 569 2408 lieri.
585 2341 698 2408 Verbis
711 2345 797 2410 enim
808 2345 939 2411 minime
953 2343 1074 2433 explicari
1083 2347 1147 2427 ΡΜ,
1172 2381 1174 2430 3

205 2465 262 2516 »ut
281 2451 347 2518 aliae
366 2450 586 2540 disciplima
603 2452 668 2518 veri
682 2453 804 2520 amicus
827 2454 904 2520 dicit
924 2454 1016 2520 Plato.
1031 2443 1147 2520 leuetur
1172 2443 1174 2538 l

203 2560 346 2626 audierat
375 2557 461 2646 quod
492 2559 739 2649 sapientissimus
768 2560 870 2626 bloses
886 2573 1031 2637 ‚montem
1054 2543 1174 2624 aarnffll

203 2690 261 2756 per
287 2677 430 2732 sanctam
451 2665 778 2755 contemplationem,
798 2669 838 2734 ad
859 2669 1010 2760 fastigium
1029 2680 1149 2746 eonntv

205 2773 427 2864 percipiuntur
438 2773 668 2863 intelligentia,
685 2776 863 2842 necessario
875 2776 1055 2866 probibetne
1064 2785 1149 2854 totnpr
1173 2855 1174 2864 ἵ

205 2871 298 2972 pulns
320 2905 429 2948 secum
454 2883 615 2948 ascendat.
639 2885 681 2948 Et
704 2884 830 2972 quando
859 2885 936 2952 dicit
956 2875 1149 2972 scriptur-aul*
1172 2867 1174 2988 l

206 3013 352 3080 »gressus
369 3001 417 3055 est
437 3001 544 3056 autem
568 2989 669 3056 Moses
690 2991 725 3057 in
744 2991 912 3082 caliginem
934 2995 985 3059 ubi
1008 3002 1060 3057 orat
1074 2989 1147 3054 bstu'
1173 3017 1174 3060 t

204 3091 267 3165 boo
288 3097 485 3188 signifieat’'
465 3122 503 3163 ns
526 3099 581 3186 qui
603 3111 736 3188 possunt
756 3099 949 3190 intelligere,
969 3102 1054 3167 Deum
1071 3108 1174 3168 necat

203 3204 449 3296 aspectabilem,
469 3229 532 3272 nec
551 3207 656 3272 verbis
675 3231 768 3296 posse
787 3210 955 3276 enuntiari.
977 3209 1068 3295 Caligo
1083 3213 1150 3268 auten

206 3308 327 3381 scilicet
352 3313 520 3409 hominum
543 3313 753 3403 plurimorum
779 3317 979 3385 incredulitas
1002 3329 1028 3382 et
1048 3295 1174 3402 ignonfitl

208 3415 367 3516 splendori
379 3421 517 3487 veritatis
529 3423 660 3488 omnino
673 3423 783 3490 officit.
800 3427 842 3490 Et
852 3451 960 3492 rursus
971 3413 1174 3532 Orpheustto
1172 3441 1174 3484 ι

208 3522 297 3619 logos
312 3553 387 3596 cum
402 3552 441 3594 ex
455 3552 494 3594 eo
508 3530 637 3619 adjutus
659 3531 806 3609 dixisset,

248 3656 331 3714 Unus
346 3656 496 3735 perlectus
511 3675 565 3736 per
576 3675 626 3730 se,
643 3675 680 3716 ex
694 3676 755 3717 uno
773 3660 876 3718 omnia
892 3662 975 3731 facta,

210 3782 282 3848 aut,
298 3747 392 3850 nato,
408 3798 483 3840 nam
499 3775 543 3840 sic
558 3798 684 3864 qnoque
699 3771 849 3844 scribitur
863 3801 871 3843 :
885 3776 1051 3868 subjungit:

165 3904 169 3914 ⁸
245 3917 251 3944 ¹
265 3922 359 3972 Textor
367 3923 410 3973 itte
420 3939 451 3972 ex
458 3923 607 3990 apocryphis
616 3923 760 3974 desumitur.
