2532 4608
400 278 590 327 srmatruu
611 279 672 323 tra.
698 279 755 324 ru.
1025 259 1092 350 569

59 406 152 476 etiam
178 399 354 492 intelligent
380 398 650 490 quemadmodum
677 398 800 466 dictum
826 399 866 465 sit
889 422 907 465 a
927 397 1092 468 Domino:

60 515 165 581 Estote
180 524 214 578 at
221 523 308 598 poter
317 521 412 576 vester
420 506 546 600 perfecti
555 507 579 583 ¹,
594 509 725 598 perfecte
734 519 868 596 peccata
883 508 1093 590 remittentes,

59 635 94 688 et
108 633 241 710 acceptat
255 619 380 709 injuriae
394 616 633 692 obliviscentes,
656 627 688 680 et
703 616 842 682 virentes
860 617 893 682 iu
907 616 1019 684 habitu
1034 619 1097 684 im-

60 729 264 821 patibilitatis.
288 729 378 796 Siout
398 726 485 792 enim
511 723 689 814 perfectum
710 723 846 790 dicimus
863 726 1045 803 medicum,
1066 739 1100 796 et

61 839 236 928 perlectum
249 833 477 926 philosophum
491 857 500 900 t
513 833 575 909 ita,
589 844 624 898 ut
637 833 750 920 opinor
761 882 771 910 ,
781 833 962 922 perlectum
975 835 1101 901 Gnosti-

63 969 144 1016 cum.
163 946 230 1012 Sed
243 942 323 1011 nihil
338 965 378 1010 ex
388 943 457 1020 his,
474 942 534 1008 etsi
545 941 587 1007 sit
596 941 771 1008 maximum
782 991 791 1018 ,
803 943 974 1008 assumitur
988 943 1029 1010 ad
1040 943 1099 1010 Dei

61 1053 301 1122 similitudinem
321 1075 329 1118 ι
347 1049 534 1127 nonenim,
554 1060 592 1122 ut
607 1049 724 1127 Stoici,
741 1048 833 1118 valde
847 1051 942 1139 impie
962 1050 1099 1118 hominis

62 1175 95 1230 et
104 1163 160 1231 Dei
172 1161 320 1229 eamdent
330 1183 397 1226 esse
409 1159 545 1226 dicimus
556 1158 718 1226 virtutem.
733 1157 849 1224 Annon
858 1181 935 1248 ergo
945 1159 1099 1228 debemus

62 1295 130 1338 esse
141 1269 276 1362 perfecti
291 1319 300 1346 ,
318 1280 353 1333 ut
368 1265 435 1334 vult
448 1267 570 1333 Pateri’
592 1266 800 1355 Nequaquam
814 1266 900 1332 enim
913 1265 981 1332 lieri
997 1280 1103 1357 potest

66 1393 102 1446 ut
120 1380 159 1446 sit
178 1377 290 1466 aliquis
304 1375 462 1466 perlectus
479 1387 514 1441 ut
528 1386 576 1440 est
589 1375 676 1440 Deus
694 1397 703 1440 t
722 1371 790 1440 vult
804 1386 912 1440 autem
929 1376 1023 1441 Pater
1045 1399 1105 1444 nos

68 1489 110 1556 ita
125 1488 264 1554 viventes
286 1497 320 1550 ut
336 1484 522 1551 obediamus
545 1480 734 1571 Evangelio,
757 1481 914 1570 perlectos
933 1481 1002 1550 lieri
1023 1485 1104 1553 citra

65 1593 352 1684 reprehensionem·
370 1593 404 1660 Si
419 1614 495 1680 ergo
510 1613 586 1657 cum
600 1590 665 1656 hcc
679 1590 722 1657 ita
734 1591 776 1655 sit
793 1590 916 1656 dictum
931 1602 967 1656 ut
986 1591 1106 1682 aliquid

63 1699 255 1789 subintelligi
271 1701 406 1776 debeat,
424 1699 459 1764 id
475 1697 562 1787 quod
573 1697 662 1762 deest
680 1697 957 1774 subaudierimus,
981 1711 1019 1763 ut
1032 1721 1107 1768 sen*

66 1810 165 1874 tentia
187 1807 371 1896 suppleatur
390 1807 427 1872 iis
450 1805 505 1892 qui
523 1816 658 1894 possunt
674 1803 761 1892 quod
779 1803 888 1871 delicit
906 1788 1106 1896 intelligeret

67 1929 100 1983 et
116 1913 312 1982 voluntatem
331 1913 391 1980 Dei
405 1929 653 2001 cognoscemus,
667 1923 700 1976 et
717 1901 778 2001 pr‘o
798 1911 951 2001 dignitate
968 1917 1108 1984 mandati

66 2019 162 2090 simul
174 2022 228 2111 pie
243 2032 276 2086 et
290 2018 459 2109 magnifice
474 2019 627 2090 vivemus.
1049 2083 1052 2088 .

110 2128 184 2196 XV.
202 2129 362 2210 Quoniam
372 2140 478 2195 autem
487 2140 584 2194 restat
593 2151 681 2196 nunc
689 2140 724 2193 ut
735 2130 981 2218 respondeamus
993 2133 1030 2200 iis
1038 2154 1109 2222 quae

66 2265 85 2306 a
102 2239 222 2305 Graecis
239 2250 272 2305 et
287 2238 407 2304 tudaeis
423 2237 515 2303 nohis
531 2237 727 2324 objiciuntur
743 2261 752 2302 τ
769 2238 803 2303 in
822 2239 981 2306 nonnullis
1003 2255 1109 2310 autem

66 2348 325 2414 dubitationibus
344 2341 489 2412 similiter
506 2357 600 2434 atque
619 2346 779 2434 praediotis
797 2371 855 2413 nos
872 2351 1110 2438 reprehendunt

67 2481 142 2545 quas
163 2455 257 2523 aliam
276 2467 453 2544 sequuntur
468 2455 647 2521 doctrinam
662 2449 797 2522 haereses
815 2480 823 2522 ε
841 2473 944 2545 operae
960 2459 1112 2527 faciemus

65 2565 229 2653 pretium,
246 2566 271 2630 si
286 2565 374 2654 prius
390 2563 571 2653 expurgatis
587 2563 624 2628 iis
639 2586 709 2653 quoe
731 2565 764 2630 iu
779 2565 885 2631 medio
901 2579 994 2644 sunt,
1011 2571 1112 2658 parati

66 2674 110 2739 ad
118 2670 284 2739 solvendas
292 2670 506 2739 dubitationes
515 2673 773 2762 ,progrediamur
780 2673 821 2738 ad
828 2687 962 2761 sequens
970 2677 1109 2745 Stroma.

63 2783 213 2848 Primum
236 2803 311 2870 ergo
332 2783 395 2848 hoc
419 2782 568 2850 adversus
590 2804 648 2846 nos
672 2781 852 2857 adducunt,
878 2779 1020 2850 dicentes
1047 2804 1113 2853 non

67 2899 221 2977 oportere
232 2891 364 2956 credere
375 2903 505 2980 propter
522 2889 750 2955 dissensionem
764 2888 953 2958 haeresium:
967 2893 1114 2962 distrahit

64 2997 160 3064 enim
176 3019 234 3062 nos
250 3019 287 3062 ac
303 2998 449 3086 defatigat
465 2999 561 3064 ctiam
576 2999 642 3087 ipsa
659 2997 791 3074 veritas,
809 2999 886 3064 dum
898 2999 949 3066 alii
962 3000 1021 3068 alia
1033 3026 1115 3072 con-

62 3106 211 3172 stituunt
229 3104 386 3193 dogmata.
407 3105 531 3184 Quibus
545 3107 792 3194 respondemus,
808 3107 895 3194 quod
910 3119 943 3172 et
959 3111 1043 3198 apud
1058 3132 1113 3178 vos

61 3213 223 3289 Judoeos,
245 3224 278 3278 et
300 3213 385 3300 apud
407 3233 461 3276 eos
484 3213 539 3300 qui
560 3214 643 3278 inter
665 3215 793 3281 Graecos
813 3214 900 3279 suere
921 3217 954 3281 in
977 3221 1114 3288 maxima

61 3321 307 3388 existimatione
320 3318 548 3408 Philosophus,
569 3321 656 3386 suere
671 3320 816 3411 plurimae
831 3323 965 3390 haercses
984 3351 992 3392 ε
1011 3349 1114 3418 neque

62 3442 184 3496 tamen
205 3429 277 3494 ideo
298 3427 508 3495 dubitandum
531 3451 600 3494 esse
620 3429 723 3496 dicitis
739 3430 816 3517 quin
832 3431 871 3495 sit
887 3433 1115 3525 philosophans

62 3534 173 3611 dum,
190 3545 244 3600 aut
258 3532 401 3599 Judaicae
416 3532 603 3598 haerendum
620 3533 809 3622 disciplinae,
822 3550 952 3624 propter
963 3563 1032 3608 eam
1045 3567 1114 3631 quae

57 3650 124 3705 ost
146 3639 229 3704 inter
251 3661 284 3704 se
310 3650 485 3705 vestrarum
512 3635 739 3704 dissensionem
765 3645 932 3706 sectarum.
959 3645 1113 3716 Praeterea

56 3757 186 3816 autem
201 3747 269 3814 sore
285 3760 321 3813 ut
334 3749 367 3820 in
380 3746 511 3814 veritate
523 3747 720 3821 seminentur
731 3746 882 3828 hareses,
899 3750 1031 3822 velutin
1046 3757 1118 3824 ssu..

115 3893 126 3919 ¹
142 3897 272 3960 Martha,
289 3901 330 3960 48.

213 4009 253 4050 tv.
965 3995 1006 4068 ad
