2614 4628
140 451 545 585 SANCTUS
598 451 1020 602 CLEMEN&

215 717 511 798 PRESBYTER
536 714 945 804 ALEXANDRINUS.

399 916 521 1003 (cinca
539 937 646 982 suurn
663 938 736 1002 ²¹7·
754 920 764 1004 )

490 1113 683 1164 GRAECUS.

386 1281 780 1315 u--a-*OQ———un

113 1423 205 1488 Titus
216 1415 367 1489 Flavius
379 1415 551 1505 Clemens,
566 1421 683 1516 patria
697 1413 925 1488 Atheniensis
945 1417 1000 1516 (S.
1018 1422 1097 1516 Epi·

70 1527 167 1624 phan.
181 1531 321 1597 Haeres.
341 1524 406 1612 32,
422 1533 465 1596 n⁰
481 1525 542 1622 6),
555 1525 625 1612 vel,
640 1540 682 1596 ut
698 1521 759 1595 alii
781 1525 923 1613 volunt,
942 1527 1095 1599 Alexan·

69 1637 198 1722 drinus,
215 1660 259 1705 ex
281 1634 431 1705 ethnico
450 1632 671 1732 philosopho
693 1633 923 1721 christianus,
938 1636 1097 1708 multum
1174 1643 1177 1648 ’

72 1739 337 1812 humanioribus
355 1739 501 1826 litteris,
523 1737 827 1838 philosophiaque
847 1745 1002 1836 maxime
1020 1743 1095 1815 Pla-

75 1853 194 1934 tonica,
201 1845 817 1946 sacrarumqueimprimisdootrina
828 1853 1095 1948 Scripturarum

79 1961 222 2029 emicuit,
248 1961 432 2050 Quantam
461 1957 499 2026 in
527 1955 700 2029 discendo
729 1982 854 2030 curam
887 1958 1095 2034 adhibuerit

84 2066 283 2133 Suomanim
301 2065 409 2133 initio
432 2064 510 2160 ipse
532 2075 683 2135 testatus
700 2079 773 2151 est,
795 2089 877 2137 cum
901 2064 1033 2137 referat
1055 2091 1093 2138 se

83 2167 215 2239 duobus
230 2171 399 2266 magistris
416 2193 541 2258 usum,
559 2194 635 2240 uno
652 2167 802 2268 quidem
822 2193 866 2240 ex
880 2171 1093 2269 coelesyria,

76 2277 181 2349 altero
190 2293 304 2351 autem
316 2305 360 2351 ex
369 2283 523 2377 AEgypto
537 2277 720 2364 oriundis,
731 2303 889 2374 quorum
902 2287 1093 2377 posteriori

73 2392 215 2461 maxime
228 2389 426 2478 «adhaesit,
444 2404 574 2486 utpote
593 2391 658 2486 qui
672 2401 846 2485 tanquam
862 2389 980 2460 Sicula
995 2395 1093 2488 apis,

69 2530 84 2562 r
99 2495 292 2597 prophetici
309 2514 346 2570 et
360 2497 549 2598 apostolici
565 2501 659 2596 prati
670 2493 779 2568 flores
794 2494 1003 2594 decerpens,
1019 2503 1091 2570 sin·

67 2637 81 2670 r
98 2632 209 2680 ceram
232 2607 431 2705 quamdam
446 2622 482 2678 et
498 2609 749 2703 incorruptam
776 2608 1022 2702 cognitionem
1042 2613 1092 2681 in-

65 2743 79 2774 u
95 2729 276 2810 generaret
287 2739 417 2785 eorum
431 2714 494 2812 qui
507 2711 702 2784 audiebant
713 2715 853 2784 animis.
863 2711 1028 2808 »(Strom.
1044 2717 1089 2814 1.)

105 2822 294 2894 Ultimum·
307 2837 429 2893 autem
457 2819 565 2892 illum'
588 2843 697 2917 quem
719 2821 758 2890 in
781 2823 932 2918 AEgypto
963 2821 1089 2896 audire

64 2927 296 3020 perseveravit
309 2928 537 3023 magistrum,
546 2930 753 2996 Pantaenum
768 2922 876 2996 fuisse
889 2925 999 3024 vulgo
1011 2953 1089 2999 cre-

63 3031 150 3105 ditur
162 3033 310 3132 (Euseb.
327 3039 433 3120 Hist,
444 3059 477 3105 v.
498 3033 570 3130 11),
582 3037 646 3132 qui
663 3033 863 3106 christianae
880 3041 916 3107 in
932 3036 1088 3108 Alexan-

61 3138 131 3212 dria
147 3140 279 3213 scholae
298 3155 468 3239 praeerat,
482 3155 517 3210 et
534 3164 554 3211 a
574 3143 760 3211 Demetrio
778 3144 952 3239 episcopo
971 3146 1010 3213 in
1028 3143 1087 3215 In·

10 3305 11 3318 ,
59 3243 148 3317 diam
169 3251 302 3320 missus
326 3263 392 3320 est.
411 3247 527 3342 Hujus
546 3249 584 3317 in
605 3245 739 3318 celebri
763 3247 824 3317 illa
849 3242 973 3318 schola
993 3254 1087 3323 vices

60 3361 208 3454 suscepit
227 3357 416 3443 Clemens,
434 3355 673 3454 sacerdosque
692 3371 924 3428 consecratus
940 3357 1085 3456 honori-

60 3461 164 3535 ficum
184 3465 277 3538 illud
296 3465 344 3537 ab
362 3463 567 3539 Alexandro
585 3465 916 3560 Hierosolymitano
932 3470 968 3539 in
987 3474 1085 3568 epis·
1163 3551 1167 3562 ‚

60 3569 124 3641 tola
134 3569 181 3641 ad
200 3571 398 3645 Ecclesiam
414 3571 679 3643 Antiochenam
692 3575 941 3644 testimonium
952 3574 1085 3650 habere

60 3683 200 3750 meritus
222 3693 299 3750 est:
329 3711 346 3748 u
367 3685 480 3750 Porro
500 3678 565 3750 has
593 3679 731 3750 litteras
757 3683 920 3769 Domini,
941 3681 1083 3775 fratres,
1204 3731 1205 3738 κ

61 3813 74 3848 ι
91 3811 154 3884 per
165 3787 315 3860 beatum
333 3787 587 3890 presbyterum
602 3787 835 3877 Clementem,
853 3788 897 3860 ad
913 3817 976 3863 vos
993 3798 1084 3883 misi,
1208 3850 1211 3859 .

59 3901 200 3970 »virum
224 3904 360 3973 virtute
381 3897 572 3998 praeditum
596 3913 631 3971 et
650 3895 865 3997 probatum,
888 3929 998 4000 quom
1021 3931 1084 3977 vos
