2546 4614
137 322 200 402 ltin
542 346 566 386 s.
594 344 766 388 scurronum

140 491 153 524 s
168 461 258 549 aquis
273 459 413 526 multis'.
436 490 449 522 ι
468 462 622 541 Quanam
636 462 722 528 vox?
739 489 753 522 ι
768 461 831 528 llic
845 473 898 526 est
912 459 1019 526 Filius
1034 473 1117 526 mem
1129 463 1170 526 tli-

141 601 154 634 ι
169 569 271 638 lectus
286 574 319 638 in
334 597 397 662 quo
420 574 607 662 complacui.
621 603 635 638 ι
660 575 721 640 llic
740 576 863 662 estqui
885 573 1026 663 Josepbi
1043 575 1173 638 nomim-

142 693 194 750 tus
219 695 268 748 est
286 681 383 760 lilius,
402 696 433 750 et
454 707 543 750 meus
563 695 612 748 est
629 684 813 772 unigenitus
835 683 1026 749 secundum
1052 679 1174 748 divinem

142 791 321 858 essentium.
339 792 398 856 llic
412 804 459 856 est
473 789 573 858 Filius
589 814 679 856 meus
699 791 836 858 dilectus
856 816 865 856 :
887 794 1038 857 esuriens
1053 791 1119 866 ille,
1130 793 1176 880 qni

143 901 308 968 innumero
323 899 376 968 alit
390 900 486 966 millia
502 923 510 964 :
528 900 689 990 laborans,
701 901 854 990 idemque
870 925 1029 969 merenas
1043 902 1177 968 laborm

143 1023 213 1079 tes:
228 1037 291 1078 non
302 1011 421 1078 babens
433 1012 488 1076 ubi
502 1025 599 1100 caput
610 1011 744 1080 reclinet
759 1036 854 1078 suum
863 1012 889 1090 ²,
901 1025 939 1079 et
953 1015 1068 1080 omnia
1079 1039 1175 1103 genem

145 1120 261 1188 manu⁸
275 1143 283 1186 t
298 1121 350 1208 qui
366 1121 497 1209 patitur,
513 1134 546 1186 ct
560 1123 708 1188 omnibus
723 1123 875 1189 medetur
889 1123 1096 1210 passionibus
1108 1147 1117 1186 ε
1129 1125 1176 1210 qui

145 1233 275 1300 caeditur
284 1230 425 1320 colaphis
435 1229 459 1308 ⁸,
472 1243 506 1296 et
516 1232 675 1298 mundum
686 1231 787 1298 donat
797 1231 966 1299 libertate:
981 1235 1039 1321 qui
1049 1235 1081 1300 in
1090 1233 1173 1300 latere

147 1343 323 1432 percutitur
334 1340 359 1418 ⁸,
374 1355 406 1406 et
423 1340 504 1408 latus
520 1341 632 1408 Adami
647 1344 789 1432 corrigit.

188 1451 273 1521 Vlll.
290 1451 353 1518 Sed
367 1465 523 1527 mentem,
532 1476 653 1540 quaeso,
665 1453 745 1518 mihi
757 1467 913 1519 accurate
925 1455 1082 1520 intendite
1088 1480 1098 1528 ;
1111 1453 1169 1520 rulo

144 1563 229 1628 enim
244 1583 409 1628 recurrere
423 1560 464 1627 ad
479 1560 600 1626 fontem
616 1561 705 1638 vitae,
729 1573 764 1627 et
781 1561 904 1628 fontem
923 1562 1062 1629 medelas
1074 1575 1163 1628 scatu-

144 1674 281 1739 rientem
292 1668 511 1759 contemplari.
534 1669 626 1736 Pater
642 1669 892 1738 immortalitatis
904 1671 1098 1738 immortrlau
1106 1670 1152 1735 l'i-

145 1785 227 1851 lium
239 1806 279 1850 tte
292 1781 434 1850 Verbum
454 1781 488 1846 in
504 1778 661 1846 muudum
682 1781 788 1856 misit,
805 1782 860 1869 qui
879 1784 973 1846 venit
989 1782 1030 1848 ad
1040 1781 1161 1846 bonine

147 1894 271 1962 loturus
280 1915 336 1958 eos
348 1913 428 1978 aqua
439 1902 472 1956 et
484 1890 616 1979 Spiritu,
626 1903 661 1956 et
672 1904 921 1980 regeneraturus
934 1893 978 1957 ad
990 1893 1098 1958 anima
1108 1914 1170 1956 cor-

147 1999 1171 2094 ponisqueincorruptibilitatem,inspiraritinnosSpiiitumrits,

148 2128 181 2182 et
192 2110 426 2200 incorruptibili
441 2121 600 2176 armatura
613 2134 671 2177 nos
682 2112 796 2178 induit.
813 2111 848 2177 Si
860 2112 961 2202 igitur
971 2113 1070 2178 bomo
1085 2111 1175 2177 neus

148 2221 333 2291 immortalis
344 2234 405 2297 est,
421 2222 505 2288 Deus
521 2221 617 2288 otiam
628 2222 688 2286 erit
698 2220 722 2285 ⁸.
737 2222 771 2288 Si
784 2245 860 2288 vero
875 2246 936 2311 per
947 2235 1106 2312 aquamet
1116 2222 1175 2310 Spi

149 2337 246 2401 ritum
261 2345 435 2400 sanctuma
448 2333 685 2421 regeneratione
699 2354 739 2398 ex
754 2330 881 2398 lavucro
898 2335 988 2402 Deus
1000 2333 1051 2409 lit,
1063 2356 1176 2422 compe

151 2444 251 2508 rietur
262 2443 357 2508 etism
369 2453 442 2532 post
456 2439 719 2506 resurrectionem
731 2443 897 2507 emortuis
910 2442 1057 2509 cobaeres
1073 2443 1174 2508 Christi

152 2578 221 2620 esse
230 2552 252 2618 ⁷.
265 2553 365 2642 lgitur
376 2553 529 2640 praeconis
540 2573 618 2618 voce
629 2551 811 2641 proclamo:
823 2551 953 2628 Venite,
964 2577 1079 2620 omnes
1090 2555 1174 2620 tribus

152 2662 306 2752 gentium,
320 2661 361 2726 ad
373 2662 570 2749 baptismatis
589 2659 870 2728 immortalitatem.
887 2662 1002 2729 Vitam
1020 2663 1169 2749 vobisqu'

153 2772 185 2836 in
205 2770 388 2858 ignorantia
408 2768 542 2859 caligine
560 2772 672 2837 versati
690 2771 797 2838 adhue
816 2773 904 2849 estis,
923 2773 1037 2840 fausto
1054 2771 1164 2863 sigito

154 2881 277 2948 nuntio.
299 2879 412 2947 Venite
428 2902 468 2944 cx
484 2881 634 2946 servitute
649 2881 682 2948 in
700 2880 894 2958 libertatern,
908 2905 948 2948 ex
963 2884 1133 2971 tyrannide
1143 2879 1177 2944 al

154 3013 305 3079 regnum,
328 3011 367 3056 ex
388 2990 593 3079 corruptione
615 2989 656 3056 ed
678 2989 1030 3080 incorruptibilitatem.
1056 2996 1097 3060 Et
1116 3013 1180 3079 quo

154 3099 265 3173 modo,
281 3097 396 3187 inquit,
413 3097 602 3164 veniemus?
617 3097 816 3177 Quomodo?
831 3124 890 3188 per
904 3123 1025 3188 aquam
1040 3113 1075 3166 et
1093 3099 1182 3188 Spiri-

155 3223 224 3276 tum
240 3219 395 3274 sanotum.
421 3211 497 3276 llaec
518 3220 668 3296 estoque
691 3231 765 3275 eum
786 3193 909 3299 Spiritu
926 3213 1115 3298 conjuncta,
1129 3233 1183 3298 qu

156 3319 318 3408 paradisus
330 3319 462 3408 rigatur,
475 3332 557 3384 terra
569 3319 758 3408 pinguescit,
767 3320 1006 3386 incrementum
1017 3320 1132 3411 planta
1141 3343 1188 3386 ta·

157 3429 262 3517 piunt,
278 3440 431 3516 generant
445 3424 604 3501 animalia,
621 3438 715 3515 utque
738 3440 774 3492 ut
792 3429 899 3495 omnia
916 3431 1109 3519 compendio
1122 3452 1191 3494 am-

158 3542 291 3632 plectar,
305 3567 362 3631 per
372 3565 466 3630 quum
479 3551 681 3630 regeneratus
692 3529 790 3604 homo
802 3538 994 3616 vivificatur,
1009 3563 1073 3628 qun
1086 3539 1191 3604 chris·

159 3662 210 3716 tus
222 3653 397 3740 baptizatus
407 3662 467 3726 est,
479 3651 513 3716 in
524 3672 620 3738 quam
633 3647 767 3737 Spiritus
779 3659 908 3715 sanetus
920 3647 1083 3716 columbae
1094 3647 1190 3738 specie

160 3761 333 3828 descendit.

192 3923 200 3956 ¹
215 3921 278 3972 l’sal.
290 3937 358 3982 xxix,
370 3925 393 3973 5.
410 3951 440 3962 -
451 3923 462 3956 ²
474 3923 533 3972 Luc.
551 3941 585 3984 rx,
596 3924 635 3972 58.
646 3951 677 3962 --
689 3923 786 3973 ’llebn
805 3941 823 3983 t,
833 3923 857 3973 3.
868 3951 898 3960 -
908 3923 919 3956 ⁴
930 3923 1025 3972 blattb.
1038 3939 1112 3982 xxvi,
1123 3939 1184 3984 25.-

163 3999 260 4047 ⁵Joan.
273 4015 290 4056 ι,
303 3996 341 4054 54.
355 4025 385 4034 -
396 3997 405 4028 ⁶
418 4014 430 4045 π
444 3997 498 4048 Pet.
511 3998 563 4057 ι,4.
575 4025 606 4036 -
619 3997 628 4030 ⁷
639 3998 713 4047 Rom.
725 4013 781 4057 rin,
797 4013 834 4060 ¹7·
