2614 4628
223 236 290 312 ild
516 255 689 300 causaris
713 257 927 302 ruminamus

219 372 395 441 execrabile
413 375 574 440 scortandi
596 373 776 464 exemplum
791 399 809 440 a
824 375 884 442 diis
904 376 1083 464 capientes,
1102 375 1163 442 viri
1185 393 1283 442 eva·

219 484 308 550 daut.
322 485 387 551 Sed
398 477 437 550 en
448 485 507 552 diis
519 486 578 554 soli
590 487 672 554 sorte
683 485 815 554 maseuli
827 489 859 584 in
871 487 1205 560 reneremleruntur;

299 634 436 692 Foeminae
449 648 545 694 autem
555 636 617 695 deae
628 636 784 696 manebant
793 635 906 714 pudore
918 635 999 694 domi
1010 633 1143 711 singulae,

219 773 263 837 ait
278 773 449 849 Homerus,
466 775 645 841 verecunde
662 772 782 842 scilicet
796 775 1018 839 erubescentes
1033 770 1207 838 Venerem
1231 769 1280 833 vi·

219 883 294 949 dere
310 884 343 949 in
357 884 513 950 adulterio
529 886 769 976 deprehensam.
786 881 908 952 Verum
923 879 972 950 hae
987 882 1197 950 libidinosius
1218 881 1281 944 ad-

218 992 283 1059 hue
299 992 421 1071 vivunt,
439 1018 536 1084 seque
555 996 677 1062 dedunt
693 993 875 1061 adulteriis:
891 994 1012 1061 Aurora
1032 991 1168 1081 quidem
1190 1013 1280 1055 cum

217 1097 371 1178 Tithono,
382 1103 471 1169 Luna
489 1127 565 1171 cum
581 1104 795 1194 Endymione,
807 1105 916 1171 Nereis
933 1127 1007 1169 cum
1019 1098 1133 1175 AEaco,
1148 1099 1279 1164 Thetis

218 1233 293 1276 cum
315 1210 421 1289 Peleo,
443 1214 539 1280 Ceres
559 1239 634 1282 cum
653 1217 783 1292 iasone,
800 1213 986 1304 Proserpina
1002 1235 1077 1278 cum
1093 1210 1273 1278 Adonide.

217 1317 325 1386 Venus
336 1335 468 1410 propter
478 1321 611 1388 llartem
623 1324 761 1391 dedecus
777 1347 880 1414 pessa,
894 1323 1016 1388 transiit
1032 1321 1074 1386 ad
1086 1319 1274 1408 Cinyram,

218 1442 251 1495 et
262 1433 368 1521 nupsit
378 1433 538 1509 Anchises,
551 1446 584 1499 et
595 1434 721 1500 insidias
734 1433 854 1524 paravit
863 1431 1066 1506 Phaethonti,
1082 1442 1118 1495 et
1135 1430 1275 1496 Adoni-

218 1539 292 1607 dem
307 1544 432 1608 amavit.
452 1541 571 1609 Eadem
588 1567 664 1610 cum
678 1545 699 1611 J
702 1543 999 1618 unonecontendit,
1016 1551 1048 1606 et
1067 1563 1151 1606 eum
1177 1541 1273 1630 pomi

217 1653 315 1742 gratia
335 1654 401 1721 dese
415 1668 517 1721 vestes
535 1657 705 1733 exuissent,
718 1657 931 1745 permiserunt
947 1679 982 1720 se
997 1655 1119 1743 pastori
1139 1653 1274 1741 judiea-

218 1775 291 1828 turo
313 1787 459 1852 quaenam
478 1777 560 1832 esset
579 1789 620 1832 ex
641 1768 686 1832 eis
709 1765 852 1856 pulchra.
878 1765 946 1854 A'ge
961 1787 1049 1839 vero,
1077 1764 1273 1830 certamina

217 1896 345 1962 quoque
356 1885 458 1940 vestra
470 1875 578 1964 paucis
591 1879 755 1952 obeamus,
769 1898 807 1941 ac
818 1871 1008 1964 sepulcrales
1021 1873 1098 1937 istos
1112 1895 1274 1938 conven-

216 1994 280 2060 tus,
298 1985 461 2062 lsthmica,
484 1987 615 2064 Nemea,
637 1985 762 2076 Pythia,
780 1984 928 2074 Olympia
947 1983 1096 2072 denique,
1123 1983 1272 2072 dissipe-

215 2117 298 2160 mus.
313 2094 457 2182 Pythone
470 2097 611 2184 quidem,
623 2095 773 2186 Pythium
785 2097 957 2162 draconem
971 2105 1188 2170 venerantur,
1204 2117 1271 2158 ser

215 2205 382 2294 pentisque
404 2219 597 2274 conventum
619 2207 748 2273 nomine
767 2205 955 2295 Pythiorum
973 2191 1137 2269 indicunt.
1166 2201 1270 2292 Apud

215 2312 373 2381 Isthmum
390 2329 518 2395 autem,
544 2343 631 2385 mare
656 2319 833 2407 ejectitium
852 2341 891 2384 ac
913 2313 1092 2382 miserabile
1120 2315 1271 2382 cadaver

215 2426 341 2514 expuit,
361 2428 490 2515 jamque
517 2403 698 2496 Melicerten
717 2427 848 2494 Isthmia
867 2425 1090 2491 lamentantur.
1128 2425 1269 2492 Nemea

214 2533 370 2612 similiter,
388 2559 463 2603 cum
479 2536 576 2603 alium
594 2541 761 2627 pusionem
780 2537 1013 2605 Archemorum
1040 2532 1268 2624 sepelissent,

124 2643 131 2709 L
213 2643 311 2732 hujus
326 2644 501 2734 sepulcrale
513 2660 675 2715 certamen
694 2651 812 2717 Nemea
829 2658 1064 2736 nuncuparunt.
1079 2643 1159 2712 Pisa
1180 2669 1271 2734 quo-

214 2777 277 2842 que
288 2755 374 2842 apud
388 2779 456 2831 ros,
469 2781 488 2822 o
501 2757 687 2825 Graecorum
698 2784 797 2856 genus
809 2759 1003 2832 universum,
1016 2756 1139 2844 aurigae
1152 2755 1268 2844 Phry-

213 2863 256 2954 gii
275 2862 417 2932 tumulus
434 2879 503 2932 est:
519 2880 613 2957 atque
633 2868 795 2958 Olympia,
815 2866 879 2933 hoc
893 2879 943 2931 est
961 2862 1084 2954 Pelopis
1108 2864 1266 2941 inferias,

213 2975 382 3043 Phidiacus
396 2978 456 3044 sihi
472 2979 598 3071 Jupiter
611 2981 768 3046 vendicat.
782 2975 960 3046 Verisimile
976 2976 1072 3068 igitur
1086 2987 1154 3051 est,
1176 2999 1267 3064 mys-

213 3088 291 3154 teria
314 3101 429 3178 restra,
447 3091 530 3156 sicut
552 3093 647 3157 etiam
669 3087 811 3165 oracula,
835 3087 932 3154 luisse
952 3085 1131 3153 certamina
1157 3106 1266 3151 causa

213 3179 414 3265 mortuorum
426 3200 568 3266 instituta
581 3223 589 3264 ε
604 3211 636 3266 et
650 3200 720 3267 haec
731 3198 860 3287 quidem
872 3201 1005 3284 utraqu'e
1020 3192 1158 3284 publica
1173 3196 1266 3261 factu

214 3322 297 3374 sunt.
314 3311 393 3390 Quae
408 3333 503 3400 perro
519 3311 624 3401 Sagrae
636 3309 799 3398 mysteria,
815 3320 847 3375 et
859 3305 1020 3374 dlimunte
1035 3303 1156 3371 Atticae
1175 3330 1266 3396 pago

100 3417 107 3427 '
214 3416 427 3497 celebrantur,
451 3419 583 3487 Athenis
606 3418 846 3507 circumscripta
867 3429 942 3483 sunt
964 3439 1025 3481 :ea
1048 3437 1131 3480 vero
1154 3429 1267 3482 certa·

213 3529 298 3593 mina
312 3553 349 3596 ac
360 3530 472 3606 Phelli,
486 3554 556 3620 quae
566 3532 696 3598 Baccho
708 3542 948 3606 consecrantur,
958 3526 1265 3618 pessumdederunt

212 3638 376 3713 vitamet
398 3655 472 3739 sunt
493 3665 575 3732 pene
598 3643 693 3709 totius
718 3640 830 3708 mundi
853 3640 991 3706 dedecus
1014 3661 1052 3704 ac
1074 3641 1262 3725 probrum.

213 3749 358 3818 Bacchus
376 3753 462 3820 enim
481 3753 693 3824 descendendi
713 3754 755 3820 ad
774 3751 890 3820 inferos
905 3749 1061 3818 desiderio
1077 3745 1264 3840 flagrabat,
