2382 4592
358 257 546 308 errourrcu
569 261 630 306 tra.
655 259 698 306 rr.
987 243 1047 308 185

1 409 140 476 quoque
155 385 295 456 Eleatem
309 385 480 477 hospitem,
496 407 572 456 cum
584 397 666 452 esset
677 383 887 464 Dialecticus,
902 383 1048 456 Socrates

1 495 106 563 cem
133 493 326 572 nominavit,
347 492 479 585 «quales
501 505 575 561 armt
596 492 639 562 dii
662 492 799 562 externis
817 489 995 584 hospitibus
1011 496 1050 562 si-

1 599 139 681 tmileo,
158 602 261 692 quiin
276 601 372 670 urbes
388 602 552 670 ventitant.
569 599 707 684 Quando
724 601 812 672 euim
824 601 930 670 anima
951 615 1050 671 trans-

1 710 142 778 scendit
152 709 411 802 generationem,
426 721 460 778 et
473 733 532 802 per
544 710 704 790 soluerit,
722 721 756 778 et
776 731 852 779 cum
865 709 976 778 formis
993 733 1049 778 seu

1 818 105 886 »ideis
132 831 323 898 versatur.»
347 816 448 910 qualis
473 832 537 897 est,
570 819 624 909 qui
652 817 847 909 Coryphaeus
876 807 994 886 dicitur
1015 819 1048 886 in

1 926 196 1004 theaeteto,
211 928 238 995 ia
253 927 358 996 nctus
375 939 527 1019 tanquam
547 924 706 1020 Angelus,
725 927 786 994 erit
805 949 881 996 cum
899 924 1046 1004 Christo,

1 1045 32 1102 ot
45 1035 232 1103 versabitur
253 1037 288 1102 in
308 1033 595 1127 contomplatione,
619 1057 745 1125 semper
769 1034 828 1104 Dei
851 1032 1047 1104 voluntatem

1 1141 211 1214 considerans
225 1165 234 1208 ε
248 1165 358 1212 revera
368 1142 422 1213 bic

83 1287 180 1348 Solus
190 1285 342 1368 prudens,
354 1288 402 1349 isti
414 1287 541 1348 volitant
554 1285 637 1348 velut
648 1285 774 1346 umbre.

31 1437 120 1506 ortui
137 1437 225 1508 enim
242 1431 399 1530 sepeliunt
413 1447 557 1504 mortuos
571 1459 655 1506 sues.

47 1628 153 1698 Dum
172 1637 294 1695 autem
311 1626 430 1693 anima
450 1625 528 1693 Deo
548 1627 726 1720 pascitur,
746 1647 879 1736 corpus
897 1623 1047 1696 mortifi-

1 1732 149 1812 catione
160 1737 381 1811 domandum
398 1742 470 1810 cst¹
486 1763 495 1806 ε

44 1903 118 1972 «lem
134 1925 212 1970 vero
227 1901 375 1992 sapientis
388 1912 423 1970 et
438 1897 582 1968 Gnostici
598 1873 722 1974 anima,
735 1909 771 1962 ut
782 1919 853 1987 quea
864 1897 898 1964 iu
909 1919 1044 1988 corpore

3 2013 241 2102 peregrinetur,
252 2033 292 2077 eo
303 2031 411 2077 severe
427 2020 460 2076 et
478 2018 601 2074 austere
616 2004 736 2081 utitm,
751 2029 816 2072 nou
827 2006 861 2074 in
879 2007 983 2097 ipsum
998 2008 1045 2074 ni-

4 2119 98 2186 miam
116 2119 321 2187 affectionem
337 2116 510 2185 ostendeus
529 2125 584 2180 aut
599 2109 827 2202 indulgentiam
842 2137 852 2180 r
865 2125 901 2180 ut
917 2138 988 2204 que
1000 2117 1044 2226 git

4 2228 163 2319 evestigio
173 2225 323 2294 relictura
333 2219 599 2299 tubernaculum,
613 2220 824 2288 siexcedoudi
838 2233 872 2288 et
885 2223 1043 2312 migrandi

5 2345 127 2425 tempus
144 2358 217 2404 eam
229 2332 391 2403 vocaverit
408 2355 417 2398 ε
439 2330 616 2407 «Aduena,
633 2328 749 2416 inquit,
767 2331 886 2396 eumin
898 2343 1043 2409 terra,et

7 2445 190 2536 »peregrina
205 2465 277 2510 eum
287 2463 347 2533 ego
363 2437 577 2507 vobiscumt·
636 2435 765 2504 Electus
779 2436 877 2504 vitam
892 2439 956 2529 agit
969 2450 1042 2506 tan-

5 2573 95 2640 quam
117 2552 236 2642 hospes
251 2601 261 2628 ‚
277 2549 380 2618 sciens
394 2547 501 2616 omnia
516 2569 586 2614 esse
600 2543 810 2634 possidenda,
827 2556 860 2614 et
875 2544 949 2612 dein
964 2548 1042 2636 reji-

5 2659 111 2729 cienda
127 2681 137 2728 s
152 2681 363 2752 quecumque
375 2667 481 2726 autem
496 2655 580 2721 bono
595 2649 731 2742 triplicia
745 2675 814 2720 esse
829 2651 939 2722 volunt
949 2655 1040 2722 Peri-

4 2769 152 2855 patetici,
175 2766 221 2836 eis
236 2767 351 2842 utitur:
373 2763 548 2854 quinetiam
567 2781 722 2850 corpote,
742 2762 825 2828 sieut
850 2760 963 2851 aliquia
982 2765 1038 2853 qui

4 2875 110 2962 procul
120 2895 256 2966 peregre
269 2872 502 2965 proficiscitur,
515 2868 693 2940 diversoriis
708 2879 741 2934 et
751 2866 954 2948 habitaculis,
967 2895 1038 2962 quae

4 2981 75 3051 siin
95 2985 147 3052 via
174 2994 350 3051 occurrrmt
369 3005 378 3048 τ
398 2999 508 3048 curam
527 2975 659 3068 quidem
680 2999 792 3066 gerens
813 2978 910 3044 etiam
927 3001 1037 3047 rerum

7 3093 237 3162 mundanarum
251 3101 284 3158 ot
297 3087 359 3159 loci
371 3140 381 3168 ,
393 3087 426 3157 iu
438 3109 503 3178 quo
514 3085 690 3152 dissuatur
705 3105 713 3150 t
727 3083 958 3156 habitationem
978 3110 1037 3152 au-

6 3209 64 3266 tem
81 3214 115 3268 et
129 3198 380 3291 possessionem,
395 3196 477 3265 sicut
488 3195 584 3262 etiam
600 3213 715 3269 usum,
731 3189 933 3281 relinquens,
950 3194 1035 3262 nulla

5 3319 102 3376 motus
108 3305 349 3398 perturbatione
362 3328 371 3371 ε
384 3314 569 3394 promptoet
577 3298 672 3368 alacri
685 3300 792 3367 unimo
802 3323 877 3369 eum
886 3325 1032 3392 sequens,

6 3413 54 3500 qui
66 3439 86 3482 e
99 3416 163 3484 vita
181 3413 331 3489 abducit,
345 3409 433 3482 nulla
454 3410 621 3481 occasion
635 3431 670 3476 se
688 3431 829 3496 unquam
847 3421 935 3476 retro
952 3433 1033 3478 con-

6 3533 145 3590 vertensr
165 3522 209 3590 ob
227 3518 403 3590 incolatum
418 3517 549 3609 quidem
571 3536 667 3608 egeus
686 3516 818 3607 gratim,
843 3517 1033 3586 benedicens
1141 3507 1144 3512 ’

8 3639 105 3700 artem
124 3641 255 3722 propter
275 3627 415 3705 exitum,
439 3625 601 3696 celestem
616 3621 810 3716 amplectens
822 3626 1029 3698 mansionem.

42 3765 48 3790 ¹
63 3771 117 3835 Peg.
128 3765 181 3833 639
194 3777 217 3816 ct
228 3785 278 3834 seq.

39 3856 121 3910 'Gan
130 3875 213 3922 utu,
226 3862 241 3920 4
252 3875 259 3914 t
269 3853 334 3910 Parl-
344 3871 440 3921 mir,
459 3869 499 3906 ta.
