2570 4614
257 323 319 388 usto
567 337 742 382 cunururrs
768 337 978 382 rtnxsruuuur

254 460 347 550 gerit,
357 480 420 522 non
430 469 537 522 autem
545 467 593 521 est
603 455 699 522 etiam
711 455 796 521 deeo
808 453 1230 548 sollicitusllstenimprsstsa.

255 571 317 634 tius
329 566 415 656 quod
432 590 487 632 sua
508 578 620 655 sponte
637 565 779 654 prodest,
797 589 894 654 quam
909 565 995 654 quod
1010 591 1071 633 non
1087 591 1134 634 suo
1149 587 1228 660 sponte.

254 679 322 744 Deo
338 688 444 774 autem
460 673 540 741 nibil
557 686 606 740 eet
623 676 832 764 praestantius.
852 675 918 742 Nec
937 688 985 742 est
1002 677 1087 744 aliud
1099 703 1145 744 sua
1161 693 1231 770 sponte

255 790 419 880 prodesse,
431 808 528 877 quem
536 810 605 852 esse
614 787 654 852 de
661 785 792 854 bomine
800 785 982 855 sollicitum.
997 789 1081 856 Deus
1091 813 1154 881 ergo
1163 815 1231 860 omn

257 901 336 990 gerit
348 896 500 975 bominis,
512 897 597 962 etde
610 919 650 962 eo
664 907 713 961 est
724 895 888 964 sollicitus.
904 899 940 964 ld
953 909 1060 964 autem
1071 899 1159 989 reipsa
1166 914 1233 968 men

257 1010 316 1086 dit,
332 1031 408 1074 cum
422 1005 531 1074 Verbo
545 1029 620 1072 eum
643 1007 779 1082 erudiat,
801 1008 856 1095 qui
874 1019 922 1075 est
943 1032 1107 1098 germanus
1121 1012 1233 1100 coadjutor

256 1121 314 1188 Dei
331 1121 365 1185 in
382 1119 528 1184 homines
546 1115 787 1185 benevolentias.
809 1119 936 1184 Bnuum
954 1132 1062 1185 autem
1076 1143 1137 1186 esse
1152 1121 1233 1196 dicitu,
1254 1121 1255 1124 ’

169 1273 171 1278 -
256 1253 321 1296 non
339 1251 379 1294 eo
398 1226 485 1315 quod
504 1227 654 1292 virtutem
681 1225 799 1291 babeat
821 1248 829 1289 τ
852 1239 1009 1312 quatenus
1026 1229 1138 1316 justitia
1153 1247 1232 1318 quoqu

257 1343 380 1406 bonum
396 1359 465 1402 esse
481 1335 610 1410 dicitur,
626 1357 691 1400 non
704 1334 791 1422 quod
810 1333 925 1402 babeat
943 1337 1105 1414 virtutem,
1121 1340 1174 1426 ipsa
1186 1339 1234 1402 erin

259 1455 306 1510 est
322 1445 434 1517 virtus,
454 1440 510 1507 sed
530 1441 616 1529 quod
633 1441 700 1529 ipsa
719 1463 758 1505 ex
775 1464 808 1505 se
824 1454 857 1506 et
874 1465 931 1530 per
950 1465 984 1508 ee
1001 1445 1086 1509 bono
1103 1447 1145 1509 sit.
1159 1443 1233 1509 dicitu

258 1551 427 1621 etiamalio
440 1551 536 1616 modo
550 1551 687 1626 bonum,
700 1548 733 1614 id
750 1550 838 1638 quod
848 1562 896 1615 est
910 1549 998 1628 utile,
1011 1574 1077 1619 non
1089 1577 1125 1618 eo
1135 1553 1233 1641 quelle·

260 1665 368 1736 lectet,
382 1662 439 1727 sed
453 1683 491 1724 eo
506 1660 594 1748 quod
607 1658 718 1748 prosit.
735 1659 815 1738 Quae
831 1658 961 1749 quidem
977 1663 1083 1727 omnis
1099 1673 1141 1726 est
1153 1659 1234 1750 justiis,

261 1796 331 1862 quse
344 1784 383 1838 ut
397 1772 510 1846 virtus,
527 1781 559 1832 et
575 1780 611 1832 ut
628 1791 685 1856 per
699 1791 733 1832 se
749 1767 895 1857 eligenda
912 1770 1037 1836 bonum
1054 1783 1112 1848 est,
1126 1783 1154 1836 et
1165 1783 1235 1856 utque

261 1909 326 1950 non
337 1880 494 1948 delectet:
510 1877 672 1944 nonenim
688 1876 811 1966 judicat
822 1877 862 1944 ad
881 1878 1029 1966 gratiam,
1044 1880 1100 1946 sed
1115 1903 1165 1968 pro
1173 1879 1236 1943 uus

262 1995 418 2082 cujusque
433 1988 554 2055 meritis
566 1986 736 2053 distribuit.
752 1987 789 2058 lsl
803 1999 910 2054 autem
923 1989 1008 2076 quod
1023 2002 1075 2055 est
1087 1989 1164 2065 utile,
1176 1985 1239 2083 supi·¹

261 2117 314 2170 tur
344 2102 377 2167 id
404 2099 492 2188 quod
518 2097 659 2187 prodest.
685 2096 745 2161 Per
767 2119 878 2162 omnes
900 2121 976 2188 ergo
999 2112 1156 2189 respectus
1173 2099 1239 2186 quilu

262 2217 385 2280 bonum
397 2208 603 2298 dijudicetur,
617 2205 736 2295 justitia
749 2230 877 2296 quoque
889 2207 965 2274 boni
974 2207 1179 2275 characterem
1185 2207 1238 2272 sud

263 2325 324 2414 pit;
343 2323 509 2410 utriusque
523 2316 654 2407 aqualia
671 2316 834 2406 aequaliter
844 2318 1109 2408 participantibus
1120 2344 1127 2385 :
1140 2337 1240 2408 quem

263 2457 303 2498 ex
324 2429 498 2520 equalibus
521 2430 738 2496 characterem
762 2428 950 2517 suscipiunt,
976 2429 1046 2518 ipsa
1069 2442 1138 2496 sunt
1155 2429 1240 2494 intus

263 2539 396 2628 aequalia
407 2552 440 2605 et
451 2537 575 2604 similia.
590 2538 716 2602 Renum
728 2550 776 2601 cst
787 2560 864 2626 ergo
879 2539 1011 2624 justitie.
1028 2539 1184 2618 Quomodo
1191 2557 1241 2624 erge

264 2650 425 2740 inquiunt,
442 2649 468 2714 si
482 2647 638 2713 Dominus
658 2647 803 2712 homines
819 2645 932 2736 diligit,
948 2641 1245 2722 chorosanitae

263 2772 329 2835 tur,
348 2771 381 2824 et
397 2757 511 2847 punit?
528 2755 663 2822 Necesse
679 2769 728 2822 est
744 2781 819 2846 ergo
837 2757 877 2822 de
895 2758 971 2832 boc,
986 2781 1086 2846 quam
1101 2759 1163 2825 fieri
1175 2751 1246 2846 potad

265 2865 461 2942 brevissime,
473 2865 628 2932 disserere
640 2878 703 2962 :est
713 2868 798 2932 onim
810 2867 878 2933 base
890 2869 1039 2936 tractatio
1048 2869 1148 2958 aliqua
1158 2893 1187 2935 cx
1195 2871 1246 2955 put

265 2973 476 3044 conducibilis
496 2974 537 3039 ad
556 2987 678 3040 rectam
700 2995 874 3064 puerorum
895 2977 1116 3058 eductionem,
1133 2968 1253 3046 neeesstl

266 3086 371 3156 auxilii
386 3085 493 3152 locum
510 3097 630 3152 tenens.
650 3085 757 3154 Multae
772 3088 858 3154 enim
872 3089 969 3154 animi
985 3089 1165 3158 affectiones
1226 3118 1234 3139 r

265 3213 319 3264 tur
340 3195 509 3286 supplicio,
532 3208 564 3261 et
586 3208 819 3286 praeceptorum
842 3199 1046 3265 acerbiorum
1077 3201 1171 3288 jussu,
1192 3207 1233 3261 st»¹
1247 3216 1254 3229 ”

264 3295 361 3376 etism
374 3329 434 3397 per
448 3305 626 3371 doctrinam
646 3303 873 3371 nonnullarum
888 3304 1152 3395 speculationum.
1166 3307 1208 3371 m
1217 3325 1236 3366 s
1252 3340 1253 3343 =

267 3430 332 3483 tem
348 3415 553 3508 reprehensio
567 3413 665 3481 veluti
680 3417 825 3504 quaedam
841 3416 1000 3506 chirurgia
1015 3417 1204 3486 affectionum
1223 3450 1254 3471 o

266 3549 344 3600 maes
366 3530 531 3593 abscessus
550 3537 657 3591 autem
677 3525 828 3602 veritatis,
847 3525 1045 3603 affectiones,
1068 3551 1144 3617 quas
1159 3507 1255 3632 εικῆ

266 3634 460 3701 dividentem
471 3646 598 3724 oportet
608 3657 791 3723 coarguere.
805 3633 1116 3702 Medicamentorum
1127 3637 1255 3722 ιιιιοωιμ

269 3743 430 3834 plicationi
443 3756 491 3810 est
508 3743 616 3810 similis
631 3744 739 3833 probri
756 3743 961 3820 insimulatio,
975 3769 1046 3835 quse
1063 3739 1255 3812 resalutatur

268 3855 371 3920 tiones
391 3877 461 3941 quae
486 3856 551 3943 jam
571 3853 801 3930 occalluerunt,
821 3855 1056 3946 impudicaeque
1075 3870 1109 3923 et
1130 3853 1255 3922 libidines!

269 3965 341 4030 vita
359 3964 467 4030 sordes
482 3976 647 4053 expurgat,
664 3963 822 4056 fastusque
837 3989 875 4032 ac
892 3967 1049 4056 superbise
1068 3979 1255 4034 tumoresem
