2478 4594
374 291 563 336 sraouaruu
585 289 647 334 cra.
674 291 729 334 ιιι.
1007 265 1071 344 515

24 417 190 486 infidele:
211 439 285 486 cum
302 417 424 484 bonore
445 417 575 508 quidem
596 437 711 493 corum
730 415 787 503 qni
806 426 881 482 sunl
898 414 1010 504 optimi
1034 436 1071 494 ac

24 523 283 614 prestantissimi
300 573 310 600 ,
329 520 483 615 supplicio
515 533 623 588 autem
647 520 891 612 improborum,
918 532 1073 608 quctmus

22 633 228 700 conveniens
254 631 368 700 rationi
389 643 438 698 est
460 629 501 697 ud
523 627 730 719 disciplinam.
753 629 864 718 Imago
881 628 969 704 enim
983 625 1074 708 ualde

25 739 141 808 dirim
156 753 190 806 ot
200 741 267 809 Dee
279 738 408 816 similis,
425 751 472 805 est
486 738 634 828 virijusti
650 737 775 814 anima,
790 736 824 805 in
838 760 902 826 qua
917 739 976 826 pe'r
997 756 1075 824 prae·

22 859 202 937 ceptorum
224 848 439 916 obedientiam
459 845 636 914 aedificetur
658 857 690 912 et
704 843 881 912 collocetur
901 844 968 912 dux
987 866 1076 920 mor<

23 953 149 1028 talium
163 967 196 1024 et
211 955 441 1024 immortalium
462 955 627 1030 omnium,
645 977 763 1042 reaque
782 965 815 1020 ct
836 952 963 1043 genitor,
978 954 1077 1022 bono-

22 1085 129 1140 rum,
153 1063 208 1154 qui
227 1087 301 1130 rere
318 1076 367 1130 est
381 1065 447 1130 Lex
463 1074 495 1133 ot
514 1063 757 1153 praescriptum,
774 1073 807 1128 et
823 1060 967 1130 Verbum
986 1071 1077 1126 eter-

23 1193 116 1238 num
130 1195 139 1236 :
152 1182 185 1237 ot
198 1171 347 1260 privatim
357 1169 505 1262 singulis,
518 1183 551 1239 et
562 1169 1076 1240 communitcromnibusestunus

23 1280 199 1348 Servatur.
223 1280 284 1347 Hic
307 1290 356 1346 ost
375 1301 483 1346 revera
507 1279 706 1368 unigenitus,
727 1289 759 1344 ot
783 1277 925 1344 omnium
943 1277 1024 1368 regis
1044 1288 1077 1342 et

27 1387 265 1476 omnipotentis
283 1387 384 1456 Patris
405 1386 512 1476 glorier
534 1387 654 1478 ligura,
671 1411 741 1474 quae
758 1386 909 1452 Gnostico
924 1384 1079 1474 imprime

26 1495 213 1583 perlectam
232 1492 534 1584 contemplationem
553 1496 593 1564 ad
614 1495 663 1560 sui
680 1494 870 1584 imaginem,
895 1505 931 1558 ut
950 1493 991 1558 sit
1011 1494 1077 1581 jam

28 1603 130 1668 tertia
145 1603 247 1670 divina
263 1603 389 1694 imago,
406 1627 476 1692 queo
492 1604 598 1692 quoad
608 1605 679 1692 ejus
689 1602 759 1670 lieri
771 1613 876 1691 potest
887 1599 1078 1680 assimilatur

26 1733 139 1776 causae
150 1711 317 1788 secundas,
332 1712 427 1800 eique
442 1712 496 1800 qui
511 1722 560 1776 est
574 1734 684 1778 revera
696 1711 777 1786 rita,
790 1733 848 1798 per
863 1717 959 1796 quem
971 1729 1077 1778 veram

25 1818 135 1886 vitam
145 1819 278 1886 vivimus
293 1844 301 1885 ι
315 1817 413 1885 veluti
424 1819 638 1887 describentes
650 1841 724 1884 eum
737 1817 792 1904 qui
806 1817 977 1884 Gnosticus
988 1841 1007 1884 a
1018 1839 1079 1885 no-

28 1925 89 1992 his
107 1925 246 2002 dicitur,
263 1926 317 2014 qni
336 1937 479 1992 venatur
493 1925 527 1992 in
542 1925 580 1992 iis
594 1948 665 2014 quae
683 1938 757 1992 sunt
771 1922 915 2000 stabilia,
931 1948 992 1992 nec
1009 1945 1079 1992 om·

30 2033 117 2100 nino
131 2032 249 2100 mutari
264 2043 407 2121 possunt.
422 2032 491 2100 Sibi
503 2055 580 2122 orgo
597 2044 630 2098 ct
646 2032 709 2101 suis
729 2033 910 2122 imperans,
934 2030 1079 2104 stabilem

29 2140 204 2230 possidens
221 2139 544 2229 comprehensionem
562 2140 676 2210 dirime
697 2140 854 2218 ιοὶιιιιιὶιιι,
877 2164 1028 2230 germane
1042 2163 1080 2213 ee

31 2247 163 2314 sincere
179 2246 306 2315 accedit
321 2247 363 2314 ad
380 2247 557 2316 veritatem.
580 2249 703 2314 Eorum
718 2247 805 2316 enim
820 2271 890 2336 que
906 2247 1080 2339 intelligen-

32 2355 84 2422 tia
99 2355 321 2444 percipiuntur
332 2355 474 2444 cognitio
485 2367 517 2422 et
534 2355 797 2445 comprehensio,
813 2356 885 2444 jure
900 2356 963 2424 dici
977 2369 1080 2445 porcat

30 2461 162 2530 stabilis
187 2463 342 2532 scientia:
370 2465 462 2552 cujus
480 2487 519 2530 ea
539 2463 669 2553 quidem
694 2488 767 2552 pars
797 2487 867 2551 quae
886 2477 1028 2530 versatu·
1046 2466 1080 2535 in

32 2569 137 2634 rebus
146 2568 279 2644 divinis,
294 2569 358 2634 hoc
369 2567 466 2636 hobel
479 2591 596 2635 munus
608 2569 834 2636 utconsiderct
845 2569 963 2658 quaesit
978 2571 1081 2658 prima

33 2699 153 2753 causa,
177 2676 255 2765 quid
273 2699 349 2744 vero
363 2678 404 2744 sit
421 2701 477 2764 per
492 2677 572 2764 quod
586 2679 672 2768 sacta
683 2677 745 2746 sint
759 2678 877 2755 omnia,
901 2691 929 2744 et
943 2678 1008 2746 sinc
1023 2703 1082 2766 quo

34 2787 210 2876 factumest
225 2783 321 2850 m'lril¹
339 2810 347 2852 ι
364 2797 398 2851 et
413 2808 559 2874 quaenam
574 2787 637 2852 sint
650 2810 687 2855 ea
703 2811 773 2875 quae
789 2810 822 2852 se
838 2786 957 2855 hebent
973 2799 1008 2852 ut
1019 2810 1081 2875 pn-

35 2892 203 2960 netrantia
213 2941 223 2968 ,
235 2917 304 2980 quc
317 2906 423 2962 autem
433 2906 467 2960 ut
475 2894 671 2962 continentia
681 2919 689 2960 ι
700 2907 732 2960 ot
744 2919 813 2982 quoe
822 2896 1079 2984 sintconjuucbs,

30 3022 116 3088 qnae
129 3022 205 3064 vero
219 3011 252 3064 ut
268 3000 442 3089 disjuncta:
456 3015 488 3068 et
496 3025 669 3091 quemnam
679 3002 795 3072 hebeat
810 3003 955 3070 ordinem
964 3025 1081 3073 nnum-

29 3106 194 3197 qnodque
207 3129 341 3183 eorum,
357 3119 389 3172 ct
404 3132 480 3195 quus
493 3110 574 3176 vires
584 3160 593 3187 ,
605 3123 638 3178 ct
647 3111 737 3200 qnod
748 3111 959 3180 ministerium
971 3110 1082 3179 auem

31 3215 307 3303 *unumquodque
327 3217 368 3282 Et
382 3238 490 3283 rursus
509 3216 542 3284 in
564 3220 658 3284 rebus
677 3218 844 3295 humenis,
860 3219 938 3306 quid
960 3219 1000 3284 sit
1014 3220 1081 3308 ipse

36 3324 162 3400 homo,
179 3333 211 3390 et
222 3324 300 3411 qnid
311 3323 352 3389 sit
364 3323 394 3390 ei
405 3325 622 3392 secundumet
634 3338 749 3415 praetor
759 3339 925 3403 naturam,
935 3339 1081 3415 eoquens

37 3432 220 3502 admodum
234 3456 343 3500 rursus
363 3455 456 3522 agere
471 3431 520 3500 vel
538 3436 604 3522 poti
622 3448 785 3523 uporleat,
809 3448 841 3502 ct
860 3457 1005 3524 quosnam
1019 3437 1081 3506 sint

37 3541 116 3632 ejus
133 3541 279 3619 virtutos,
294 3553 329 3608 et
344 3565 490 3630 quaenam
504 3543 598 3618 vitiu,¹
612 3545 696 3610 etde
711 3547 802 3613 bouis
818 3557 850 3610 et
866 3543 957 3614 malis
968 3557 1001 3613 et
1011 3570 1081 3617 me-

38 3647 129 3716 diis:
147 3661 218 3718 tum
234 3673 443 3740 quecumque
455 3651 495 3718 dc
507 3651 713 3730 fortitudine,
729 3653 769 3720 de
779 3653 945 3744 prudentia
958 3667 989 3722 ct
1004 3667 1081 3724 tem·

41 3759 215 3849 perantia,
228 3771 261 3826 et
275 3760 315 3828 de
330 3784 367 3828 ca
382 3784 454 3851 quse
468 3772 516 3828 est
531 3783 625 3853 supra
637 3783 747 3830 omnes
759 3763 845 3832 omni
860 3787 899 3832 ex
912 3777 1001 3856 purte
1012 3787 1081 3855 per·

84 3903 179 3958 'dorm
191 3925 213 3967 r,
224 3907 248 3960 3.
