2546 4614
208 259 270 336 40⁰
611 269 635 312 s.
662 267 835 312 arreonrrr

206 424 220 459 s
235 414 308 460 rum
322 393 392 480 ejus
407 376 416 452 a
435 408 544 455 avoco
559 387 703 454 hinnitus
715 387 882 474 equitatus
899 407 1060 472 qnorum
1071 385 1136 472 ojus
1145 407 1212 452 oon

207 515 321 570 »mota
337 514 387 567 est
405 499 547 566 universa
565 511 650 564 terra
663 497 713 562 ’.ι
732 497 786 564 Ait
808 519 889 561 vero
910 509 944 560 et
967 495 1050 560 alius
1063 495 1210 584 Propheta:

216 611 445 701 «congregabit
459 631 589 678 omnem
604 610 754 674 virtutem
771 629 865 674 auam
877 630 897 671 a
912 605 991 673 solis
1002 619 1080 671 orto
1094 609 1210 695 nequod

207 747 221 782 s
235 739 393 785 ocenum
408 715 500 794 Quos
509 716 681 793 vocaverit,
695 727 729 780 et
739 738 821 803 qnos
831 737 898 780 non
908 717 1090 790 vocarer-it,
1103 713 1210 780 conde

206 829 334 896 »ibrmt
356 825 555 892 Candescere
571 847 659 892 mare
676 825 770 892 sacia
789 849 857 914 prae
874 823 1091 890 multitudine
1107 823 1210 890 adum

206 937 376 1011 eandum,
390 948 425 1001 ot
445 934 624 1024 nigrescere
640 957 809 1028 campum,
825 957 893 1024 prae
913 932 1126 1000 multitudine
1139 947 1211 1000 sonte

204 1069 311 1112 trum.
326 1047 388 1121 Ac,
401 1045 426 1110 si
438 1045 508 1133 quis
519 1045 548 1110 ei
561 1045 593 1110 in
603 1043 712 1133 prelio
724 1046 918 1120 occurrerit,
932 1044 1046 1135 gladio
1056 1045 1204 1112 corruetis

203 1155 301 1235 Quod
314 1155 402 1222 enim
416 1155 486 1222 haeo
505 1179 570 1222 non
587 1155 627 1220 do
641 1153 706 1220 ullo
728 1153 790 1221 alio
807 1156 894 1221 dicta
910 1156 996 1232 sint,
1017 1179 1111 1244 qoam
1122 1156 1155 1221 de
1164 1155 1206 1242 Ty-

203 1287 303 1333 ranno
317 1263 385 1342 illo,
396 1278 464 1331 tum
480 1265 676 1355 impudente,
687 1277 758 1332 tom
771 1265 831 1332 llei
845 1267 1054 1342 adversario,
1065 1269 1096 1333 in
1107 1291 1203 1356 sequen

203 1377 288 1442 tibus
301 1373 513 1440 ostendemus.

246 1484 333 1554 XVl.
360 1484 425 1552 Sed
439 1497 471 1552 et
481 1484 587 1551 Esaias
598 1487 643 1552 sic
654 1487 697 1552 ait
709 1509 718 1550 ε
730 1511 743 1546 ι
756 1485 796 1550 Et
806 1487 867 1552 erit
879 1509 966 1554 cum
979 1487 1194 1553 consummaui
1248 1469 1251 1600 l

203 1623 216 1658 s
230 1595 384 1663 Dominus
398 1593 504 1660 omnia
519 1594 637 1660 faciem
652 1595 685 1660 in
704 1605 813 1660 monto
832 1593 915 1661 Sion
929 1606 972 1660 et
988 1593 1136 1664 tm,
1146 1593 1184 1654 ire
1248 1605 1251 1724 ἱ

201 1733 214 1766 s
230 1704 326 1770 duoot
339 1725 434 1792 super
452 1703 591 1768 blentem
605 1725 766 1792 magnam,
783 1723 878 1792 super
894 1702 1080 1794 Principem
1089 1699 1179 1787 lupe
1249 1731 1251 1800 ἦ

202 1835 314 1888 nrum,
337 1825 371 1877 et
391 1832 486 1900 super
503 1809 700 1876 altitudinem
721 1809 828 1900 gloriae
847 1809 1030 1878 ceorlorum
1049 1813 1116 1898 ejus.
1130 1807 1189 1872 um

200 1922 315 1988 sonim
327 1945 335 1985 :
346 1922 383 1987 ln
398 1919 579 1986 fortitudine
595 1919 721 1994 faciam,
738 1931 771 1985 et
785 1919 942 2007 capientia
960 1919 1131 1986 intellectus
1141 1915 1196 1981 ad*
1238 1962 1243 1971 -

200 2061 213 2095 ι
227 2055 294 2098 ram
315 2032 467 2102 terminos
482 2033 636 2120 gentium,
651 2040 685 2093 et
703 2028 927 2095 fortitudinem
940 2052 1061 2097 eorum
1074 2026 1201 2116 deprelr

197 2167 210 2201 ι
225 2141 286 2204 bor
303 2161 311 2203 ε
331 2151 364 2204 et
386 2140 569 2206 concutiam
587 2137 730 2203 civitates
747 2136 920 2212 habitatas,
941 2150 980 2202 et
1004 2141 1111 2204 orbam
1127 2149 1203 2202 toton

197 2275 210 2310 s
224 2247 495 2336 comprehendam
507 2269 603 2312 manu
618 2267 689 2311 mea
703 2245 792 2332 quasi
808 2245 937 2320 nidum,
951 2259 991 2312 et
1006 2247 1094 2334 quasi
1106 2245 1202 2311 orode

196 2385 210 2420 s
225 2355 334 2424 relicta
345 2354 471 2422 tollam:
481 2366 641 2421 etnonost
651 2355 706 2444 qni
717 2354 848 2445 effugiat
858 2366 916 2419 aut
927 2357 1127 2422 contradicat
1135 2353 1201 2422 mili.

195 2478 254 2532 »at
264 2467 318 2554 qui
331 2465 450 2555 aperiat
460 2487 494 2529 os
509 2474 542 2529 et
552 2464 676 2552 garriat.
694 2462 857 2552 Numquid
867 2461 1105 2552 glorificabitur
1115 2462 1202 2530 seuit

194 2604 207 2639 s
221 2575 288 2642 aine
299 2597 338 2640 eo
349 2575 404 2661 qui
414 2573 508 2640 caedit
519 2574 552 2637 in
564 2573 654 2661 ipsa?
669 2583 725 2638 aut
738 2571 932 2638 exaltabitur
943 2597 1036 2640 serre
1049 2576 1112 2640 sine
1123 2571 1201 2658 coqui

193 2683 304 2750 sillam
326 2683 447 2749 trahit?
460 2681 613 2748 Similiter
631 2682 656 2746 si
676 2682 745 2769 quis
765 2678 929 2746 sustulerit
952 2683 1078 2772 virgam
1093 2695 1137 2746 aot
1150 2679 1202 2766 lig-

193 2817 312 2869 neum,
328 2789 518 2861 exaltabitur
531 2789 663 2880 lignum.
678 2791 719 2855 Et
738 2813 805 2858 nou
819 2789 883 2855 sic.¹
894 2788 963 2854 Sed
979 2793 1090 2858 mittet
1106 2788 1202 2858 bdoeti

192 2933 205 2967 ι
220 2903 375 2970 Dominus
394 2900 534 2967 Sabaoth
553 2901 589 2964 in
602 2900 758 2965 honorem
776 2911 868 2964 tuum
888 2899 1124 2987 ignominiam:
1142 2898 1202 2964 etia

191 3043 205 3077 ι
218 3011 350 3103 gloriam
360 3023 450 3076 tuam
462 3010 542 3099 ignis
553 3009 666 3077 ardens
677 3008 871 3074 exardescet.
883 3010 927 3074 Et
937 3011 1002 3074 erit
1014 3008 1122 3075 lumen
1131 3003 1203 3074 lund

192 3122 249 3187 sin
265 3119 338 3208 igne
352 3144 360 3184 r
373 3131 406 3184 et
420 3117 630 3183 sanctificabit
640 3140 715 3182 eum
731 3117 764 3182 in
775 3115 921 3192 flamma,
938 3129 974 3183 et
987 3118 1203 3184 comedeto'ffl
1249 3137 1251 3172 ³

190 3230 352 3304 sirenum,
368 3227 519 3316 sylvam⁸.
539 3254 552 3288 ι
1250 3231 1251 3234 ’

232 3336 335 3404 XVll.
350 3337 430 3403 ltom
444 3334 506 3400 olio
520 3357 647 3422 quoque
657 3333 729 3401 loco
744 3359 752 3400 :
764 3335 966 3415 «Quomodo
980 3339 1114 3404 cessarit
1126 3357 1199 3402 eart-
1250 3347 1251 3354 ’

189 3476 201 3510 ι
217 3447 288 3513 tori
299 3469 402 3535 quare
415 3447 536 3512 ratione
552 3445 683 3510 cessavit
694 3443 902 3510 sollicitator?
917 3447 1069 3512 contrivit
1080 3446 1161 3512 Deus
1168 3445 1201 3531 je

187 3583 200 3620 s
214 3580 291 3645 gum
305 3557 484 3646 principum
499 3566 716 3644 peccatorem,
730 3557 914 3644 percutiens
927 3570 1059 3646 gentem
1071 3558 1201 3646 lumreat
1250 3609 1251 3618 .

186 3662 302 3751 »plaga
320 3661 497 3738 insanabili,
516 3663 696 3752 percutiens
714 3675 849 3752 gentem.
861 3663 954 3755 plaga
975 3665 1137 3733 insanabili
1152 3683 1199 3749 qm

186 3792 278 3836 »non
296 3773 449 3860 pepercit.
470 3771 634 3858 llequievit
653 3771 872 3838 confidenter:
886 3776 991 3840 omnis
1008 3787 1089 3840 terra
1104 3772 1197 3840 olam*

219 3894 228 3932 ¹
240 3895 292 3947 lor.
303 3913 357 3960 rur,
370 3897 456 3948 16.-²
469 3899 543 3949 Forte
555 3915 586 3950 ox
595 3899 756 3965 Apocryplm,
769 3901 929 3950 allaim-¹
941 3901 1001 3952 lsai·
1017 3917 1042 3962 ι,
1055 3917 1092 3958 ra,
1103 3907 1127 3948 et
1139 3907 1191 3957 πῆ·
