2614 4628
470 325 637 376 uersum.
1029 339 1065 402 0¹

2 445 144 514 lunone
157 471 271 516 uxore
286 447 512 514 concumbere.
528 447 613 516 Alibi
633 449 784 518 Hercules
801 464 941 521 stercora
958 457 1070 544 egerit.

6 571 43 624 et
63 557 192 648 Apollo
217 557 362 626 Admeto
382 579 482 646 pecus
502 559 612 648 pascit.
638 557 845 630 Laomedonti
867 587 944 631 vero
962 585 1072 631 muros
1134 557 1136 566 ’

9 667 194 758 lleptunus
214 668 369 742 instituit,
385 689 448 734 noc
470 669 655 736 mercedem
677 673 781 760 operis
803 672 911 742 inlelin
931 687 1073 740 structor

15 779 155 869 accipit.
172 777 349 846 lllioJovis
364 775 485 844 fulmen
504 800 581 846 cum
599 770 709 846 AEneae
725 782 821 848 armis
838 784 871 849 in
889 784 1006 850 incudo
1023 782 1071 849 fa-

17 889 194 956 bricatur:
210 911 291 956 enm
307 886 426 956 coelum
437 900 470 954 et
485 886 618 956 fulmina
633 903 665 956 et
677 889 799 981 fulgura
813 877 906 983 longe
921 906 995 962 ante
1006 894 1072 962 lue·

21 999 88 1064 rint
109 1021 212 1089 vam
232 998 364 1088 Jupiter
385 997 419 1064 in
442 997 537 1064 Creta
559 1013 755 1078 nasceretur,
777 1014 811 1069 et
835 1003 981 1070 flammas
1006 1003 1071 1070 veri

21 1107 168 1177 fulminis
179 1131 246 1176 neo
258 1107 397 1197 Cyclops
411 1109 553 1198 potuerit
565 1110 693 1187 imitari,
706 1135 768 1178 nec
779 1112 846 1202 ipse
865 1113 994 1204 Jupiter
1007 1137 1072 1180 non

22 1221 139 1286 vereri.
158 1219 254 1302 Quid
277 1217 389 1307 loquar
404 1217 513 1284 Mortis
535 1231 569 1285 et
590 1219 722 1317 Veneris
744 1218 937 1290 adulterium
958 1223 1073 1313 ‹lepre-

22 1327 187 1397 laensum?
203 1341 239 1396 et
255 1330 290 1396 in
304 1327 525 1416 Ganymedem
540 1329 629 1396 doris
644 1343 791 1421 stuprum
807 1331 889 1400 coelo
904 1355 1073 1402 consacre-

21 1441 118 1509 tum?
129 1441 219 1520 Qum
233 1439 342 1506 omnia
354 1440 386 1505 iu
401 1438 466 1506 hoc
475 1439 615 1529 prodita,
628 1453 663 1506 ut
673 1442 799 1530 judiciis
810 1442 979 1512 bominum
991 1467 1075 1533 quae·

20 1551 99 1618 dam
115 1551 301 1618 auctoritas
316 1560 495 1638 pararetur.
514 1550 571 1616 llis
592 1563 687 1640 atque
708 1551 894 1641 hujusmodi
915 1553 1073 1644 figmentis

21 1673 56 1728 et
69 1659 259 1726 mendaciis
270 1656 466 1726 dulcioribus
478 1671 731 1750 corrumpuntur
742 1661 868 1754 ingenia
880 1675 1054 1752 puerorum
1059 1687 1069 1738 ς

23 1782 59 1836 et
77 1769 200 1837 iisdem
218 1766 334 1836 fabulis
350 1768 591 1848 iubaerentibuo,
605 1772 748 1860 adusque
765 1795 899 1840 summae
910 1773 1009 1838 aetatis
1020 1795 1074 1838 ro-

25 1881 93 1946 bur
108 1878 315 1955 adolescunt,
334 1889 366 1944 et
385 1879 417 1944 in
433 1877 548 1946 iisdem
563 1882 765 1969 opinionibus
778 1883 888 1949 miseri
903 1905 1074 1950 consenes-

34 2001 144 2055 cunt:
160 2011 235 2056 cum
254 1988 292 2054 sit
309 1989 422 2054 veritm
441 1989 547 2066 obvia,
563 1991 619 2058 sod
638 1993 883 2081 requirentibus.
896 1991 1073 2062 Saturnum

40 2099 134 2164 enim
145 2099 315 2187 prinoipem
327 2098 425 2187 hujus
436 2100 562 2189 generis
573 2103 769 2168 etexsminis
781 2125 891 2170 omnes
903 2104 1073 2194 scriptores

41 2209 228 2284 vetustan's,
246 2207 338 2275 Greci
356 2208 570 2299 Romanique,
586 2209 750 2278 hominem
767 2212 985 2301 prodiderunt.
1006 2215 1074 2284 Scit

38 2318 106 2385 laod
120 2319 229 2408 Nepos
243 2331 274 2384 et
290 2318 410 2385 Cassius
430 2319 463 2386 in
486 2319 618 2385 historio
640 2343 649 2386 ε
670 2333 703 2387 et
713 2320 844 2388 Tballus
863 2345 902 2388 oo
916 2323 1075 2389 Diodorus

33 2429 101 2495 boo
121 2427 310 2517 loquuntur.
325 2429 355 2496 ls
372 2429 481 2517 itaque
491 2427 649 2496 Saturnus
662 2429 756 2498 Creta
768 2431 933 2521 profugus,
954 2431 1077 2499 ltaliam

32 2551 124 2606 mctn
148 2537 208 2604 filii
231 2539 386 2606 sevientis
402 2539 592 2618 accesserat,
612 2552 645 2606 et
661 2540 736 2607 dani
750 2555 917 2631 susceptos
939 2542 1075 2630 hospitio

31 2650 131 2716 rudes
154 2647 228 2716 illos
242 2649 387 2716 homines
401 2662 434 2716 ot
449 2662 587 2739 agrestes
605 2649 705 2718 multa
723 2651 847 2728 docuit,
860 2664 895 2718 ut
910 2652 1075 2722 Graeeulut

31 2772 63 2826 at
73 2757 343 2850 politus,litteras
353 2760 549 2849 imprimere,
560 2783 707 2828 nummos
719 2758 855 2852 signare,
863 2763 1074 2830 instrumente

31 2870 206 2938 conficere.
227 2871 339 2959 ltaque
365 2869 519 2938 latebram
537 2893 641 2948 soem,
657 2873 744 2960 quod
761 2885 831 2939 tuto
848 2871 1001 2950 latuisset,
1018 2897 1075 2940 vo-

32 2983 98 3048 cari
113 2979 232 3048 maluit
249 2978 392 3055 Latium
408 2993 441 3048 et
463 2969 576 3048 urbem
590 2981 773 3049 Saturniam
794 2983 835 3052 de
854 3007 913 3049 suo
930 2983 1074 3060 nomine,

33 3103 65 3154 et
79 3089 271 3158 seniculum
286 3091 402 3168 danus,
418 3090 460 3158 ad
478 3093 665 3158 memoriam
674 3104 809 3183 uterque
821 3093 1013 3183 posteritatis
1023 3115 1076 3159 re-

33 3199 210 3291 liquerunt.
229 3202 335 3268 Homo
353 3201 451 3291 igitur
469 3202 578 3291 utique
595 3203 651 3292 qui
669 3203 762 3294 sugit,
777 3204 876 3270 homo
891 3204 1000 3292 ntique
1022 3205 1076 3292 qui
1187 3221 1191 3228 ·

35 3309 139 3390 latuit,
153 3325 189 3377 ct
199 3325 294 3404 pater
307 3312 460 3390 bominis,
473 3323 506 3380 et
524 3323 618 3380 natus
629 3337 668 3380 ex
682 3314 827 3388 homine3
843 3325 936 3380 terrm
947 3314 1076 3380 enimet

37 3422 103 3490 coeli
116 3421 221 3501 lilius,
239 3422 327 3513 quod
341 3422 427 3513 apud
447 3421 542 3490 ltalos
554 3433 638 3490 esset
654 3424 769 3514 ignotis
784 3424 980 3513 parentibus,
999 3445 1075 3516 pro·

38 3533 141 3602 ditus:
162 3547 201 3600 ut
216 3535 250 3600 in
265 3534 457 3601 hodiernum
469 3534 740 3625 inopinatorum,
753 3533 835 3601 coelo
849 3535 976 3609 missos3
989 3537 1076 3626 igno·

39 3643 113 3713 biles
127 3659 165 3711 et
176 3646 318 3735 ignotos,
335 3655 427 3712 terrae
439 3643 521 3714 lilios
532 3646 745 3714 nominamus.
760 3645 838 3731 Ejus
853 3645 937 3712 lilius
948 3645 1076 3736 Jupiter

41 3753 154 3832 Creta,
170 3754 305 3823 excluso
318 3769 462 3843 parente,
482 3756 638 3846 regnavit,
654 3753 720 3824 illie
729 3754 820 3832 obiit,
838 3754 901 3825 illic
918 3755 1001 3824 lilios
1016 3755 1075 3820 ba-

43 3865 122 3939 buit:
138 3865 250 3933 adbuc
265 3877 393 3935 antrum
412 3867 499 3936 Jovis
509 3868 634 3944 visitur,
647 3879 680 3932 et
696 3865 874 3958 sepudcrum
890 3870 960 3959 ejus
972 3878 1077 3934 osten·

45 3973 138 4053 ditor,
150 3989 185 4044 et
199 3975 279 4072 ipsis
291 3978 386 4047 saeris
398 3978 462 4048 suis
472 3977 678 4048 humanitatis
690 3961 847 4070 arguitur„
