2412 4596
318 257 590 324 ammissum}
617 273 641 320 ι.
957 253 1001 324 lid

2 395 112 471 suffla
128 393 317 477 inserviunt,
337 393 548 490 quascumque
569 395 703 489 sparsim
724 392 847 465 habeut
868 396 1003 468 semina-

2 533 46 579 an
58 507 105 577 hic
114 519 146 575 et
157 503 221 578 iilic
231 508 414 585 tentatam,
428 520 465 574 ut
475 529 530 576 eos
541 505 677 584 lateant,
690 505 745 598 qui
756 529 848 575 more
858 507 1004 598 graculo·

2 641 50 688 un
60 613 165 710 passim
179 637 217 686 ac
230 627 352 684 temere
366 617 464 686 verba
476 628 586 684 serunt
600 639 609 682 t
623 638 698 684 cum
711 627 819 686 autem
831 615 1004 708 agricolam

2 732 91 798 unum
103 737 193 800 nacta
207 725 351 810 fuerint,
366 725 559 820 germinabit
573 725 825 822 unumquodque
839 747 879 796 cx
892 723 931 798 iis
944 776 960 807 ‚·
970 739 1006 796 et

2 835 251 908 summanum.

27 943 97 1014 cum
113 967 173 1014 ana
192 947 235 1014 ait
257 945 366 1036 itaque
386 945 499 1014 veritas
518 943 637 1034 (habet
651 944 738 1014 enim
759 943 1005 1017 innumerabilia

2 1050 84 1124 ileum
94 1053 272 1122 diverticula
281 1057 294 1146 )
309 1103 319 1134 ,
334 1053 606 1148 quemadmodum
617 1054 773 1133 Bacchae,
787 1079 858 1144 quae
868 1053 1003 1126 Penthei

2 1164 110 1234 mutu
123 1161 319 1234 diuulserunt
334 1185 373 1236 ac
390 1161 604 1244 distulerunt,
620 1163 829 1256 philosophiae
846 1177 911 1238 tam
926 1165 1004 1233 bar-

2 1276 60 1344 laro
74 1297 161 1366 quam
179 1273 299 1344 Graecae
317 1273 473 1352 hereses,
490 1295 690 1366 unaquaque
711 1272 764 1354 id,
789 1273 878 1366 quod
892 1273 1003 1345 sortita

2 1393 46 1461 st,
56 1394 194 1474 inquam
208 1393 313 1452 totam
326 1381 426 1474 jactat
441 1383 618 1452 veritatem.
635 1381 730 1454 Lucis
742 1395 849 1475 autem
860 1434 871 1461 ,
884 1395 921 1452 ut
932 1385 1005 1475 opi·

3 1513 55 1570 aar,
68 1501 170 1562 moun
189 1489 300 1560 omnia
315 1488 545 1560 illuminantur.
570 1490 715 1560 Universi
737 1515 815 1584 ergo
836 1491 941 1562 Greci
965 1513 1004 1563 ac

3 1597 110 1678 halari,
122 1599 174 1692 qni
188 1599 332 1670 veritatis
349 1597 481 1668 studiosi
500 1599 610 1678 suere,
630 1621 706 1669 cum
720 1597 782 1679 illi,
802 1601 857 1691 qui
871 1624 939 1670 non
953 1598 1004 1672 lc*-

4 1710 241 1802 toupoitionem,
257 1709 438 1781 tumetium
449 1707 521 1787 alii,
534 1710 590 1802 qui
604 1709 751 1800 exiguam
763 1709 846 1779 sorte
859 1711 1006 1802 particu-

5 1821 48 1886 'sn
64 1816 129 1910 logi
150 1819 293 1891 tentatis
317 1817 452 1888 assecuti
476 1830 576 1898 suut,
600 1819 634 1886 in
659 1817 803 1886 modium
832 1818 1002 1910 prodeant.

5 1923 255 2006 Quolisaeculum
271 1925 403 2020 quidem
418 1939 524 2020 partas
537 1925 691 2018 temporis
707 1926 851 2008 suturas,
862 1910 1006 2021 presen-

3 2038 263 2130 tesatprcteritas
280 2037 380 2108 etiam
402 2059 468 2104 uno
484 2035 575 2128 quasi
592 2048 757 2105 momento
774 2035 868 2106 simul
883 2061 1004 2132 reprae·

7 2153 101 2213 cauta
121 2139 203 2217 cena
229 2145 349 2216 veritas
373 2147 408 2216 in
435 2145 572 2238 propriis
598 2145 772 2213 seminibus
796 2143 1003 2239 colligendis,

8 2249 133 2326 domiin
150 2269 234 2328 terra
252 2255 356 2326 aliena
375 2253 516 2348 dispersa
532 2253 649 2333 suerit,
667 2251 762 2346 longe
779 2257 941 2347 potentior
953 2271 1004 2328 est

8 2381 70 2450 {ran
80 2364 233 2437 seculum.
250 2362 414 2438 Permulta
428 2365 516 2433 eninr
528 2363 709 2433 invenimus
719 2386 760 2432 ex
769 2361 819 2433 his
830 2415 840 2445 ,
853 2389 925 2456 quae
936 2367 1003 2462 opi·

7 2467 69 2540 ime
81 2487 198 2570 recepta
215 2489 315 2557 sunt,
336 2474 420 2568 apud
434 2471 588 2553 haereses,
606 2494 679 2564 quse
696 2495 763 2542 uon
780 2485 856 2544 sunt
869 2475 1003 2548 omnino

5 2575 122 2664 danda,
137 2606 196 2656 nec
217 2584 361 2656 exesam
378 2581 500 2652 habent
517 2581 697 2652 naturalem
718 2584 1002 2674 consequentiam,

4 2695 26 2754 Ι
40 2713 96 2780 que
107 2705 257 2786 tanquam
271 2713 420 2786 gynaecea
437 2689 603 2760 Christum
613 2691 671 2760 viri
691 2691 791 2761 instar
803 2691 1001 2775 exciderint,

6 2793 89 2868 taut
100 2815 218 2874 eertum
228 2803 273 2872 sit
283 2815 317 2872 et
325 2814 414 2871 extra
425 2801 695 2880 controversiam,
710 2823 765 2869 eas
779 2801 1002 2874 essedisaimi-

6 2897 134 2998 bgauare
147 2923 179 2981 et
191 2925 262 2982 tota
277 2911 419 2980 vennae.
436 2909 503 2981 Aut
518 2910 606 2980 enim
621 2921 657 2978 ut
670 2911 875 2991 membrum,
891 2925 948 2981 aut
962 2923 1001 2981 ut

6 3015 102 3102 mdc,
112 3033 163 3090 aut
172 3033 209 3090 ut
218 3045 321 3115 genus
336 3021 370 3090 in
386 3043 487 3088 uniam
502 3017 700 3090 coincidunt.
716 3019 998 3103 Quemadmodum

5 3137 91 3195 mna
102 3127 234 3212 chorda,
252 3129 328 3200 licet
338 3129 379 3198 sit
389 3129 462 3198 imae
473 3128 650 3208 contraria,
663 3141 772 3198 tamen
784 3130 887 3198 ambae
899 3153 998 3202 unam

5 3221 158 3307 bunum
172 3239 275 3310 odunt
291 3252 346 3308 :et
363 3259 517 3308 numerus
538 3259 615 3330 par,
632 3259 708 3306 eum
731 3235 858 3308 differat
878 3239 918 3307 ab
934 3240 998 3308 im-

5 3339 62 3424 aas,
74 3343 102 3412 in
114 3346 319 3419 Arithmetica
330 3359 438 3418 tamon
451 3347 547 3416 ambo
558 3345 753 3416 conveniunt
767 3369 776 3413 a
790 3345 997 3436 quemadmo-

6 3439 57 3516 Μ
72 3453 156 3524 ctiam
176 3458 210 3526 iu
231 3457 341 3550 figurae
360 3457 484 3526 ratione
503 3454 664 3535 circulus,
683 3451 717 3523 et
743 3450 939 3546 triangulus,
962 3467 997 3526 et

6 3558 151 3646 lttlntus,
169 3579 429 3662 ct-quoecumque
449 3565 519 3636 aliae
540 3565 651 3658 figure
668 3567 752 3636 inter
767 3589 802 3635 sc
816 3563 993 3636 differunt:
1025 3551 1027 3556 ’

6 3665 135 3750 fficiam
147 3677 180 3747 in
193 3676 314 3748 mundo
336 3678 484 3745 universo
498 3688 604 3768 partas
620 3687 749 3752 omnes,
772 3675 896 3744 etiamsi
910 3677 996 3754 inter

6 3774 163 3866 ediderant,
172 3799 295 3865 semul
306 3809 391 3865 eam,
404 3809 474 3876 quau
484 3798 533 3853 est
547 3807 622 3856 cum
638 3796 718 3862 toto,
732 3781 995 3875 conjunctionem

6 3889 283 3972 conanensium
308 3896 354 3972 sic
373 3919 448 3990 ergo
468 3907 501 3967 et
517 3892 653 3972 tunna
669 3905 702 3966 et
725 3893 835 3978 Groeta
850 3893 995 4074 paidom:

121 4024 158 4074 ιι.
