2412 4596
336 191 521 238 srnouaaou
545 193 605 236 arn.
633 192 666 236 r..
724 225 728 244 ,
899 143 903 162 ⁴
978 195 1014 257 7¹

21 331 110 388 sctum
124 319 189 384 rita
203 314 451 393 institutionem,
475 315 526 384 vel
548 329 699 405 tanquam
712 351 714 360 =
725 315 892 405 prophetia
913 313 1019 382 sutura

21 428 145 497 radicat.
165 427 218 494 Sat
236 437 343 496 autem
360 427 426 494 seio
439 449 507 492 esse
529 426 688 501 virorum,
707 449 764 501 ea,
783 445 854 512 quae
868 436 944 490 sunt
957 423 1020 490 bn*

21 535 138 611 modi,
155 535 348 610 discernere,
362 557 399 601 ac
415 534 530 603 dicere.
546 534 617 617 Non
628 533 715 601 enim
727 555 791 600 rma
803 531 959 621 Myconus
971 543 1020 598 est

21 646 129 712 nivosa
145 642 183 710 ad
200 639 440 732 intelligendum
455 641 639 732 Scriptur‘s,
657 653 692 708 ut
704 640 835 716 dicunt,
851 641 906 730 qui
921 652 1020 707 utun-

21 753 228 848 arprovcrbiis.
247 755 303 819 Est
319 765 424 822 autem
439 775 537 843 quam
550 754 688 820 massime
702 751 771 818 fieri
786 761 889 840 potest
905 749 1020 816 dialec-

21 861 57 930 ioc
70 861 105 927 ad
119 883 186 928 eam
203 861 441 938 accedendum,
459 856 719 951 consequentiam
735 859 847 926 divinae
866 859 1020 925 doctrina

21 969 178 1038 mutibus.

43 1075 120 1142 llndc
139 1075 352 1164 pulcherrime
373 1077 521 1146 sacerdos
543 1075 629 1167 apud
645 1075 809 1146 Platonem
832 1074 1018 1165 AEgyptlus,

21 1183 53 1250 ιθ
67 1182 169 1252 Solon!
190 1184 308 1252 Solonl
333 1185 448 1273 iecit,
464 1210 519 1254 vos
541 1186 644 1252 Gracci
665 1207 791 1274 semper
812 1185 886 1250 estis
906 1184 1017 1273 pueri,

26 1289 126 1356 nnllam
133 1293 256 1380 penitus
264 1294 298 1358 in
312 1294 424 1360 animis
434 1317 491 1383 per
498 1304 638 1359 veterem
650 1293 844 1358 auditionem
855 1292 1019 1380 antiquam

21 1395 155 1466 babentes
169 1403 353 1490 opinionem
369 1427 376 1468 :
395 1427 434 1469 ex
449 1404 566 1470 Graecis
582 1415 689 1493 eptem
703 1401 809 1467 nullus
824 1413 874 1490 est
887 1425 1011 1466 senex.»

21 1507 101 1584 lenes,
117 1520 148 1573 nt
162 1511 322 1588 arbitror,
344 1508 470 1588 dicens,
493 1511 545 1600 qui
570 1510 765 1600 antiquiora,
780 1508 844 1576 hoc
858 1521 924 1585 est,
949 1532 1020 1576 nos-

21 1608 63 1693 ra,
76 1631 239 1686 noverant:
260 1633 296 1686 ut
315 1643 424 1686 rursus
440 1619 591 1710 juvenes,
611 1621 665 1708 qui
688 1619 886 1694 recentiora,
901 1629 934 1682 et
950 1639 1019 1705 quae

21 1727 207 1794 uescebantur
219 1733 238 1794 a
252 1727 393 1808 Graecis,
409 1751 479 1817 quse
490 1726 560 1794 beri
571 1739 603 1793 et
615 1749 717 1815 nuper
733 1726 816 1792 lacta
830 1726 969 1802 lucrant,
986 1736 1021 1790 ut

21 1843 95 1898 cetera
105 1845 132 1898 et
146 1837 294 1924 antiqua,
306 1837 495 1903 referebant.
514 1835 686 1924 subjunxit
699 1835 804 1928 itaque
823 1857 831 1898 :
855 1860 868 1893 α
883 1834 949 1898 Neo
961 1832 1021 1898 dis-

21 1937 149 2027 rciplinam
161 1943 259 2009 ullam
274 1967 387 2011 canam
397 1956 543 2032 tompore
554 1966 587 2007 :s
609 1965 667 2006 nos
678 1942 765 2006 enim
779 1963 868 2006 more
881 1939 1020 2028 quodam

22 2047 146 2115 barbarico
165 2051 365 2141 simplicibus
381 2075 419 2118 ao
433 2051 577 2116 obscuris
591 2047 786 2132 metaphoris
806 2050 850 2114 nti
868 2047 1017 2114 solemus.

21 2153 64 2236 Qui
79 2171 141 2224 sunt
158 2183 235 2250 ergo
258 2164 345 2228 bona
364 2171 473 2226 mente
493 2158 635 2249 prediti,
659 2161 779 2246 absque
798 2157 862 2223 ullo
884 2159 1020 2225 artilieio

21 2265 141 2333 eadum
155 2269 194 2336 ad
211 2281 319 2339 totum
335 2268 522 2358 figmentum
540 2267 805 2355 interpretationis
820 2289 828 2330 s
845 2266 887 2346 de
902 2266 1019 2333 Graecis

21 2383 97 2440 tatem
111 2376 198 2453 dicit,
211 2401 328 2444 eorum
341 2359 522 2466 opinionem
531 2398 641 2461 porum
653 2374 726 2462 qaid
738 2373 885 2462 differres
892 2375 1014 2466 fabulis.

21 2475 68 2545 llen
82 2497 145 2548 sunt
160 2487 245 2570 enim
262 2484 399 2575 pueriles
419 2483 584 2551 audiendae
600 2481 733 2560 fabulae,
750 2483 806 2548 sed
821 2507 880 2550 neo
898 2477 959 2548 illae
973 2483 1020 2550 la·

21 2584 93 2668 tcta,
110 2617 173 2682 qua
188 2601 206 2660 b
222 2595 332 2686 pueris
353 2595 545 2662 lactassent.
572 2593 688 2659 Pueros
711 2603 817 2660 autem
839 2593 916 2658 dixit
938 2594 1019 2683 ipsas

21 2695 116 2784 quidem
130 2715 212 2770 certe
228 2703 367 2779 tabulas,
384 2714 493 2792 utpote
507 2702 594 2792 quod
610 2723 724 2792 parum
738 2702 951 2793 perspiciant,
964 2701 1019 2789 qui

21 2807 679 2902 erpndGraeoosexistimantsapientes:per
690 2835 795 2877 caeam
813 2810 1016 2898 disciplinam,

24 2912 89 2980 lac'te
104 2919 277 3008 significans
297 2921 564 3010 antiquissimam,
585 2943 654 3009 quae
673 2931 721 2988 est
739 2916 825 3008 apud
846 2921 1018 2993 barbaros,

26 3019 172 3094 veritatem:
188 3033 240 3100 eui
260 3033 359 3102 verbo
371 3029 519 3119 opposuit
530 3027 626 3106 illud,
640 3029 723 3096 Puer
737 3030 845 3120 fabata
860 3051 870 3092 .·
887 3047 1020 3116 arguens

23 3121 160 3202 fabulosam
178 3141 356 3208 recentium
370 3138 611 3214 tractationem,
632 3147 667 3202 ut
682 3161 753 3226 quae
767 3158 941 3226 puerorum
954 3136 1021 3202 ins*

21 3241 68 3312 itt,
85 3242 154 3310 nihil
166 3245 281 3316 babeat
294 3249 451 3338 antiquius
470 3268 479 3313 ε
496 3260 667 3336 utramque
681 3247 914 3322 communiter,
931 3256 964 3310 et
978 3245 1021 3311 fa-

21 3337 87 3412 bola
102 3373 221 3434 mum,
238 3359 456 3434 mercationes,
479 3379 547 3422 esse
560 3354 696 3446 pueriles
711 3353 889 3421 ostendens.
908 3353 1020 3419 Divino

22 3469 77 3541 ttgo
83 3456 209 3531 Potestas
221 3465 293 3543 illa,
312 3490 382 3555 quaa
394 3467 519 3532 llermae
532 3463 673 3554 loquitur
686 3465 719 3530 in
731 3463 937 3538 revelatione,
948 3461 1020 3528 «Vi-

23 3558 129 3645 stiones,
141 3570 245 3661 inquit,
259 3586 292 3640 et
302 3573 507 3642 revelationes
519 3585 648 3664 propter
661 3597 735 3649 eos,
750 3572 804 3659 qui
818 3584 891 3638 sunt
901 3568 1018 3660 duplici

23 3672 131 3753 acarde,
146 3683 197 3769 qui
212 3683 372 3774 disputant
387 3683 419 3748 in
435 3683 584 3749 cordibus
598 3683 677 3760 suis,
698 3681 760 3748 sint
776 3703 833 3757 ea,
854 3703 914 3750 nec
932 3703 982 3746 ne.
999 3707 1013 3742 s

25 3769 142 3852 Similiter
156 3805 257 3860 autern
273 3817 312 3859 ex
330 3791 518 3859 redundanti
533 3815 659 3882 quoque
676 3785 826 3858 doetrinae
836 3779 931 3880 ‘copia
946 3811 1021 3856 cor-
