2614 4628
236 264 293 346 rba
548 283 721 330 ιιιιιιιιιιιι
745 258 953 356 bumannum

229 407 386 486 soeret,
403 395 529 500 opinor,
542 410 728 486 stimulum,
748 412 902 478 scuticam
916 412 1097 488 nominans,
1112 431 1227 498 quem
1247 405 1295 473 li·

219 518 298 607 ‹gnis
314 517 504 608 quibusdam
523 519 669 586 homiues
681 517 840 588 Bncehico
850 519 956 586 furore
975 519 1113 608 correpti
1129 518 1295 584 eircum-

228 641 338 719 egunb
363 628 436 696 Vin’
455 642 491 696 tu
513 629 568 697 bio
591 631 687 696 etiam
715 628 815 696 lectos
837 651 857 696 e
879 629 1065 720 Proserpina
1086 618 1193 695 flores
1221 627 1294 693 tibi

228 763 491 818 commemorem,
504 741 712 832 ejusdemque
725 740 898 817 calathum,
910 754 942 807 et
951 731 1080 832 'raptum
1096 765 1114 806 n
1130 737 1292 806 Plutone

228 863 403 940 patratum,
415 864 447 918 et
461 851 583 918 hiatum
599 863 704 927 terres,
716 849 754 916 et'
764 849 898 918 Eubulei
913 873 996 924 sues,
1010 871 1175 939 quaecum
1190 861 1292 914 utra·

227 982 291 1048 que
305 959 364 1026 dee
383 958 476 1026 simul
490 959 611 1027 baustae
627 961 799 1028 dicuntur?
813 959 900 1049 quod
914 961 1042 1056 quidem
1053 962 1088 1026 in
1103 981 1214 1027 eausa
1234 969 1293 1026 est

228 1071 333 1136 curin
347 1067 605 1159 Thesmophoriis
619 1068 775 1159 Megarios
787 1068 892 1160 lingua
906 1093 1019 1160 porcos
1036 1070 1186 1159 ejiciant.
1210 1068 1290 1136 To-

226 1193 292 1248 tam
313 1181 397 1248 hane
416 1179 563 1248 fabellam
581 1182 674 1248 variae
689 1179 837 1248 mulieres
852 1179 982 1270 singulis
997 1180 1029 1246 in
1053 1181 1202 1246 urbibus
1227 1203 1289 1246 so-

227 1292 325 1362 lemni
335 1292 415 1359 lesto
427 1291 602 1369 eelebrent,
613 1291 878 1382 Thesmophoria,
891 1289 1137 1382 Seirrhophoria
1145 1315 1157 1366 ;
1175 1303 1290 1380 etque

228 1401 272 1468 ite
301 1401 431 1468 diversis
459 1400 552 1490 plano
572 1402 764 1492 tragicisque
789 1403 893 1468 modis
915 1397 1041 1493 ruptum
1065 1402 1288 1492 Proserpina

226 1510 383 1579 recolunt.
412 1511 486 1578 Jam
511 1511 630 1579 Bneebi
656 1511 806 1600 mysteria
835 1511 923 1577 omni
948 1511 1075 1578 diritate
1100 1511 1286 1576 teterrima

228 1634 325 1689 sunt:
337 1622 457 1711 qnippe
471 1643 581 1710 quem,
597 1623 675 1688 dum
690 1620 796 1688 adhue
807 1618 958 1710 puerulus
973 1631 1068 1694 esset,
1086 1643 1128 1686 ae
1147 1619 1287 1686 cineum

228 1733 333 1822 ipsum
348 1732 480 1798 Curetes
494 1744 615 1799 armate
628 1705 794 1824 saltatione
808 1741 989 1828 agerentur,
1005 1731 1192 1796 subeuntes
1207 1728 1287 1796 dolo

196 1913 199 1918 f
225 1841 354 1910 Titanes
376 1841 550 1934 puerilibus
565 1813 747 1958 enepun‘diis
764 1839 958 1928 ludicrisque
972 1840 1151 1930 deceptum
1168 1861 1286 1906 mem-

225 1952 343 2018 bratim
372 1939 626 2042 discerpserunt,
621 1940 913 2047 quemadmodum
935 1947 1090 2018 Thracius
1116 1951 1285 2042 Orpheus

226 2057 322 2149 hujus
334 2059 415 2126 sacri
426 2072 512 2127 retes
524 2061 641 2128 cecidit
653 2057 697 2126 t

306 2189 424 2263 Turbo,
438 2192 574 2264 trochus,
587 2205 647 2260 tum
664 2215 747 2272 queis
758 2215 788 2252 ιιι
799 2194 890 2253 flexus
901 2191 1067 2254 membra
1042 2209 1167 2256 crentur

305 2282 447 2352 Lodices,
459 2295 487 2341 et
499 2268 647 2342 aurioohrl
654 2282 830 2344 blandarum
842 2303 879 2343 ex
895 2283 1001 2344 arbore
1011 2283 1097 2344 soetus

237 2423 240 2430 .
306 2373 501 2452 Hesperidum
503 2415 662 2434 ......

225 2493 335 2582 Neque
355 2516 430 2559 vero
454 2492 565 2560 inutile
588 2493 696 2571 luerit,
717 2493 825 2560 areani
848 2495 928 2560 seori
950 2495 1109 2582 symbola,
1148 2497 1283 2566 inutilis

225 2599 313 2678 lieet,
328 2601 478 2669 hocloco
498 2604 668 2693 subjicere,
691 2617 727 2670 ut
747 2604 890 2671 omnium
912 2607 1032 2696 judicio
1054 2611 1285 2704 sensibusque

224 2711 426 2776 damnentur.
442 2711 523 2778 Sunt
542 2713 624 2789 baee,
643 2712 738 2790 talus,
756 2711 831 2801 pila,
854 2715 998 2793 trochus,
1022 2741 1138 2808 poma,
1163 2725 1284 2802 turbo,

223 2820 402 2911 speculum,
415 2819 523 2889 vellus.
545 2823 593 2891 Ae
617 2823 756 2891 Minerva
773 2823 917 2912 quidem,
932 2850 1002 2916 quae
1023 2829 1212 2924 ejusdem
1201 2833 1285 2903 Bac-

224 2931 277 2998 ehi
296 2954 352 2999 cor
367 2931 478 2999 furtim
500 2935 688 3014 sustulisset,
705 2938 838 3006 Pallas
828 2959 890 2999 ικτ
874 2966 923 3002 roo
907 2944 1049 3002 υπάλλειν
1035 2969 1120 3008 saar
1125 2949 1285 3032 ἰαροιαν

223 3039 287 3108 hoe
307 3053 355 3108 est
376 3067 398 3108 ιι
416 3045 525 3112 cordis
545 3046 734 3114 vibratione
748 3071 803 3115 seu
820 3047 1052 3142 palpitatione,
1077 3045 1285 3167 nuneupatb

223 3152 293 3219 luit.
314 3151 441 3219 Titanes
469 3177 557 3234 vero,
580 3179 717 3248 quorum
739 3159 886 3227 manibus
909 3161 1062 3230 laniatus
1059 3156 1187 3260 erat}
1174 3171 1287 3257 φιιιιι

223 3264 392 3331 membra'
384 3287 416 3330 ιιι
431 3263 569 3333 lebetem
586 3268 749 3358 supposito
770 3271 886 3360 tripodi
904 3273 1094 3340 insidentem
1114 3261 1304 3382 cbdjeee‘-

224 3384 312 3447 runt,
340 3395 439 3462 eaque
463 3375 551 3464 prius
578 3375 658 3442 elixa
685 3380 821 3446 verubus
850 3383 1055 3470 postmodum
1080 3357 1304 3482 infigentes)

228 3476 261 3542 V
261 3477 404 3545 uleane
390 3498 530 3571 amposta
547 3483 707 3550 ισιιώαιιι.
733 3487 776 3551 At
791 3487 929 3577 Jupiter,
948 3514 987 3558 eo
1002 3505 1139 3582 repente
1159 3497 1290 3590 delap—

227 3609 280 3652 sue
305 3585 440 3678 (quippe
462 3592 561 3669 enim,
579 3613 653 3659 eum
667 3593 746 3660 deus
761 3607 856 3672 esset,
870 3621 958 3676 eum,
975 3601 1103 3690 opinor,
1125 3628 1289 3675 assarum

226 3693 375 3760 earnium
391 3696 483 3763 nidor
498 3701 670 3778 afflaverat,
687 3723 782 3790 quem
797 3705 841 3770 dii
857 3709 949 3773 rostri
967 3709 1014 3775 sie
1033 3723 1204 3800 tanquam
1221 3719 1288 3785 ho—

225 3804 387 3872 norarium
400 3808 560 3893 quoddam
572 3833 688 3877 munus
698 3813 843 3902 accipere
854 3838 887 3881 se
901 3817 1290 3910 confitentur),frrlmine

226 3911 353 3980 Titanas
368 3915 510 3993 conficit,
526 3932 558 3984 et
574 3921 693 3986 Bneobi
708 3925 851 3990 membra
868 3926 1005 4018 Apollini
1020 3927 1089 3996 lilio
1105 3957 1175 3998 suo
1190 3962 1291 4029 sepe
