2546 4614
34 373 80 393 Μ
88 363 539 394 ΜΜΜΜΜΜΜΜΜ
543 355 1077 384 fflfflmfflfflfflmmmmw

237 599 482 704 sanun
516 555 917 696 Hrpronrnr

352 895 777 1016 DEMQNSTRATIO

97 1159 586 1298 ADVERSUS
634 1139 1031 1288 JUDAEOS.

277 1449 325 1529 (nx
346 1466 490 1509 vnasronn
512 1465 664 1502 rnrncrsrr
686 1444 856 1524 ronanam.)

366 1699 762 1730 ...ιι-ὠμω-

96 1919 217 1990 inciine
232 1945 341 1990 aurem
359 1937 462 2000 tuam,
478 1921 603 1996 tudae.
620 1935 654 1989 et
676 1923 750 1991 audi
773 1924 867 1988 verba
887 1943 971 1996 mea,
987 1932 1020 1985 et
1040 1931 1086 1986 at-

51 2036 158 2102 tende.
177 2033 268 2124 Saepe
290 2033 433 2123 gloriaris
458 2045 494 2100 tu
521 2033 609 2123 quod
630 2034 741 2100 Jesuru
764 2033 961 2100 Nazarenum
977 2031 1087 2096 mortio

1 2192 4 2201 ·
53 2145 285 2220 condemnasti,
302 2155 335 2211 et
349 2145 438 2233 quod
457 2157 584 2212 acetum
600 2157 632 2210 et
648 2141 691 2210 sei
708 2145 738 2210 ei
758 2143 800 2210 ed
821 2142 996 2212 bibendum
1013 2163 1089 2230 por-

0 2293 1 2312 1
52 2254 176 2328 rexistir
197 2265 230 2319 et
243 2254 307 2322 hoc
322 2253 495 2345 gloriosum
510 2267 613 2344 putas.
630 2253 757 2321 Accede
773 2254 881 2344 igitur,
897 2264 930 2318 et
944 2251 1090 2318 conside-

1 2396 5 2410 ⁹
54 2387 160 2432 remus
177 2365 402 2444 communiter,
422 2377 571 2430 utrumne
592 2365 709 2452 injuste
727 2363 914 2454 gloriarie,o
930 2362 1039 2439 Israie'l,
1058 2373 1091 2425 et

55 2473 134 2540 iilud
148 2497 263 2563 parum
277 2474 358 2542 aceti
374 2486 406 2540 et
423 2472 502 2540 tellis
516 2475 573 2540 has
587 2473 756 2540 horribiles
768 2473 870 2540 minas
886 2471 945 2538 tihi
964 2468 1087 2544 intulitr

4 2624 7 2662 ;
57 2597 207 2652 utrumne
231 2599 362 2676 propter
386 2585 465 2653 iliud
489 2587 523 2654 in
550 2587 617 2653 istis
639 2586 770 2653 infinitis
792 2583 1023 2652 calamitatibus
1045 2605 1089 2650 ca.
1181 2663 1186 2670 .

4 2715 6 2772 Q
55 2694 211 2761 Procednt
225 2695 321 2785 igitur
336 2697 369 2762 in
385 2697 541 2771 medium,
558 2698 613 2784 qui
635 2720 693 2787 per
714 2695 867 2786 Spiritum
883 2707 1030 2762 sanctum
1044 2692 1094 2759 lo-

57 2806 177 2893 quitur,
193 2818 225 2872 ct
240 2829 335 2873 verax
349 2818 410 2884 est,
427 2807 530 2873 David
545 2805 629 2901 iilius
653 2807 751 2873 Jesse.
771 2809 843 2884 Hic,
860 2830 935 2874 cum
949 2804 1096 2895 quaedam

58 2915 243 3004 prophetice
259 2916 298 2981 de
314 2939 388 2982 vere
405 2916 531 2983 Christo
553 2929 695 2992 caneret,
711 2929 744 2982 et
759 2916 863 2982 Deum
878 2925 1023 2981 nostrum
1038 2936 1096 3004 per

60 3021 215 3110 Spiritum
228 3032 373 3090 sanctum
389 3023 532 3090 canendo
547 3024 735 3100 celebraret,
749 3025 854 3091 omnia
867 3047 936 3111 quae
948 3046 967 3087 a
978 3021 1097 3089 Judaeia

56 3131 95 3197 in
108 3129 253 3220 passione
268 3131 337 3218 ejus
353 3130 525 3198 factasunt
542 3133 626 3200 clare
641 3133 851 3209 denuntiarit,
868 3133 923 3200 nbi
937 3131 1095 3209 Christus,

53 3241 117 3330 -qui
133 3263 167 3306 ee
189 3237 367 3306 humiliavit
381 3252 414 3307 et
434 3240 569 3308 formam
589 3244 670 3310 servi
690 3243 793 3311 Adam
816 3243 932 3319 induit,
948 3251 1099 3330 tanquam

63 3373 103 3417 ex
115 3371 249 3439 persona
265 3361 386 3425 nostra,
400 3349 528 3417 invocat
542 3350 646 3418 Deum
659 3365 797 3443 patrem,
812 3353 867 3441 qui
884 3352 919 3419 in
934 3349 1022 3419 omlis
1037 3361 1096 3427 eat,

63 3473 96 3528 et
110 3461 154 3528 ait
168 3458 248 3526 Paul.
269 3461 312 3526 68
324 3484 358 3526 :a
373 3459 535 3541 Quoniam
550 3462 747 3531 intraverunt
762 3487 852 3552 aquae
867 3461 1022 3551 usquead
1036 3461 1100 3528 uni·

65 3594 178 3638 »mam
189 3593 295 3638 meam
309 3595 318 3638 r
332 3571 365 3638 in
377 3569 455 3639 limo
469 3573 620 3662 profundi
631 3573 656 3650 ¹,
670 3601 683 3636 r
699 3574 804 3652 idest,
817 3575 851 3641 in
865 3574 1100 3664 corruptionem

64 3682 178 3748 interni
191 3693 322 3771 propter
336 3682 552 3752 obedientiam
564 3684 596 3750 in
612 3683 757 3774 paradiso
774 3684 950 3772 abjectam
969 3695 1025 3748 «et
1036 3705 1100 3749 non
1139 3739 1143 3746 .

68 3805 144 3859 »eat
158 3793 347 3871 substantia,
361 3821 375 3858 a
387 3793 420 3860 id
435 3806 496 3872 eat,
513 3791 675 3860 auxilium.
695 3792 912 3862 «Defecerant
925 3790 1008 3860 ccidi
1024 3791 1100 3868 mei,

64 3930 82 3964 a
97 3901 175 3969 dum
190 3923 282 3991 spero
297 3904 331 3971 in
344 3903 416 3976 Deo
427 3929 513 3984 meo,
530 3905 659 3996 quando
673 3905 791 3982 veniet,
808 3918 841 3972 et
856 3904 977 3974 atrum
991 3927 1044 3972 mo
1059 3901 1102 3968 sa-

97 4030 267 4096 wanhun,
280 4049 301 4084 r.
345 4023 349 4032 ¹
