<?xml version="1.0" encoding="UTF-8"?>
<!DOCTYPE html PUBLIC "-//W3C//DTD XHTML 1.0 Transitional//EN"
    "http://www.w3.org/TR/xhtml1/DTD/xhtml1-transitional.dtd">
<html xmlns="http://www.w3.org/1999/xhtml" xml:lang="en" lang="en">
 <head>
  <title>
</title>
<meta http-equiv="Content-Type" content="text/html;charset=utf-8" />
  <meta name='ocr-system' content='tesseract 3.04.00' />
  <meta name='ocr-capabilities' content='ocr_page ocr_carea ocr_par ocr_line ocrx_word'/>
</head>
<body>
  <div class='ocr_page' id='page_1' title='image "./collectioselect00guilgoog_0890.png"; bbox 0 0 2532 4608; ppageno 0'>
   <div class='ocr_carea' id='block_1_1' title="bbox 200 298 826 386">
    <p class='ocr_par' dir='ltr' id='par_1_1' title="bbox 200 298 826 386">
     <span class='ocr_line' id='line_1_1' title="bbox 200 298 826 386; baseline 0 -22"><span class='ocrx_word' id='word_1_1' title='bbox 200 298 263 386; x_wconf 75' lang='grc'><strong>594</strong></span> <span class='ocrx_word' id='word_1_2' title='bbox 604 319 629 360; x_wconf 83' lang='lat' dir='ltr'><strong>s.</strong></span> <span class='ocrx_word' id='word_1_3' title='bbox 656 317 826 364; x_wconf 78' lang='lat' dir='ltr'><strong>nirrocrrr</strong></span> 
     </span>
    </p>
   </div>
   <div class='ocr_carea' id='block_1_2' title="bbox 129 433 1265 3936">
    <p class='ocr_par' dir='ltr' id='par_1_2' title="bbox 201 433 1227 1186">
     <span class='ocr_line' id='line_1_2' title="bbox 201 433 1227 514; baseline 0.011 -16"><span class='ocrx_word' id='word_1_4' title='bbox 201 435 342 504; x_wconf 76' lang='lat' dir='ltr'><strong>»multra</strong></span> <span class='ocrx_word' id='word_1_5' title='bbox 352 433 880 514; x_wconf 70' lang='lat' dir='ltr'><strong>exhortationes,haeocommenda</strong></span> <span class='ocrx_word' id='word_1_6' title='bbox 895 437 1055 506; x_wconf 77' lang='lat' dir='ltr'><strong>fidelibus</strong></span> <span class='ocrx_word' id='word_1_7' title='bbox 1067 441 1227 508; x_wconf 84' lang='lat' dir='ltr'><strong>hominibu</strong></span> 
     </span>
     <span class='ocr_line' id='line_1_3' title="bbox 203 545 1225 641; baseline 0.01 -33"><span class='ocrx_word' id='word_1_8' title='bbox 203 547 283 636; x_wconf 76' lang='lat' dir='ltr'><strong>»qui</strong></span> <span class='ocrx_word' id='word_1_9' title='bbox 302 545 407 612; x_wconf 86' lang='lat' dir='ltr'><strong>idonci</strong></span> <span class='ocrx_word' id='word_1_10' title='bbox 416 559 511 614; x_wconf 84' lang='lat' dir='ltr'><strong>erunt</strong></span> <span class='ocrx_word' id='word_1_11' title='bbox 523 561 557 613; x_wconf 91' lang='lat' dir='ltr'><strong>ut</strong></span> <span class='ocrx_word' id='word_1_12' title='bbox 568 560 601 612; x_wconf 89' lang='lat' dir='ltr'><strong>et</strong></span> <span class='ocrx_word' id='word_1_13' title='bbox 611 545 691 616; x_wconf 73' lang='lat' dir='ltr'><strong>alios</strong></span> <span class='ocrx_word' id='word_1_14' title='bbox 701 549 841 618; x_wconf 65' lang='lat' dir='ltr'><strong>doceant</strong></span> <span class='ocrx_word' id='word_1_15' title='bbox 849 549 873 616; x_wconf 87' lang='lat'><strong>¹.</strong></span> <span class='ocrx_word' id='word_1_16' title='bbox 891 579 906 612; x_wconf 81' lang='lat' dir='ltr'><strong>r</strong></span> <span class='ocrx_word' id='word_1_17' title='bbox 923 551 1015 617; x_wconf 87' lang='lat' dir='ltr'><strong>Cum</strong></span> <span class='ocrx_word' id='word_1_18' title='bbox 1027 552 1127 641; x_wconf 71' lang='lat' dir='ltr'><strong>igitur</strong></span> <span class='ocrx_word' id='word_1_19' title='bbox 1138 555 1225 640; x_wconf 75' lang='lat' dir='ltr'><strong>beata</strong></span> 
     </span>
     <span class='ocr_line' id='line_1_4' title="bbox 201 653 1224 748; baseline 0.005 -24"><span class='ocrx_word' id='word_1_20' title='bbox 201 653 368 746; x_wconf 73' lang='lat' dir='ltr'>Apostolus</span> <span class='ocrx_word' id='word_1_21' title='bbox 382 655 450 722; x_wconf 77' lang='lat' dir='ltr'><strong>baec</strong></span> <span class='ocrx_word' id='word_1_22' title='bbox 465 667 560 723; x_wconf 84' lang='lat' dir='ltr'><strong>caute</strong></span> <span class='ocrx_word' id='word_1_23' title='bbox 578 680 617 724; x_wconf 86' lang='lat' dir='ltr'><strong>ac</strong></span> <span class='ocrx_word' id='word_1_24' title='bbox 628 672 716 724; x_wconf 89' lang='lat' dir='ltr'><strong>metu</strong></span> <span class='ocrx_word' id='word_1_25' title='bbox 728 659 871 726; x_wconf 83' lang='lat' dir='ltr'><strong>traderet</strong></span> <span class='ocrx_word' id='word_1_26' title='bbox 882 684 962 748; x_wconf 77' lang='lat' dir='ltr'><strong>quae</strong></span> <span class='ocrx_word' id='word_1_27' title='bbox 978 663 1023 729; x_wconf 86' lang='lat' dir='ltr'><strong>ab</strong></span> <span class='ocrx_word' id='word_1_28' title='bbox 1044 663 1224 728; x_wconf 74' lang='lat' dir='ltr'><strong>omnibmh</strong></span> 
     </span>
     <span class='ocr_line' id='line_1_5' title="bbox 201 765 1223 858; baseline 0.006 -26"><span class='ocrx_word' id='word_1_29' title='bbox 201 765 261 832; x_wconf 83' lang='lat' dir='ltr'><strong>nile</strong></span> <span class='ocrx_word' id='word_1_30' title='bbox 280 767 426 858; x_wconf 75' lang='lat' dir='ltr'><strong>cognosci</strong></span> <span class='ocrx_word' id='word_1_31' title='bbox 437 779 582 854; x_wconf 78' lang='lat' dir='ltr'><strong>poscunt,</strong></span> <span class='ocrx_word' id='word_1_32' title='bbox 600 768 709 834; x_wconf 77' lang='lat' dir='ltr'><strong>videns</strong></span> <span class='ocrx_word' id='word_1_33' title='bbox 727 767 852 836; x_wconf 74' lang='lat' dir='ltr'><strong>ncilioet</strong></span> <span class='ocrx_word' id='word_1_34' title='bbox 873 771 996 857; x_wconf 76' lang='lat' dir='ltr'><strong>spiritu</strong></span> <span class='ocrx_word' id='word_1_35' title='bbox 1014 795 1085 836; x_wconf 90' lang='lat' dir='ltr'><strong>non</strong></span> <span class='ocrx_word' id='word_1_36' title='bbox 1100 795 1165 837; x_wconf 76' lang='lat' dir='ltr'><strong>esre</strong></span> <span class='ocrx_word' id='word_1_37' title='bbox 1178 795 1223 838; x_wconf 71' lang='lat' dir='ltr'><strong>un</strong></span> 
     </span>
     <span class='ocr_line' id='line_1_6' title="bbox 203 867 1220 968; baseline 0.003 -26"><span class='ocrx_word' id='word_1_38' title='bbox 203 876 292 942; x_wconf 90' lang='lat' dir='ltr'><strong>nium</strong></span> <span class='ocrx_word' id='word_1_39' title='bbox 306 874 444 949; x_wconf 78' lang='lat' dir='ltr'><strong>iidem²3</strong></span> <span class='ocrx_word' id='word_1_40' title='bbox 459 888 578 966; x_wconf 84' lang='lat' dir='ltr'><strong>quanto</strong></span> <span class='ocrx_word' id='word_1_41' title='bbox 595 900 645 942; x_wconf 82' lang='lat' dir='ltr'><strong>res</strong></span> <span class='ocrx_word' id='word_1_42' title='bbox 657 878 748 944; x_wconf 80' lang='lat' dir='ltr'><strong>nobis</strong></span> <span class='ocrx_word' id='word_1_43' title='bbox 760 879 895 966; x_wconf 79' lang='lat' dir='ltr'><strong>majoris</strong></span> <span class='ocrx_word' id='word_1_44' title='bbox 911 867 1059 968; x_wconf 79' lang='lat' dir='ltr'><strong>periculi</strong></span> <span class='ocrx_word' id='word_1_45' title='bbox 1071 881 1139 956; x_wconf 82' lang='lat' dir='ltr'><strong>bet,</strong></span> <span class='ocrx_word' id='word_1_46' title='bbox 1154 882 1177 947; x_wconf 80' lang='lat' dir='ltr'><strong>si</strong></span> <span class='ocrx_word' id='word_1_47' title='bbox 1190 893 1220 945; x_wconf 76' lang='lat' dir='ltr'><strong>te</strong></span> 
     </span>
     <span class='ocr_line' id='line_1_7' title="bbox 201 983 1218 1080; baseline 0.007 -28"><span class='ocrx_word' id='word_1_48' title='bbox 201 1009 288 1052; x_wconf 76' lang='lat' dir='ltr'><strong>mere</strong></span> <span class='ocrx_word' id='word_1_49' title='bbox 302 983 452 1076; x_wconf 80' lang='lat' dir='ltr'><strong>nullaque</strong></span> <span class='ocrx_word' id='word_1_50' title='bbox 473 988 593 1054; x_wconf 87' lang='lat' dir='ltr'><strong>ratione</strong></span> <span class='ocrx_word' id='word_1_51' title='bbox 607 987 745 1076; x_wconf 77' lang='lat' dir='ltr'><strong>profanis</strong></span> <span class='ocrx_word' id='word_1_52' title='bbox 768 987 964 1059; x_wconf 85' lang='lat' dir='ltr'><strong>bominibus</strong></span> <span class='ocrx_word' id='word_1_53' title='bbox 989 1001 1090 1080; x_wconf 76' lang='lat' dir='ltr'><strong>atquo</strong></span> <span class='ocrx_word' id='word_1_54' title='bbox 1112 991 1218 1080; x_wconf 61' lang='lat' dir='ltr'><strong>indpit</strong></span> 
     </span>
     <span class='ocr_line' id='line_1_8' title="bbox 202 1097 693 1186; baseline 0.004 -26"><span class='ocrx_word' id='word_1_55' title='bbox 202 1097 423 1163; x_wconf 73' lang='lat' dir='ltr'><strong>tradiderimus</strong></span> <span class='ocrx_word' id='word_1_56' title='bbox 435 1098 539 1164; x_wconf 80' lang='lat' dir='ltr'><strong>divina</strong></span> <span class='ocrx_word' id='word_1_57' title='bbox 549 1097 693 1186; x_wconf 77' lang='lat' dir='ltr'><strong>eloquia?</strong></span> 
     </span>
    </p>

    <p class='ocr_par' dir='ltr' id='par_1_3' title="bbox 202 1208 1211 1848">
     <span class='ocr_line' id='line_1_9' title="bbox 245 1208 1211 1304; baseline 0 -29"><span class='ocrx_word' id='word_1_58' title='bbox 245 1209 285 1275; x_wconf 91' lang='grc' dir='ltr'><strong>ΙΙ.</strong></span> <span class='ocrx_word' id='word_1_59' title='bbox 303 1209 383 1276; x_wconf 87' lang='lat' dir='ltr'><strong>Nam</strong></span> <span class='ocrx_word' id='word_1_60' title='bbox 395 1213 469 1298; x_wconf 89' lang='lat' dir='ltr'><strong>quia</strong></span> <span class='ocrx_word' id='word_1_61' title='bbox 478 1211 563 1276; x_wconf 86' lang='lat' dir='ltr'><strong>beati</strong></span> <span class='ocrx_word' id='word_1_62' title='bbox 574 1209 738 1304; x_wconf 67' lang='lat' dir='ltr'><strong>Prophetae</strong></span> <span class='ocrx_word' id='word_1_63' title='bbox 749 1208 835 1276; x_wconf 90' lang='lat' dir='ltr'><strong>oculi</strong></span> <span class='ocrx_word' id='word_1_64' title='bbox 848 1211 950 1278; x_wconf 80' lang='lat' dir='ltr'><strong>nobis</strong></span> <span class='ocrx_word' id='word_1_65' title='bbox 962 1212 1106 1287; x_wconf 79' lang='lat' dir='ltr'><strong>fuerunt,</strong></span> <span class='ocrx_word' id='word_1_66' title='bbox 1116 1212 1211 1300; x_wconf 77' lang='lat' dir='ltr'><strong>ipripar</strong></span> 
     </span>
     <span class='ocr_line' id='line_1_10' title="bbox 202 1317 1207 1409; baseline 0.002 -25"><span class='ocrx_word' id='word_1_67' title='bbox 202 1319 300 1384; x_wconf 83' lang='lat' dir='ltr'><strong>fidem</strong></span> <span class='ocrx_word' id='word_1_68' title='bbox 316 1317 412 1385; x_wconf 82' lang='lat' dir='ltr'><strong>Verbi</strong></span> <span class='ocrx_word' id='word_1_69' title='bbox 439 1319 585 1406; x_wconf 81' lang='lat' dir='ltr'><strong>mysteria</strong></span> <span class='ocrx_word' id='word_1_70' title='bbox 609 1318 834 1408; x_wconf 69' lang='lat' dir='ltr'><strong>prnridecunt.</strong></span> <span class='ocrx_word' id='word_1_71' title='bbox 855 1344 936 1408; x_wconf 77' lang='lat' dir='ltr'><strong>quac</strong></span> <span class='ocrx_word' id='word_1_72' title='bbox 957 1333 994 1386; x_wconf 90' lang='lat' dir='ltr'><strong>et</strong></span> <span class='ocrx_word' id='word_1_73' title='bbox 1012 1319 1080 1386; x_wconf 83' lang='lat' dir='ltr'><strong>aliis</strong></span> <span class='ocrx_word' id='word_1_74' title='bbox 1098 1333 1207 1409; x_wconf 69' lang='lat' dir='ltr'><strong>pom</strong></span> 
     </span>
     <span class='ocr_line' id='line_1_11' title="bbox 202 1429 1202 1520; baseline -0.002 -24"><span class='ocrx_word' id='word_1_75' title='bbox 202 1431 281 1496; x_wconf 90' lang='lat' dir='ltr'><strong>dum</strong></span> <span class='ocrx_word' id='word_1_76' title='bbox 294 1431 437 1496; x_wconf 80' lang='lat' dir='ltr'><strong>aetatibus</strong></span> <span class='ocrx_word' id='word_1_77' title='bbox 449 1431 679 1504; x_wconf 85' lang='lat' dir='ltr'><strong>ministrarunt,</strong></span> <span class='ocrx_word' id='word_1_78' title='bbox 694 1429 813 1494; x_wconf 87' lang='lat' dir='ltr'><strong>nedum</strong></span> <span class='ocrx_word' id='word_1_79' title='bbox 822 1455 897 1518; x_wconf 77' lang='lat' dir='ltr'><strong>quae</strong></span> <span class='ocrx_word' id='word_1_80' title='bbox 909 1433 1073 1520; x_wconf 83' lang='lat' dir='ltr'><strong>praeterita</strong></span> <span class='ocrx_word' id='word_1_81' title='bbox 1083 1429 1202 1496; x_wconf 65' lang='lat' dir='ltr'><strong>canutio</strong></span> 
     </span>
     <span class='ocr_line' id='line_1_12' title="bbox 203 1537 1195 1629; baseline -0.005 -22"><span class='ocrx_word' id='word_1_82' title='bbox 203 1551 347 1629; x_wconf 77' lang='lat' dir='ltr'><strong>quenter,</strong></span> <span class='ocrx_word' id='word_1_83' title='bbox 359 1539 414 1604; x_wconf 83' lang='lat' dir='ltr'><strong>scd</strong></span> <span class='ocrx_word' id='word_1_84' title='bbox 424 1550 457 1604; x_wconf 87' lang='lat' dir='ltr'><strong>et</strong></span> <span class='ocrx_word' id='word_1_85' title='bbox 466 1540 634 1627; x_wconf 68' lang='lat' dir='ltr'><strong>praesentia</strong></span> <span class='ocrx_word' id='word_1_86' title='bbox 648 1550 742 1626; x_wconf 87' lang='lat' dir='ltr'><strong>atque</strong></span> <span class='ocrx_word' id='word_1_87' title='bbox 754 1537 860 1602; x_wconf 76' lang='lat' dir='ltr'><strong>futura</strong></span> <span class='ocrx_word' id='word_1_88' title='bbox 873 1539 1068 1614; x_wconf 77' lang='lat' dir='ltr'><strong>nuntiantes,</strong></span> <span class='ocrx_word' id='word_1_89' title='bbox 1077 1537 1195 1604; x_wconf 66' lang='lat' dir='ltr'><strong>arsum</strong></span> 
     </span>
     <span class='ocr_line' id='line_1_13' title="bbox 202 1647 1186 1739; baseline -0.006 -23"><span class='ocrx_word' id='word_1_90' title='bbox 202 1650 358 1739; x_wconf 74' lang='lat' dir='ltr'><strong>Propheta</strong></span> <span class='ocrx_word' id='word_1_91' title='bbox 378 1657 599 1738; x_wconf 83' lang='lat' dir='ltr'><strong>temporaneus</strong></span> <span class='ocrx_word' id='word_1_92' title='bbox 622 1670 690 1714; x_wconf 78' lang='lat' dir='ltr'><strong>esse</strong></span> <span class='ocrx_word' id='word_1_93' title='bbox 714 1659 969 1724; x_wconf 77' lang='lat' dir='ltr'><strong>monstraretur,</strong></span> <span class='ocrx_word' id='word_1_94' title='bbox 992 1650 1038 1713; x_wconf 77' lang='lat' dir='ltr'><strong>ord</strong></span> <span class='ocrx_word' id='word_1_95' title='bbox 1052 1661 1076 1712; x_wconf 85' lang='lat' dir='ltr'><strong>rt</strong></span> <span class='ocrx_word' id='word_1_96' title='bbox 1090 1647 1186 1712; x_wconf 74' lang='lat' dir='ltr'><strong>cnnctr&#39;r</strong></span> 
     </span>
     <span class='ocr_line' id='line_1_14' title="bbox 204 1757 1180 1848; baseline -0.01 -22"><span class='ocrx_word' id='word_1_97' title='bbox 204 1761 348 1826; x_wconf 72' lang='lat' dir='ltr'><strong>aetntibus</strong></span> <span class='ocrx_word' id='word_1_98' title='bbox 363 1757 467 1824; x_wconf 83' lang='lat' dir='ltr'><strong>sutura</strong></span> <span class='ocrx_word' id='word_1_99' title='bbox 481 1759 678 1848; x_wconf 81' lang='lat' dir='ltr'><strong>praedicerct,</strong></span> <span class='ocrx_word' id='word_1_100' title='bbox 691 1767 728 1846; x_wconf 82' lang='lat' dir='ltr'><strong>ut</strong></span> <span class='ocrx_word' id='word_1_101' title='bbox 736 1757 891 1846; x_wconf 88' lang='lat' dir='ltr'><strong>propheta</strong></span> <span class='ocrx_word' id='word_1_102' title='bbox 905 1781 983 1824; x_wconf 81' lang='lat' dir='ltr'><strong>esse</strong></span> <span class='ocrx_word' id='word_1_103' title='bbox 996 1758 1180 1823; x_wconf 68' lang='lat' dir='ltr'><strong>onumen.</strong></span> 
     </span>
    </p>

    <p class='ocr_par' dir='ltr' id='par_1_4' title="bbox 129 1867 1265 3936">
     <span class='ocr_line' id='line_1_15' title="bbox 205 1867 1194 1959; baseline -0.007 -22"><span class='ocrx_word' id='word_1_104' title='bbox 205 1872 244 1938; x_wconf 82' lang='lat' dir='ltr'><strong>Hi</strong></span> <span class='ocrx_word' id='word_1_105' title='bbox 257 1893 393 1957; x_wconf 86' lang='lat' dir='ltr'><strong>namque</strong></span> <span class='ocrx_word' id='word_1_106' title='bbox 402 1871 509 1935; x_wconf 74' lang='lat' dir='ltr'><strong>Patres</strong></span> <span class='ocrx_word' id='word_1_107' title='bbox 519 1869 629 1958; x_wconf 79' lang='lat' dir='ltr'><strong>spiritu</strong></span> <span class='ocrx_word' id='word_1_108' title='bbox 641 1867 815 1957; x_wconf 68' lang='lat' dir='ltr'><strong>prophetin</strong></span> <span class='ocrx_word' id='word_1_109' title='bbox 824 1869 943 1957; x_wconf 85' lang='lat' dir='ltr'><strong>aptati,</strong></span> <span class='ocrx_word' id='word_1_110' title='bbox 953 1868 1101 1959; x_wconf 60' lang='lat' dir='ltr'><strong>digneque</strong></span> <span class='ocrx_word' id='word_1_111' title='bbox 1109 1867 1194 1953; x_wconf 81' lang='lat' dir='ltr'><strong>rbipo</strong></span> 
     </span>
     <span class='ocr_line' id='line_1_16' title="bbox 203 1973 1199 2068; baseline -0.009 -19"><span class='ocrx_word' id='word_1_112' title='bbox 203 1979 310 2049; x_wconf 85' lang='lat' dir='ltr'><strong>Verbo</strong></span> <span class='ocrx_word' id='word_1_113' title='bbox 324 1980 482 2056; x_wconf 82' lang='lat' dir='ltr'><strong>honorati.</strong></span> <span class='ocrx_word' id='word_1_114' title='bbox 497 2001 561 2067; x_wconf 82' lang='lat' dir='ltr'><strong>quo</strong></span> <span class='ocrx_word' id='word_1_115' title='bbox 576 1977 726 2044; x_wconf 86' lang='lat' dir='ltr'><strong>nimirum</strong></span> <span class='ocrx_word' id='word_1_116' title='bbox 742 1973 827 2044; x_wconf 83' lang='lat' dir='ltr'><strong>velut</strong></span> <span class='ocrx_word' id='word_1_117' title='bbox 842 2001 969 2068; x_wconf 82' lang='lat' dir='ltr'><strong>organa</strong></span> <span class='ocrx_word' id='word_1_118' title='bbox 984 1979 1018 2043; x_wconf 89' lang='lat' dir='ltr'><strong>in</strong></span> <span class='ocrx_word' id='word_1_119' title='bbox 1034 1977 1128 2066; x_wconf 78' lang='lat' dir='ltr'><strong>reips&#39;u</strong></span> <span class='ocrx_word' id='word_1_120' title='bbox 1138 1997 1199 2040; x_wconf 72' lang='lat' dir='ltr'><strong>art-</strong></span> 
     </span>
     <span class='ocr_line' id='line_1_17' title="bbox 204 2086 1203 2180; baseline -0.006 -24"><span class='ocrx_word' id='word_1_121' title='bbox 204 2115 262 2180; x_wconf 91' lang='lat' dir='ltr'><strong>per</strong></span> <span class='ocrx_word' id='word_1_122' title='bbox 282 2089 407 2156; x_wconf 89' lang='lat' dir='ltr'><strong>unitum</strong></span> <span class='ocrx_word' id='word_1_123' title='bbox 427 2089 568 2156; x_wconf 83' lang='lat' dir='ltr'><strong>Verbum</strong></span> <span class='ocrx_word' id='word_1_124' title='bbox 591 2101 742 2177; x_wconf 83' lang='lat' dir='ltr'><strong>tanquam</strong></span> <span class='ocrx_word' id='word_1_125' title='bbox 764 2086 928 2176; x_wconf 83' lang='lat' dir='ltr'><strong>plectrum</strong></span> <span class='ocrx_word' id='word_1_126' title='bbox 954 2088 1117 2158; x_wconf 80' lang='lat' dir='ltr'><strong>baberent3</strong></span> <span class='ocrx_word' id='word_1_127' title='bbox 1134 2087 1203 2172; x_wconf 73' lang='lat' dir='ltr'><strong>cuja</strong></span> 
     </span>
     <span class='ocr_line' id='line_1_18' title="bbox 204 2194 1206 2288; baseline -0.005 -24"><span class='ocrx_word' id='word_1_128' title='bbox 204 2209 284 2264; x_wconf 91' lang='lat' dir='ltr'><strong>nutu</strong></span> <span class='ocrx_word' id='word_1_129' title='bbox 300 2209 395 2288; x_wconf 84' lang='lat' dir='ltr'><strong>atque</strong></span> <span class='ocrx_word' id='word_1_130' title='bbox 410 2197 530 2274; x_wconf 83' lang='lat' dir='ltr'><strong>afflatu,</strong></span> <span class='ocrx_word' id='word_1_131' title='bbox 546 2221 617 2285; x_wconf 81' lang='lat' dir='ltr'><strong>quae</strong></span> <span class='ocrx_word' id='word_1_132' title='bbox 631 2197 715 2264; x_wconf 82' lang='lat' dir='ltr'><strong>Deua</strong></span> <span class='ocrx_word' id='word_1_133' title='bbox 730 2194 822 2263; x_wconf 80' lang='lat' dir='ltr'><strong>vellet</strong></span> <span class='ocrx_word' id='word_1_134' title='bbox 838 2195 909 2263; x_wconf 73' lang='lat' dir='ltr'><strong>haec</strong></span> <span class='ocrx_word' id='word_1_135' title='bbox 926 2195 1094 2287; x_wconf 75' lang='lat' dir='ltr'><strong>Prophetn</strong></span> <span class='ocrx_word' id='word_1_136' title='bbox 1110 2217 1206 2262; x_wconf 73' lang='lat' dir='ltr'><strong>annm</strong></span> 
     </span>
     <span class='ocr_line' id='line_1_19' title="bbox 204 2297 1265 2395; baseline -0.008 -20"><span class='ocrx_word' id='word_1_137' title='bbox 204 2309 337 2375; x_wconf 84' lang='lat' dir='ltr'><strong>tiabant.</strong></span> <span class='ocrx_word' id='word_1_138' title='bbox 361 2307 432 2374; x_wconf 86' lang='lat' dir='ltr'><strong>Non</strong></span> <span class='ocrx_word' id='word_1_139' title='bbox 452 2307 537 2372; x_wconf 91' lang='lat' dir='ltr'><strong>enim</strong></span> <span class='ocrx_word' id='word_1_140' title='bbox 557 2329 597 2371; x_wconf 86' lang='lat' dir='ltr'><strong>ex</strong></span> <span class='ocrx_word' id='word_1_141' title='bbox 618 2327 675 2370; x_wconf 85' lang='lat' dir='ltr'><strong>sua</strong></span> <span class='ocrx_word' id='word_1_142' title='bbox 697 2302 847 2371; x_wconf 78' lang='lat' dir='ltr'><strong>facultate</strong></span> <span class='ocrx_word' id='word_1_143' title='bbox 869 2304 1088 2395; x_wconf 84' lang='lat' dir='ltr'><strong>loquebantur</strong></span> <span class='ocrx_word' id='word_1_144' title='bbox 1108 2305 1206 2390; x_wconf 72' lang='lat' dir='ltr'><strong>(acron</strong></span> <span class='ocrx_word' id='word_1_145' title='bbox 1263 2297 1265 2366; x_wconf 79' lang='lat' dir='ltr'><strong>i</strong></span> 
     </span>
     <span class='ocr_line' id='line_1_20' title="bbox 204 2413 1207 2509; baseline -0.009 -21"><span class='ocrx_word' id='word_1_146' title='bbox 204 2421 308 2509; x_wconf 90' lang='lat' dir='ltr'><strong>dico),</strong></span> <span class='ocrx_word' id='word_1_147' title='bbox 321 2441 381 2484; x_wconf 90' lang='lat' dir='ltr'><strong>nec</strong></span> <span class='ocrx_word' id='word_1_148' title='bbox 391 2440 462 2506; x_wconf 81' lang='lat' dir='ltr'><strong>quae</strong></span> <span class='ocrx_word' id='word_1_149' title='bbox 472 2417 627 2483; x_wconf 83' lang='lat' dir='ltr'><strong>exanimo</strong></span> <span class='ocrx_word' id='word_1_150' title='bbox 639 2428 743 2481; x_wconf 83' lang='lat' dir='ltr'><strong>essent</strong></span> <span class='ocrx_word' id='word_1_151' title='bbox 754 2415 822 2482; x_wconf 76' lang='lat' dir='ltr'><strong>haee</strong></span> <span class='ocrx_word' id='word_1_152' title='bbox 832 2415 1076 2504; x_wconf 82' lang='lat' dir='ltr'><strong>praedicabant⁸</strong></span> <span class='ocrx_word' id='word_1_153' title='bbox 1091 2413 1207 2502; x_wconf 72' lang='lat' dir='ltr'><strong>:sedpd</strong></span> 
     </span>
     <span class='ocr_line' id='line_1_21' title="bbox 204 2523 1208 2615; baseline -0.006 -19"><span class='ocrx_word' id='word_1_154' title='bbox 204 2553 295 2597; x_wconf 90' lang='lat' dir='ltr'><strong>mum</strong></span> <span class='ocrx_word' id='word_1_155' title='bbox 311 2525 439 2615; x_wconf 89' lang='lat' dir='ltr'><strong>quidem</strong></span> <span class='ocrx_word' id='word_1_156' title='bbox 454 2523 549 2590; x_wconf 82' lang='lat' dir='ltr'><strong>Verbi</strong></span> <span class='ocrx_word' id='word_1_157' title='bbox 571 2525 701 2590; x_wconf 89' lang='lat' dir='ltr'><strong>numine</strong></span> <span class='ocrx_word' id='word_1_158' title='bbox 723 2523 782 2589; x_wconf 87' lang='lat' dir='ltr'><strong>rite</strong></span> <span class='ocrx_word' id='word_1_159' title='bbox 802 2525 961 2613; x_wconf 79' lang='lat' dir='ltr'><strong>capientia</strong></span> <span class='ocrx_word' id='word_1_160' title='bbox 985 2525 1109 2598; x_wconf 86' lang='lat' dir='ltr'><strong>imbuti,</strong></span> <span class='ocrx_word' id='word_1_161' title='bbox 1123 2523 1208 2590; x_wconf 82' lang='lat' dir='ltr'><strong>erindr</strong></span> 
     </span>
     <span class='ocr_line' id='line_1_22' title="bbox 206 2631 1204 2726; baseline -0.002 -26"><span class='ocrx_word' id='word_1_162' title='bbox 206 2659 264 2726; x_wconf 91' lang='lat' dir='ltr'><strong>per</strong></span> <span class='ocrx_word' id='word_1_163' title='bbox 284 2634 361 2710; x_wconf 77' lang='lat' dir='ltr'><strong>visa,</strong></span> <span class='ocrx_word' id='word_1_164' title='bbox 377 2657 447 2721; x_wconf 73' lang='lat' dir='ltr'><strong>quac</strong></span> <span class='ocrx_word' id='word_1_165' title='bbox 461 2645 566 2698; x_wconf 79' lang='lat' dir='ltr'><strong>essent</strong></span> <span class='ocrx_word' id='word_1_166' title='bbox 586 2631 691 2698; x_wconf 84' lang='lat' dir='ltr'><strong>sutura</strong></span> <span class='ocrx_word' id='word_1_167' title='bbox 706 2633 807 2722; x_wconf 85' lang='lat' dir='ltr'><strong>probe</strong></span> <span class='ocrx_word' id='word_1_168' title='bbox 821 2631 1107 2722; x_wconf 72' lang='lat' dir='ltr'><strong>praedocebantrm</strong></span> <span class='ocrx_word' id='word_1_169' title='bbox 1120 2633 1204 2700; x_wconf 76' lang='lat' dir='ltr'><strong>rede·</strong></span> 
     </span>
     <span class='ocr_line' id='line_1_23' title="bbox 205 2741 1208 2837; baseline -0.009 -24"><span class='ocrx_word' id='word_1_170' title='bbox 205 2769 296 2814; x_wconf 91' lang='lat' dir='ltr'><strong>mum</strong></span> <span class='ocrx_word' id='word_1_171' title='bbox 319 2753 405 2811; x_wconf 82' lang='lat' dir='ltr'><strong>certa</strong></span> <span class='ocrx_word' id='word_1_172' title='bbox 425 2745 491 2832; x_wconf 84' lang='lat' dir='ltr'><strong>jam</strong></span> <span class='ocrx_word' id='word_1_173' title='bbox 511 2765 619 2810; x_wconf 81' lang='lat' dir='ltr'><strong>rernm</strong></span> <span class='ocrx_word' id='word_1_174' title='bbox 637 2741 713 2819; x_wconf 84' lang='lat' dir='ltr'><strong>fide,</strong></span> <span class='ocrx_word' id='word_1_175' title='bbox 735 2765 772 2808; x_wconf 84' lang='lat' dir='ltr'><strong>ea</strong></span> <span class='ocrx_word' id='word_1_176' title='bbox 794 2741 948 2810; x_wconf 85' lang='lat' dir='ltr'><strong>dicebant</strong></span> <span class='ocrx_word' id='word_1_177' title='bbox 969 2769 1011 2812; x_wconf 87' lang='lat' dir='ltr'><strong>ac</strong></span> <span class='ocrx_word' id='word_1_178' title='bbox 1033 2745 1208 2837; x_wconf 67' lang='lat' dir='ltr'><strong>pradinbmt</strong></span> 
     </span>
     <span class='ocr_line' id='line_1_24' title="bbox 206 2851 1210 2947; baseline 0 -25"><span class='ocrx_word' id='word_1_179' title='bbox 206 2881 276 2947; x_wconf 69' lang='lat' dir='ltr'><strong>quae</strong></span> <span class='ocrx_word' id='word_1_180' title='bbox 293 2853 352 2922; x_wconf 80' lang='lat' dir='ltr'><strong>iliis</strong></span> <span class='ocrx_word' id='word_1_181' title='bbox 365 2853 472 2921; x_wconf 86' lang='lat' dir='ltr'><strong>divino</strong></span> <span class='ocrx_word' id='word_1_182' title='bbox 484 2853 620 2920; x_wconf 88' lang='lat' dir='ltr'><strong>Numine</strong></span> <span class='ocrx_word' id='word_1_183' title='bbox 637 2853 788 2919; x_wconf 78' lang='lat' dir='ltr'><strong>duntaxat</strong></span> <span class='ocrx_word' id='word_1_184' title='bbox 803 2854 975 2922; x_wconf 76' lang='lat' dir='ltr'><strong>manifesta</strong></span> <span class='ocrx_word' id='word_1_185' title='bbox 988 2851 1210 2941; x_wconf 50' lang='lat' dir='ltr'><strong>sommantio&amp;</strong></span> 
     </span>
     <span class='ocr_line' id='line_1_25' title="bbox 206 2961 1210 3056; baseline -0.009 -23"><span class='ocrx_word' id='word_1_186' title='bbox 206 2989 282 3033; x_wconf 78' lang='lat' dir='ltr'><strong>vero</strong></span> <span class='ocrx_word' id='word_1_187' title='bbox 303 2962 497 3031; x_wconf 81' lang='lat' dir='ltr'><strong>abscondita.</strong></span> <span class='ocrx_word' id='word_1_188' title='bbox 516 2963 673 3049; x_wconf 77' lang='lat' dir='ltr'><strong>Namque</strong></span> <span class='ocrx_word' id='word_1_189' title='bbox 693 2963 815 3028; x_wconf 85' lang='lat' dir='ltr'><strong>rationo</strong></span> <span class='ocrx_word' id='word_1_190' title='bbox 834 2961 1001 3052; x_wconf 86' lang='lat' dir='ltr'><strong>Propheta</strong></span> <span class='ocrx_word' id='word_1_191' title='bbox 1017 2966 1160 3056; x_wconf 75' lang='lat' dir='ltr'><strong>propbeta</strong></span> <span class='ocrx_word' id='word_1_192' title='bbox 1177 2985 1210 3026; x_wconf 75' lang='lat' dir='ltr'><strong>ro</strong></span> 
     </span>
     <span class='ocr_line' id='line_1_26' title="bbox 205 3069 1264 3164; baseline -0.009 -20"><span class='ocrx_word' id='word_1_193' title='bbox 205 3087 347 3152; x_wconf 84' lang='lat' dir='ltr'><strong>caretur,</strong></span> <span class='ocrx_word' id='word_1_194' title='bbox 364 3074 422 3140; x_wconf 80' lang='lat' dir='ltr'><strong>nisi</strong></span> <span class='ocrx_word' id='word_1_195' title='bbox 443 3097 513 3162; x_wconf 73' lang='lat' dir='ltr'><strong>qute</strong></span> <span class='ocrx_word' id='word_1_196' title='bbox 534 3084 607 3138; x_wconf 82' lang='lat' dir='ltr'><strong>sunt</strong></span> <span class='ocrx_word' id='word_1_197' title='bbox 628 3069 733 3137; x_wconf 83' lang='lat' dir='ltr'><strong>sutura</strong></span> <span class='ocrx_word' id='word_1_198' title='bbox 755 3071 866 3160; x_wconf 88' lang='lat' dir='ltr'><strong>spiritu</strong></span> <span class='ocrx_word' id='word_1_199' title='bbox 887 3070 1106 3159; x_wconf 64' lang='lat' dir='ltr'><strong>praevideret?</strong></span> <span class='ocrx_word' id='word_1_200' title='bbox 1122 3071 1212 3140; x_wconf 77' lang='lat' dir='ltr'><strong>dani</strong></span> <span class='ocrx_word' id='word_1_201' title='bbox 1262 3085 1264 3164; x_wconf 63' lang='lat' dir='ltr'><strong>t</strong></span> 
     </span>
     <span class='ocr_line' id='line_1_27' title="bbox 207 3176 1264 3276; baseline -0.009 -22"><span class='ocrx_word' id='word_1_202' title='bbox 207 3186 365 3276; x_wconf 86' lang='lat' dir='ltr'><strong>Propheta</strong></span> <span class='ocrx_word' id='word_1_203' title='bbox 379 3183 419 3249; x_wconf 89' lang='lat' dir='ltr'><strong>de</strong></span> <span class='ocrx_word' id='word_1_204' title='bbox 433 3206 508 3250; x_wconf 81' lang='lat' dir='ltr'><strong>casu</strong></span> <span class='ocrx_word' id='word_1_205' title='bbox 523 3179 628 3270; x_wconf 83' lang='lat' dir='ltr'><strong>aliquo</strong></span> <span class='ocrx_word' id='word_1_206' title='bbox 643 3179 839 3266; x_wconf 83' lang='lat' dir='ltr'><strong>loqueretur,</strong></span> <span class='ocrx_word' id='word_1_207' title='bbox 851 3202 891 3244; x_wconf 91' lang='lat' dir='ltr'><strong>ea</strong></span> <span class='ocrx_word' id='word_1_208' title='bbox 907 3176 1213 3268; x_wconf 66' lang='lat' dir='ltr'><strong>loquendorum</strong></span> <span class='ocrx_word' id='word_1_209' title='bbox 1262 3189 1264 3199; x_wconf 62' lang='lat'><strong><em>¹</em></strong></span> 
     </span>
     <span class='ocr_line' id='line_1_28' title="bbox 208 3285 1215 3390; baseline -0.01 -26"><span class='ocrx_word' id='word_1_210' title='bbox 208 3296 376 3390; x_wconf 84' lang='lat' dir='ltr'><strong>propheta,</strong></span> <span class='ocrx_word' id='word_1_211' title='bbox 399 3317 467 3382; x_wconf 79' lang='lat' dir='ltr'><strong>quae</strong></span> <span class='ocrx_word' id='word_1_212' title='bbox 488 3293 529 3357; x_wconf 91' lang='lat' dir='ltr'><strong>ob</strong></span> <span class='ocrx_word' id='word_1_213' title='bbox 554 3289 666 3358; x_wconf 80' lang='lat' dir='ltr'><strong>oculos</strong></span> <span class='ocrx_word' id='word_1_214' title='bbox 685 3289 810 3357; x_wconf 74' lang='lat' dir='ltr'><strong>cunctis</strong></span> <span class='ocrx_word' id='word_1_215' title='bbox 831 3289 938 3378; x_wconf 83' lang='lat' dir='ltr'><strong>posita</strong></span> <span class='ocrx_word' id='word_1_216' title='bbox 958 3303 1068 3357; x_wconf 70' lang='lat' dir='ltr'><strong>essent</strong></span> <span class='ocrx_word' id='word_1_217' title='bbox 1089 3315 1099 3355; x_wconf 88' lang='lat'>:</span> <span class='ocrx_word' id='word_1_218' title='bbox 1117 3285 1215 3375; x_wconf 70' lang='lat' dir='ltr'><strong>sedni</strong></span> 
     </span>
     <span class='ocr_line' id='line_1_29' title="bbox 207 3395 1215 3490; baseline -0.016 -13"><span class='ocrx_word' id='word_1_219' title='bbox 207 3410 312 3478; x_wconf 76' lang='lat' dir='ltr'><strong>tutum</strong></span> <span class='ocrx_word' id='word_1_220' title='bbox 338 3416 456 3480; x_wconf 87' lang='lat' dir='ltr'><strong>narret,</strong></span> <span class='ocrx_word' id='word_1_221' title='bbox 477 3403 503 3468; x_wconf 78' lang='lat' dir='ltr'><strong>ia</strong></span> <span class='ocrx_word' id='word_1_222' title='bbox 529 3401 643 3468; x_wconf 89' lang='lat' dir='ltr'><strong>merito</strong></span> <span class='ocrx_word' id='word_1_223' title='bbox 664 3399 819 3490; x_wconf 86' lang='lat' dir='ltr'><strong>propheta</strong></span> <span class='ocrx_word' id='word_1_224' title='bbox 845 3397 1046 3466; x_wconf 82' lang='lat' dir='ltr'><strong>existimatus</strong></span> <span class='ocrx_word' id='word_1_225' title='bbox 1069 3409 1126 3465; x_wconf 70' lang='lat' dir='ltr'><strong>eat.</strong></span> <span class='ocrx_word' id='word_1_226' title='bbox 1151 3395 1215 3462; x_wconf 74' lang='lat' dir='ltr'><strong>Vnde</strong></span> 
     </span>
     <span class='ocr_line' id='line_1_30' title="bbox 204 3507 1213 3600; baseline -0.014 -16"><span class='ocrx_word' id='word_1_227' title='bbox 204 3515 432 3584; x_wconf 80' lang='lat' dir='ltr'><strong>convenienter</strong></span> <span class='ocrx_word' id='word_1_228' title='bbox 444 3511 609 3600; x_wconf 77' lang='lat' dir='ltr'><strong>Prophetae</strong></span> <span class='ocrx_word' id='word_1_229' title='bbox 624 3535 642 3575; x_wconf 87' lang='lat' dir='ltr'><strong>a</strong></span> <span class='ocrx_word' id='word_1_230' title='bbox 661 3508 817 3598; x_wconf 89' lang='lat' dir='ltr'><strong>principio</strong></span> <span class='ocrx_word' id='word_1_231' title='bbox 835 3507 1018 3576; x_wconf 68' lang='lat' dir='ltr'><strong>Videam*</strong></span> <span class='ocrx_word' id='word_1_232' title='bbox 1036 3509 1213 3576; x_wconf 78' lang='lat' dir='ltr'><strong>vocabantur.</strong></span> 
     </span>
     <span class='ocr_line' id='line_1_31' title="bbox 209 3617 1215 3708; baseline -0.006 -18"><span class='ocrx_word' id='word_1_233' title='bbox 209 3625 299 3692; x_wconf 87' lang='lat' dir='ltr'><strong>Unde</strong></span> <span class='ocrx_word' id='word_1_234' title='bbox 321 3637 354 3692; x_wconf 86' lang='lat' dir='ltr'><strong>et</strong></span> <span class='ocrx_word' id='word_1_235' title='bbox 378 3643 563 3690; x_wconf 87' lang='lat' dir='ltr'><strong>noseorum</strong></span> <span class='ocrx_word' id='word_1_236' title='bbox 585 3621 684 3708; x_wconf 86' lang='lat' dir='ltr'><strong>probe</strong></span> <span class='ocrx_word' id='word_1_237' title='bbox 705 3619 791 3686; x_wconf 91' lang='lat' dir='ltr'><strong>docti</strong></span> <span class='ocrx_word' id='word_1_238' title='bbox 814 3617 978 3696; x_wconf 84' lang='lat' dir='ltr'><strong>vaticinia,</strong></span> <span class='ocrx_word' id='word_1_239' title='bbox 995 3643 1061 3686; x_wconf 91' lang='lat' dir='ltr'><strong>non</strong></span> <span class='ocrx_word' id='word_1_240' title='bbox 1076 3643 1116 3686; x_wconf 80' lang='lat' dir='ltr'><strong>ex</strong></span> <span class='ocrx_word' id='word_1_241' title='bbox 1134 3628 1215 3684; x_wconf 77' lang='lat' dir='ltr'><strong>nostr·</strong></span> 
     </span>
     <span class='ocr_line' id='line_1_32' title="bbox 129 3723 1213 3820; baseline -0.005 -23"><span class='ocrx_word' id='word_1_242' title='bbox 129 3727 142 3742; x_wconf 76' lang='grc'><em>”</em></span> <span class='ocrx_word' id='word_1_243' title='bbox 208 3755 301 3798; x_wconf 81' lang='lat' dir='ltr'><strong>censu</strong></span> <span class='ocrx_word' id='word_1_244' title='bbox 316 3729 487 3820; x_wconf 88' lang='lat' dir='ltr'><strong>loquimur.</strong></span> <span class='ocrx_word' id='word_1_245' title='bbox 510 3729 580 3796; x_wconf 88' lang='lat' dir='ltr'><strong>Non</strong></span> <span class='ocrx_word' id='word_1_246' title='bbox 595 3725 680 3792; x_wconf 92' lang='lat' dir='ltr'><strong>enim</strong></span> <span class='ocrx_word' id='word_1_247' title='bbox 695 3724 747 3792; x_wconf 86' lang='lat' dir='ltr'><strong>alii</strong></span> <span class='ocrx_word' id='word_1_248' title='bbox 762 3723 843 3802; x_wconf 87' lang='lat' dir='ltr'><strong>aliis,</strong></span> <span class='ocrx_word' id='word_1_249' title='bbox 859 3749 932 3816; x_wconf 82' lang='lat' dir='ltr'><strong>quae</strong></span> <span class='ocrx_word' id='word_1_250' title='bbox 953 3727 1080 3815; x_wconf 87' lang='lat' dir='ltr'><strong>pridem</strong></span> <span class='ocrx_word' id='word_1_251' title='bbox 1094 3723 1213 3816; x_wconf 76' lang='lat' dir='ltr'><strong>prcdott</strong></span> 
     </span>
     <span class='ocr_line' id='line_1_33' title="bbox 207 3833 1262 3936; baseline -0.005 -30"><span class='ocrx_word' id='word_1_252' title='bbox 207 3851 284 3906; x_wconf 82' lang='lat' dir='ltr'><strong>sunt</strong></span> <span class='ocrx_word' id='word_1_253' title='bbox 299 3841 407 3915; x_wconf 82' lang='lat' dir='ltr'><strong>verba,</strong></span> <span class='ocrx_word' id='word_1_254' title='bbox 424 3837 512 3906; x_wconf 81' lang='lat' dir='ltr'><strong>novis</strong></span> <span class='ocrx_word' id='word_1_255' title='bbox 534 3849 657 3904; x_wconf 79' lang='lat' dir='ltr'><strong>mutme</strong></span> <span class='ocrx_word' id='word_1_256' title='bbox 677 3847 850 3936; x_wconf 77' lang='lat' dir='ltr'><strong>tentamur,</strong></span> <span class='ocrx_word' id='word_1_257' title='bbox 867 3861 1009 3926; x_wconf 87' lang='lat' dir='ltr'><strong>quorum</strong></span> <span class='ocrx_word' id='word_1_258' title='bbox 1023 3833 1210 3928; x_wconf 79' lang='lat' dir='ltr'><strong>scripturarit</strong></span> <span class='ocrx_word' id='word_1_259' title='bbox 1261 3888 1262 3910; x_wconf 34' lang='lat'>1</span> 
     </span>
    </p>
   </div>
   <div class='ocr_carea' id='block_1_3' title="bbox 1264 2525 1267 3082">
    <p class='ocr_par' dir='ltr' id='par_1_5' title="bbox 1264 2525 1267 3082">
     <span class='ocr_line' id='line_1_34' title="bbox 1264 2525 1267 3082; baseline 0 0"><span class='ocrx_word' id='word_1_260' title='bbox 1264 2525 1267 3082; x_wconf 95' lang='lat' dir='ltr'><strong> </strong></span> 
     </span>
    </p>
   </div>
   <div class='ocr_carea' id='block_1_4' title="bbox 243 3963 1262 4032">
    <p class='ocr_par' dir='ltr' id='par_1_6' title="bbox 243 3963 1262 4032">
     <span class='ocr_line' id='line_1_35' title="bbox 243 3963 1262 4032; baseline -0.008 -13"><span class='ocrx_word' id='word_1_261' title='bbox 243 3963 1176 4032; x_wconf 61' lang='lat' dir='ltr'><strong>¹utimar,r.-²2Theas.nr,a.—⁸aPct.r,ar.—¹rbteg.ar‚p</strong></span> <span class='ocrx_word' id='word_1_262' title='bbox 1260 3989 1262 3994; x_wconf 68' lang='lat'>,</span> 
     </span>
    </p>
   </div>
   <div class='ocr_carea' id='block_1_5' title="bbox 1259 4055 1262 4146">
    <p class='ocr_par' dir='ltr' id='par_1_7' title="bbox 1259 4055 1262 4146">
     <span class='ocr_line' id='line_1_36' title="bbox 1260 4055 1262 4086; baseline 0 0"><span class='ocrx_word' id='word_1_263' title='bbox 1260 4055 1262 4086; x_wconf 78' lang='lat' dir='ltr'><strong>t</strong></span> 
     </span>
     <span class='ocr_line' id='line_1_37' title="bbox 1259 4109 1262 4146; baseline 0 0"><span class='ocrx_word' id='word_1_264' title='bbox 1259 4109 1262 4146; x_wconf 73' lang='lat' dir='ltr'><strong>i</strong></span> 
     </span>
    </p>
   </div>
   <div class='ocr_carea' id='block_1_6' title="bbox 0 0 1278 4608">
    <p class='ocr_par' dir='ltr' id='par_1_8' title="bbox 0 0 1278 4608">
     <span class='ocr_line' id='line_1_38' title="bbox 0 0 1278 4608; baseline 0 0"><span class='ocrx_word' id='word_1_265' title='bbox 0 0 1278 4608; x_wconf 95' lang='lat' dir='ltr'><strong> </strong></span> 
     </span>
    </p>
   </div>
  </div>
 </body>
</html>
