2478 4594
352 295 543 348 srnonnrrrr
565 301 625 346 nan.
651 265 694 344 a(

115 469 122 485 .
164 461 172 483 .
219 465 228 486 .
274 423 359 486 ,ΒΜ
373 437 405 486 to
418 435 520 486 mente
536 431 683 506 perpetuo
696 421 796 496 colas,

99 527 234 605 litorius
252 544 311 586 aaa
328 527 467 604 torhona
485 529 619 587 existunt
635 542 737 584 mann.
853 573 856 580 .

17 649 84 717 lure
95 667 169 736 ergo
183 643 273 712 Plato
291 645 573 734 «prestantissima
588 663 722 735 quaeqae
733 644 861 734 ingenia
870 643 1035 735 adceper-

17 755 154 825 rsendnm
176 752 256 820 iliud
273 752 447 843 disciplinae
468 775 573 844 genas
585 753 765 829 meneiaoit,
781 752 875 841 qnod
883 754 949 841 jann
966 765 1046 820 anto

17 865 193 933 ‚maximnm
205 875 273 928 osse
284 862 441 939 diximus,
454 861 518 929 hoc
525 873 572 928 est
581 862 621 927 ad
627 861 869 952 percipiendam
876 861 953 928 boni
964 881 1045 951 cog·

17 974 176 1040 »nitionem
185 1019 194 1049 ,
203 993 306 1059 eoque
315 970 445 1037 tandem
461 971 662 1037 ascenrlemio
675 969 1045 1060 perveniendquaotl

17 1079 150 1170 »quidem
166 1101 230 1145 non
245 1076 332 1168 jam,
355 1080 487 1167 opinor,
511 1091 626 1146 testam
641 1091 824 1145 convertere
845 1077 957 1156 riserit,
982 1074 1046 1146 aeti

17 1190 164 1255 ›animnm
179 1188 223 1253 ita
240 1185 503 1264 oireumduoere,
521 1200 557 1252 ut
579 1209 619 1253 ex
637 1199 796 1254 nocturno
813 1188 952 1277 quodam
970 1187 1043 1265 dio,

17 1317 96 1364 lvere
107 1297 149 1362 ad
161 1291 240 1363 illud
252 1295 340 1385 quod
355 1307 421 1373 est,
438 1295 501 1362 hac
515 1319 573 1362 sua
585 1295 794 1364 conversione
804 1297 913 1363 redeat
924 1347 933 1374 ,
946 1312 1045 1385 quam

17 1423 100 1470 osane
119 1427 229 1470 veram
252 1385 488 1492 Philosophiam
507 1425 576 1470 esso
593 1403 747 1470 dicemus.
764 1431 777 1466 a
792 1402 894 1494 Cujus
910 1401 974 1482 ilii,
991 1406 1049 1493 qni

17 1524 168 1602 :ompotes
180 1512 316 1588 inerint,
330 1535 426 1578 aureo
437 1533 553 1602 genere
565 1524 648 1580 satos
659 1533 728 1578 esse
742 1513 947 1602 pronuntiat,
965 1513 1050 1580 ‹tunr

17 1621 50 1685 rit
69 1644 77 1685 :
96 1621 226 1687 Fratres
242 1619 358 1708 qnidam
375 1621 599 1687 calamistris.
620 1622 684 1703 Qui
698 1633 808 1688 autem
822 1646 862 1689 ex
879 1643 976 1690 aureo
991 1621 1051 1688 itta

17 1747 115 1817 prere
128 1741 215 1808 sunt,
224 1729 321 1796 iidem
335 1730 572 1796 accuratissime
585 1729 625 1797 da
635 1732 732 1797 rebus
744 1731 895 1797 omnibus
903 1722 1049 1821 judicare

17 1849 143 1904 tossunt.
163 1835 305 1904 Patentis
321 1835 419 1926 igitur
438 1859 476 1903 ao
501 1853 610 1903 rerum
634 1839 778 1904 omnium
793 1837 962 1904 Effectoris
975 1861 1049 1905 sen·

17 1955 72 2012 trm
87 1969 128 2010 ex
144 1945 299 2011 omnibns·
309 1942 451 2032 aliquem¹
463 1944 590 2020 omnia,
615 1945 718 2010 nativa
734 1945 936 2032 quadam‘vi,
949 1969 987 2013 ac
1001 1945 1048 2012 ci·

17 2063 48 2119 ra
62 2049 158 2118 tallias
174 2049 352 2141 discipline·
370 2051 591 2140 adjumentum
601 2048 763 2120 hauriunt.
780 2053 822 2120 Et
833 2053 963 2142 quidem
978 2055 1049 2121 ina*

17 2161 122 2228 limata
143 2183 219 2227 cum
237 2159 415 2226 virentibus
437 2157 643 2228 affectionum
664 2161 890 2228 communione
907 2163 1049 2254 jungun-

17 2284 69 2347 nr,
84 2289 129 2336 ex
142 2265 357 2334 animantibus
370 2279 476 2332 autem
488 2266 551 2335 vit'a
563 2268 701 2358 praeditis
715 2267 773 2336 alia
784 2271 850 2358 jam
861 2269 1050 2340 immortalia

17 2387 100 2454 nnt,
115 2388 151 2442 et
162 2378 196 2442 in
209 2375 294 2442 diem
310 2376 489 2444 etiamnum
503 2373 659 2444 laborant.
680 2377 777 2446 Atax
792 2375 979 2447 mortalibus
990 2379 1050 2448 alia

17 2502 27 2550 t
43 2494 147 2550 metu
161 2483 352 2561 constituta,
367 2485 517 2552 maternis
534 2483 641 2552 adhuc
654 2486 830 2554 visceribus
841 2485 963 2556 inclusa
979 2511 1052 2578 ges-

17 2603 116 2658 antur
132 2613 143 2656 ε
158 2589 215 2656 alia
238 2593 303 2678 jam
324 2592 372 2657 sni
387 2591 488 2681 juris,
505 2617 563 2659 suo
578 2617 611 2658 se
633 2591 765 2662 consilio
781 2595 975 2686 arbitrioque
999 2617 1051 2662 re·

17 2713 90 2767 unt.
119 2699 195 2765 Jnm
215 2697 385 2767 hominum
407 2723 506 2790 genus
533 2703 717 2769 universum
735 2703 767 2770 in
790 2703 918 2772 Grecos
933 2707 1051 2772 Barba*

17 2831 123 2898 osque
139 2807 290 2875 dividitur
305 2833 313 2875 :
328 2829 466 2899 quorum
480 2832 500 2876 e
513 2835 666 2890 numero,
678 2807 764 2879 nulla
774 2837 905 2904 prorsus
915 2839 1051 2906 usquam

17 2931 52 2984 nt
69 2915 291 3007 agricolarum
306 2931 362 2984 aut
377 2931 558 3007 pastorum,
575 2943 614 2988 ac
637 2945 677 2987 ne
693 2942 806 2988 eorum
826 2924 976 3013 quidem,
996 2925 1051 3014 qui

17 3051 29 3094 a
46 3027 185 3093 civitate
202 3026 341 3116 dogunt,
358 3029 445 3094 natio
460 3041 527 3106 est,
548 3049 618 3118 quae
637 3031 755 3107 vitam,
772 3031 893 3121 absque
906 3054 946 3098 eo
964 3033 1052 3121 quod

17 3137 70 3226 jus
83 3148 233 3202 mentem
246 3135 373 3203 Naturae
386 3137 556 3226 superioris
569 3129 647 3204 fides
659 3139 843 3228 occuparit,
857 3138 975 3206 ducere
986 3153 1052 3207 tue·

17 3231 92 3334 ique
115 3243 229 3332 possit.
254 3245 364 3333 itaquo
380 3243 489 3334 populi
505 3267 634 3322 omnes,
656 3246 720 3313 sive
735 3245 902 3314 Orientem
925 3246 1051 3326 colant,

17 3353 63 3418 ive
82 3351 198 3418 littora
216 3345 400 3417 Occidentis
418 3349 529 3417 ultima
544 3364 697 3430 teneant,
717 3353 782 3420 sive
796 3354 838 3421 ad
854 3343 1052 3445 Septentrio-

17 3485 98 3538 em,
118 3461 189 3526 sive
205 3460 245 3525 ad
262 3459 427 3526 Meridiem
442 3461 600 3538 habitent,
617 3485 714 3529 unam
729 3475 761 3528 et
777 3463 924 3550 eamdem
939 3465 1020 3554 ejus,
1034 3490 1051 3532 a

18 3595 63 3636 uo
82 3569 273 3636 institutum
285 3561 349 3634 hoc
364 3569 535 3658 imperium
547 3581 596 3636 est
610 3621 620 3647 ,
633 3570 892 3659 anticipationem
902 3569 1022 3640 habent
1039 3597 1049 3640 τ

17 3705 77 3746 um
94 3677 176 3744 loca
191 3678 311 3766 pariter
327 3689 358 3742 et
374 3676 539 3767 aequaliter
550 3679 656 3746 omnia
667 3729 676 3755 ,
689 3675 851 3770 generales
864 3704 995 3772 quaeque
1005 3685 1052 3749 ris

17 3787 86 3854 lius
104 3783 285 3852 effectricis
301 3787 442 3852 actiones
454 3785 626 3878 complexe
641 3787 712 3854 sint.
734 3787 798 3857 Sed
813 3802 919 3859 tamen
935 3792 1052 3860 curiosi

17 3895 41 3963 li
58 3921 81 3965 a
97 3895 227 3964 Graecis
243 3894 444 3985 Philosophi,
458 3897 673 3966 Barbarorom
684 3901 820 3990 permoti
830 3889 1051 3992 Philosophia,

149 4027 191 4069 tv.
903 4010 940 4073 rfi
