2522 4608
196 215 259 294 546
506 229 680 276 coenantis
704 227 915 276 abaciacum
1004 263 1006 266 .

196 349 318 420 facilius
335 349 496 440 (ligarunt,
516 362 549 416 et
566 371 600 414 se
616 349 658 416 ad
675 371 786 415 omues
807 369 899 415 casus
920 348 1058 437 aptiores
1075 349 1222 416 officiunt.

195 464 269 530 tam
286 483 361 528 seso
383 460 505 528 lection
527 481 598 550 quae
618 461 716 550 pedes
737 461 858 530 babent
875 472 1062 551 argenteos,
1083 481 1224 552 magnam

196 573 407 664 arrogantiam
420 583 578 662 arguunt:
594 584 627 637 et
636 574 719 638 ebur
732 571 820 660 quod
829 583 878 637 est
889 571 922 637 in
933 567 1074 646 lectulis,
1086 591 1162 638 cum
1173 571 1225 637 ele

119 727 122 734 .
195 681 322 773 pbantis
332 705 448 772 cospus
459 681 586 771 reliquit
600 681 752 758 animam,
765 693 890 748 nonest
904 703 1006 770 usque
1018 681 1099 746 adeo
1110 681 1224 749 licitum

195 794 313 862 sancto
326 793 523 871 bominibus,
536 805 571 858 ut
586 789 672 882 quod
683 793 811 860 inesset
827 792 977 882 ignavum
994 791 1036 858 sit
1051 793 1168 882 quietis
1180 815 1225 858 ar-

197 905 343 974 tificium.
361 906 433 976 Non
446 917 495 970 eat
505 926 582 994 engo
594 903 737 969 studium
748 905 780 969 in
792 926 829 969 ea
841 903 1076 971 conferendum
1088 925 1098 968 a
1112 916 1224 970 nonest

196 1018 283 1084 enim
297 1017 530 1108 possessoribus
545 1037 658 1081 eorum
674 1036 748 1079 usus
762 1013 955 1104 prohibitus,
971 1013 1030 1079 sed
1041 1013 1133 1102 quod
1148 1015 1178 1079 in
1187 1015 1223 1080 eis

197 1128 328 1218 ponitur
343 1127 484 1194 studium
500 1136 548 1191 est
564 1123 784 1213 prohibituma
804 1145 869 1188 non
888 1135 938 1186 est
957 1121 1046 1187 enim
1065 1122 1126 1186 sita
1144 1121 1222 1188 ineis

198 1236 340 1304 felicitas.
356 1236 477 1303 Rursus
488 1246 597 1300 autem
612 1233 709 1301 babet
721 1231 839 1321 aliquid
849 1254 937 1298 vansa
951 1231 1078 1328 gloniae,
1091 1231 1221 1323 qualisin

202 1347 331 1437 Cynicis
349 1347 422 1424 snit,
446 1347 487 1414 ad
502 1344 739 1420 dormiendum,
759 1342 1033 1432 quemadmodum
1052 1341 1220 1416 Diomedes.

197 1483 231 1527 Se
243 1481 390 1526 exercere
403 1481 411 1523 :

318 1609 504 1688 agrestisque
516 1607 602 1668 bovis
611 1621 778 1669 constrarat
792 1621 910 1688 tergora
918 1607 1043 1668 subtus:

201 1762 261 1830 nisi
276 1761 358 1826 forte
376 1770 468 1849 cogat
482 1778 573 1826 casus
589 1757 713 1848 aliquis.
733 1757 860 1848 Ulysses
875 1769 980 1825 autam
994 1759 1094 1846 quod
1115 1757 1216 1824 inlecta

200 1868 333 1962 nuptiali
360 1865 573 1945 claudicabat,
596 1869 759 1958 supposito
785 1867 890 1959 lapide
919 1869 1120 1958 configebat
1142 1867 1216 1934 'tam

200 1979 375 2071 frugalitas,
386 1991 420 2046 et
435 1980 552 2056 nativa,
564 1975 626 2046 nso
641 1979 836 2046 extrinsecus
851 1981 950 2070 petita
965 1981 1076 2070 operis
1090 1978 1218 2070 simplici-

199 2104 248 2158 tas
261 2113 326 2157 uon
338 2090 441 2157 solum
454 2089 541 2180 apud
555 2091 707 2186 privatos,
720 2090 776 2156 sed
788 2090 885 2158 ctiam
897 2091 982 2181 apud
996 2103 1147 2158 veterum
1157 2087 1219 2157 Gru

200 2223 314 2270 conum
328 2201 487 2292 principos
502 2201 720 2267 exemobatur.
741 2201 933 2290 Quanquam
950 2201 1032 2290 qnid
1053 2201 1099 2268 (le
1114 2201 1149 2267 iis
1161 2197 1219 2267 nubi

202 2313 309 2381 diceas
329 2335 408 2402 opus
427 2311 500 2378 est?
515 2311 617 2378 Jacob
637 2309 727 2378 bunai
750 2311 941 2388 dormiebat,
961 2321 995 2377 et
1019 2310 1105 2401 lapis
1126 2307 1219 2376 acatal

203 2421 350 2514 pulvinus
363 2445 371 2488 τ
384 2434 480 2510 atque
495 2445 534 2487 eo
550 2423 679 2511 quidem
690 2433 835 2512 tempore
846 2421 959 2512 dignus
973 2431 1022 2487 est
1037 2421 1168 2489 babitus
1179 2417 1220 2508 qui

201 2533 367 2609 visionem,
384 2553 455 2620 quaa
468 2555 564 2622 supra
579 2531 725 2599 hominos
739 2545 836 2607 esset,
853 2532 983 2599 videret.
999 2531 1105 2599 Nobis
1117 2543 1219 2601 auten.

201 2655 236 2710 ut
252 2643 365 2708 nationi
381 2643 543 2718 convenit,
560 2642 694 2733 simplici
713 2641 812 2710 cubili
827 2655 860 2709 et
875 2639 989 2733 frugali
1002 2641 1163 2710 utendum
1174 2651 1219 2714 est.

202 2752 290 2842 quod
303 2751 421 2818 habeat
433 2751 467 2818 id
480 2753 568 2842 quod
582 2776 640 2820 nos
654 2753 743 2842 juset
757 2753 958 2820 moderatum
974 2761 1008 2818 et
1026 2753 1219 2820 conveniens:

203 2865 228 2932 si
243 2873 339 2930 ustus
352 2863 406 2940 sit,
423 2863 510 2952 quod
525 2873 688 2954 protegata
707 2865 733 2930 si
754 2863 795 2931 sit
817 2864 927 2954 frigus,
943 2859 1035 2952 qnod
1053 2861 1169 2929 foveat
1186 2860 1221 2927 Sit

203 2985 311 3040 sutem
320 2972 422 3040 lectus
433 2995 499 3040 non
511 2974 675 3041 allabseet
687 2975 811 3041 cnsioss
822 2973 937 3050 laetus,
948 2972 1117 3064 pedesque
1127 2970 1220 3040 halus

202 3085 314 3175 planos
330 3105 368 3151 ao
381 3083 465 3151 lases
481 3085 597 3151 animis
613 3085 698 3152 enim
713 3085 845 3152 curiosae
860 3091 1034 3150 tornatusae
1045 3106 1134 3174 saepe
1144 3081 1221 3171 septi·

157 3207 160 3214 '
202 3193 282 3262 lium
301 3193 420 3262 semitas
439 3205 513 3261 sunt
532 3195 753 3269 animantium,
775 3195 853 3262 dum
871 3197 904 3261 in
922 3193 1071 3261 incisuris
1090 3194 1163 3260 artis
1173 3191 1221 3259 cir-

203 3305 461 3384 oumvolsuntur,
475 3315 510 3372 et
524 3305 655 3372 minime
671 3305 866 3372 dilabuntur.
885 3305 923 3372 ln
936 3305 1047 3394 primis
1062 3317 1168 3373 autem
1181 3325 1221 3368 ou·

205 3416 278 3484 bilis
290 3415 439 3484 mollitias
460 3416 637 3493 modemte,
654 3428 688 3482 et
705 3428 802 3506 prout
818 3415 901 3482 viros
916 3415 1022 3492 decet,
1038 3413 1220 3506 procuranda

205 3539 253 3593 eat
267 3547 276 3591 ε
290 3549 355 3593 non
370 3537 498 3616 oportet
511 3527 598 3594 anim
613 3547 761 3594 somnum
776 3549 844 3594 essa
859 3527 988 3616 plenam
999 3521 1221 3616 corporissolo-

206 3637 339 3710 tionem.
362 3635 418 3703 sed
439 3649 565 3705 tautum
583 3635 813 3704 remissionem.
841 3637 881 3703 Et
896 3631 970 3702 ideo
988 3659 1062 3703 oum
1080 3635 1150 3703 dico
1166 3655 1220 3712 eus

207 3745 432 3814 assumendum
448 3769 514 3814 nou
536 3748 576 3815 ad
594 3749 696 3815 otium
713 3737 745 3814 el
761 3730 953 3822 socordiam,
971 3745 1027 3813 sat
1041 3747 1082 3814 ad
1098 3745 1227 3814 neuntio-
1247 3749 1250 3798 l

206 3881 278 3924 rum
301 3867 334 3922 et
355 3857 517 3926 actionum
539 3859 690 3948 quietem.
710 3858 756 3927 lta
777 3881 852 3948 engo
868 3857 1106 3948 dormitandum
1124 3799 1186 3935 elib}
1194 3865 1220 3918 ut
1229 3807 1250 3891 *l

1245 4065 1250 4134 ¹.
