2738 4628
411 307 564 352 -corsrrs
587 304 736 352 narasse.
780 319 783 324 ¹
1062 291 1103 355 53

64 421 164 496 initio,
182 423 406 500 remissionem
416 435 623 513 peccatorum
638 424 672 491 in
687 423 751 490 fine
767 425 900 492 donans.
916 425 981 493 dut
995 423 1108 494 cisitu·
1225 457 1228 464 ·

63 533 124 596 rius
136 531 276 618 quidem
287 532 472 620 transgressi
485 555 593 598 sumus
605 546 814 623 preceptum,
828 533 907 601 eiius
918 546 1027 602 autem
1039 551 1116 602 orut’

60 641 113 727 qui
129 641 228 717 dixit,
245 641 476 708 Remittentur
491 643 554 708 tibi
564 659 696 731 peceato
712 661 792 718 tua:
805 663 907 733 neque
922 647 1040 723 bonus,
1052 669 1109 714 ne·

59 773 122 836 qne
150 773 263 826 verax,
281 773 387 840 nequo
405 751 511 839 justus
531 762 580 817 est
601 751 797 840 hujusmodi.
824 753 994 832 Quomodo
1018 755 1106 822 enim

60 861 179 935 bonus,
196 859 253 948 qui
276 882 343 926 non
361 883 402 926 ex
421 860 486 925 suis
505 859 629 926 donati
648 861 713 928 dut
731 859 892 949 quomodo
914 863 1028 951 justos,
1049 864 1107 953 qui

57 967 163 1035 aliena
187 969 299 1057 rapiti
314 969 486 1048 Quomodo
502 981 609 1036 autem
623 991 698 1036 rere
720 971 849 1036 remissa
868 983 943 1037 sunt
959 981 1103 1061 peceau,
1239 1031 1244 1050 ,

59 1079 115 1144 nisi
142 1077 201 1144 iiie
223 1078 294 1167 ipse
319 1079 353 1144 in
376 1100 473 1168 quem
493 1079 695 1167 peccavimus
718 1079 849 1146 donavit
874 1081 1104 1160 remissionem,

66 1213 153 1278 «per
174 1188 300 1254 viscera
320 1189 546 1258 misericordie
566 1189 625 1255 Dei
646 1189 760 1266 nostri,
781 1190 948 1279 inquibus
972 1192 1106 1259 visitarit

62 1297 170 1366 snos¹
187 1321 276 1387 aper
290 1298 412 1366 Filium
427 1299 546 1364 suum?
947 1309 951 1316 '

113 1408 328 1497 Quapropter
352 1421 387 1472 et
409 1421 521 1474 curato
541 1406 741 1497 paralytico:
761 1407 964 1486 «videntes,
987 1410 1103 1498 inquit,

63 1549 74 1580 ι
88 1517 201 1609 populi
215 1517 477 1585 clarificaverunt
491 1518 607 1593 Deum,
624 1519 677 1605 qui
693 1517 781 1584 dedit
800 1531 989 1607 potestatem
1008 1519 1103 1588 talem

64 1657 76 1688 ι
91 1627 310 1696 huminibus².
329 1627 461 1708 rQuem
472 1627 568 1716 igitur
581 1627 685 1694 Deum
700 1626 956 1696 clarificaverunt
968 1631 1105 1698 circum-

66 1752 182 1806 stantes
203 1737 339 1828 popuii?
355 1739 595 1828 Numquidnam
616 1740 656 1804 ab
677 1739 835 1805 haereticis
851 1740 1031 1819 inventurn,
1053 1742 1104 1808 in-

67 1851 226 1940 cognitum
246 1850 400 1915 Patrem?
418 1851 459 1916 Et
481 1849 640 1939 quomodo
662 1873 739 1914 eum
754 1851 807 1938 qui
828 1851 921 1917 initio
938 1864 1020 1918 tunc
1038 1873 1104 1918 non

72 1962 316 2048 cognoscebatur
334 1961 451 2036 abeis,
467 1959 710 2051 glorificabunt?
725 1959 927 2028 Manifestum
943 1975 992 2028 est
1011 1985 1101 2054 ergo,

79 2073 223 2160 qnoniam
232 2095 301 2136 eum
312 2071 366 2160 qui
379 2094 396 2135 a
410 2070 496 2160 Lege
507 2085 540 2136 et
550 2071 717 2160 Prophetis
729 2071 918 2160 predicatus
937 2086 985 2138 eat
1001 2067 1101 2148 Deus,

79 2179 291 2269 glorificabant
307 2179 467 2257 israelitas,
484 2182 540 2268 qui
557 2193 589 2245 et
607 2193 655 2246 est
669 2180 763 2245 Pater
777 2181 904 2246 Domini
924 2183 1023 2247 nostri
1042 2207 1051 2248 ε
1070 2196 1103 2248 et

74 2303 202 2382 proptor
216 2291 276 2358 boc
291 2291 427 2359 docebat
442 2291 590 2357 homines
614 2291 647 2356 in
667 2313 774 2367 sensu,
793 2275 905 2378 porea
926 2293 1013 2381 signa
1032 2312 1103 2380 qum

73 2400 542 2491 iaciebat,darcgloriam1)eo.
558 2399 593 2466 Si
609 2411 718 2465 autem
734 2400 774 2464 ub
788 2399 887 2464 altero
899 2400 1031 2488 quidem
1040 2401 1103 2466 Pa-

70 2527 148 2579 trem
158 2513 225 2602 ipse
237 2512 384 2587 venisset,
398 2510 536 2576 altorum
551 2522 660 2575 autem
672 2507 799 2574 Putrem
811 2507 1033 2598 glorificabant
1048 2509 1105 2575 ho-

68 2625 166 2689 mines
183 2623 324 2689 videntes
344 2624 414 2710 ejus
429 2623 577 2695 virtutem
599 2622 739 2710 ingratos
760 2643 815 2685 eos
833 2621 865 2685 in
883 2643 957 2686 eum
974 2619 1100 2686 Patrem

66 2733 120 2822 qni
134 2733 262 2799 miserat
275 2733 488 2807 curationem,
500 2731 667 2798 efficiebat.
690 2729 754 2796 Sed
770 2731 922 2820 quoniam
937 2731 977 2796 ab
990 2754 1028 2797 co
1043 2733 1099 2820 qui

64 2856 113 2908 est
125 2843 224 2919 Deus,
245 2844 428 2933 unigenitus
444 2841 542 2908 Filius
557 2855 686 2908 venerat
707 2842 747 2907 ad
767 2841 900 2908 sulutem
916 2841 1098 2918 bominum,

62 2967 97 3018 rt
108 2953 288 3022 incredulos
300 2977 419 3043 pareas
431 2975 510 3042 quus
521 2951 808 3027 iaciebatvirtutes,
819 2954 1012 3042 provocabat
1024 2952 1100 3018 dare

63 3063 195 3153 gioriam
209 3064 295 3129 Patri
313 3087 323 3128 t
340 3075 372 3128 et
386 3086 452 3128 non
468 3062 693 3152 recipientibus
704 3061 874 3126 adrentum
886 3059 958 3126 Filii
970 3063 1055 3149 ejus,
1068 3074 1100 3126 ct

24 3257 25 3260 Ἴ
62 3189 193 3262 propter
203 3174 267 3240 hoc
280 3194 346 3238 non
364 3172 568 3240 credentibus
584 3194 654 3259 qum
672 3171 712 3236 ab
735 3193 774 3234 eo
791 3169 890 3234 fiebat
908 3169 1098 3244 remissioni,

61 3281 224 3347 Pburisaeis
243 3281 371 3347 dicebat
394 3303 403 3343 ε
422 3305 436 3338 r
454 3277 495 3343 Ut
513 3278 780 3367 scietisquoniam
797 3285 986 3365 potestatem
1002 3275 1099 3342 babet

24 3383 26 3452 i
62 3388 187 3456 ›Filius
201 3389 342 3456 bominis
357 3388 520 3453 remittere
534 3387 706 3476 peccasa⁸3
721 3399 776 3451 »et
791 3387 854 3451 hoc
866 3407 940 3450 cum
957 3385 1095 3462 dixisset,

24 3481 26 3592 p
63 3499 156 3587 jussit
169 3499 383 3590 paralyticum
398 3497 561 3564 hominem
577 3495 688 3562 toliere
704 3497 883 3585 grabatum,
897 3516 1096 3585 superquem

24 3613 26 3704 j
62 3612 199 3696 jacebat,
214 3624 246 3676 et
260 3611 308 3676 ire
325 3610 358 3674 in
375 3609 507 3674 domum
523 3609 613 3673 suum
626 3630 634 3670 :
649 3629 706 3694 per
721 3607 784 3672 boc
799 3607 885 3695 quod
900 3605 1008 3681 efficit,
1021 3631 1096 3673 con·

24 3709 28 3812 i
65 3721 197 3788 fundens
207 3719 404 3796 incredulos,
417 3732 450 3786 et
460 3719 639 3809 significans
651 3717 801 3805 quoniam
814 3717 880 3807 ipse
891 3729 939 3784 est
951 3741 1010 3784 vox
1021 3717 1093 3794 Dei,

24 3825 26 3966 p
67 3852 123 3916 per
144 3853 234 3918 pram
252 3832 379 3920 accepit
398 3829 497 3896 homo
519 3837 777 3917 praeceptaque
799 3829 1017 3917 supergressus
1033 3839 1095 3903 est,-

24 3971 26 4034 3
102 3957 697 4026 ¹bnc.r‚78.-²biotth.sx,8.-⁸Itid.,ti.
995 3949 997 3954 ’

25 4103 26 4106 ,
155 4067 200 4108 ru.
732 4086 739 4108 .
897 4043 915 4102 5
