2522 4608
363 363 646 417 rnnaeoeus,a1e.
674 365 708 407 ιι.
994 347 1056 410 525

54 482 173 549 derebus
183 480 336 558 molestis,
347 484 495 550 convenit
504 484 609 573 potius
619 483 771 550 tristiores
779 484 998 574 videri‚quam
1007 485 1058 555 lae-

52 595 98 660 tari
108 617 116 657 :
128 592 201 659 illud
215 594 301 660 enim
314 606 363 659 est
378 591 636 660 considerationis
652 592 799 659 humanae
814 594 983 672 indicium,
994 597 1058 662 hoc

52 717 138 770 auum
159 705 288 771 exbibet
312 704 508 772 crudelitatis
534 703 810 770 existimationem.
840 705 949 794 Neque
972 707 1058 771 enim

51 827 87 880 est
104 839 221 907 semper
240 817 425 890 ridendum3
446 829 493 882 est
510 816 597 882 enim
618 817 863 882 immoderatum
882 841 1011 907 :neque
1032 822 1058 886 si

50 924 131 990 adsint
151 927 303 1003 seniores,
324 924 371 992 vel
401 923 496 1014 aliqui
520 948 600 1014 quos
618 948 746 1013 aequum
764 937 812 992 est
828 928 980 1001 reserarit
997 931 1057 995 nisi
1121 1007 1124 1020 Ι

50 1033 112 1101 sorte
126 1037 178 1124 ipsi
197 1059 337 1125 quoque,
351 1049 386 1102 ut
401 1060 458 1102 nos
475 1035 663 1112 exhilarent,
683 1039 803 1104 urbane
820 1037 938 1126 aliquid
956 1053 988 1106 et
1010 1039 1057 1106 le-

48 1144 105 1233 pida
118 1145 259 1212 dixerint.
275 1145 340 1214 Sed
352 1169 454 1235 neque
469 1145 555 1234 apud
571 1144 729 1234 quoslibet
744 1145 911 1212 ridendum
927 1159 986 1224 est,
999 1173 1058 1214 ne-

51 1277 96 1342 que
107 1255 133 1320 in
141 1257 226 1321 omni
238 1254 324 1332 loco,
334 1256 390 1322 sed
402 1279 505 1344 neque
513 1257 674 1333 omnibus,
683 1279 786 1343 neque
796 1271 927 1347 propter
938 1261 1055 1326 omnia.

51 1361 155 1430 Haxime
169 1367 258 1431 enim
273 1365 306 1431 in
317 1365 561 1432 adolescentulis
571 1378 604 1432 et
616 1365 801 1433 mulieribus
817 1368 897 1434 risus
912 1369 1003 1436 facile
1015 1371 1056 1436 ad

53 1470 215 1540 alumniam
231 1475 377 1540 trahitur.
398 1475 547 1564 Rigorem
563 1485 670 1540 autem
686 1498 751 1564 prae
773 1499 805 1540 se
820 1475 902 1542 ferre
918 1479 1054 1555 eminus,

49 1603 90 1647 aas
104 1583 149 1671 qui
174 1583 336 1650 accedunt
358 1583 465 1672 abigit.
490 1579 632 1649 Gravitas
655 1584 742 1650 enim
767 1584 815 1652 vel
836 1585 903 1653 solo
925 1601 1056 1678 aspectu
1094 1633 1096 1636 -

49 1691 203 1779 petulantiae
224 1695 364 1783 impetus
387 1693 532 1783 frangere
557 1718 600 1764 ac.
616 1695 788 1784 reprimere
817 1695 908 1763 valet.
936 1697 1058 1768 Omnes

49 1823 118 1879 raro,
132 1817 161 1868 ut
176 1805 276 1870 verbo
292 1802 410 1878 dicam,
426 1803 607 1891 insipientes
623 1803 732 1884 vinum

112 1968 143 2024 Et
152 1967 248 2025 ridere
257 1964 343 2042 jubet
353 1965 450 2038 molle,
464 1975 492 2023 et
506 1965 610 2025 saltare
621 1965 755 2038 libenter,
840 1959 856 1982 ²

53 2119 138 2164 mores
154 2099 358 2167 effeminatos
384 2112 570 2167 convertens
596 2101 637 2167 ad
664 2097 838 2166 mollitiem.
867 2103 923 2168 Est
945 2112 1058 2170 autem*

54 2208 303 2284 considerandum,
329 2210 490 2298 quomodo
512 2209 589 2276 bine
610 2209 752 2300 prosecta
779 2210 904 2276 dicendi
925 2209 1052 2278 licentia
1137 2213 1142 2224 ’

52 2321 209 2404 usqueadeo
220 2332 316 2410 auget
328 2319 548 2413 petulentiam?
565 2331 600 2384 ut
611 2319 652 2385 ad
664 2319 891 2409 turpiloquium
902 2344 973 2388 eam
984 2345 1058 2411 per»

51 2427 144 2496 ducat:

107 2599 140 2655 Et
151 2596 232 2672 dixit,
247 2595 326 2676 quod
340 2608 403 2658 erat
418 2595 519 2655 melius
532 2614 591 2653 non
602 2595 708 2669 dicere,
718 2594 850 2655 verbum.

41 2747 236 2822 Subdolorum
250 2755 356 2845 itaque
369 2755 538 2822 bominum
552 2755 688 2821 maxime
709 2756 742 2822 in
757 2756 830 2821 vino
845 2756 981 2846 perspici
996 2781 1051 2824 so-

41 2855 96 2926 lent
109 2885 223 2942 mores,
242 2877 278 2930 ut
295 2865 349 2954 qui
367 2875 441 2932 sunt
456 2866 542 2932 omui
561 2863 760 2932 simulatione
778 2866 901 2944 nudati,
920 2880 1050 2958 propter

43 2967 206 3040 ilbeatem
227 2977 297 3065 ejus
313 3001 382 3066 quae
397 2977 431 3043 in
446 2977 520 3042 vino
534 2977 646 3054 oritur,
663 2976 843 3066 petulantiae
859 2977 1021 3046 licentiam
1037 3004 1046 3044 ε

42 3099 189 3170 perquam
203 3085 324 3175 sopitur
338 3086 468 3174 quidem
488 3088 579 3164 ratio,
599 3109 669 3176 quae
684 3087 716 3152 in
729 3088 927 3177 ipsaanima
944 3089 1051 3154 ebrie-

42 3199 93 3254 tate
104 3215 247 3283 oppressa
261 3208 309 3260 est
324 3207 357 3262 et
372 3208 515 3285 gravata}
530 3207 667 3285 agrestes
688 3209 793 3261 autem
809 3198 987 3263 excitantur
1002 3199 1049 3262 al-

37 3295 185 3379 lectiones,
209 3328 278 3392 quae
295 3304 327 3371 in
349 3305 445 3372 animi
465 3303 713 3373 imbecillitatem
735 3304 826 3372 suerio
849 3306 1053 3374 dominatum.

39 3427 191 3502 occupant.
