2412 4596
194 230 239 312 48
509 199 683 300 cranenco
707 239 922 298 autentum

195 395 263 449 non
276 369 440 464 prohibuit
456 367 753 463 :quemadmodum
768 371 925 451 incendii,
944 389 1036 452 erm,
1051 371 1101 462 qui
1191 399 1194 410 f

196 503 263 552 non
274 481 405 550 extinxit
420 480 646 572 incipientem:
660 493 694 549 et
708 481 881 573 naufragii,
900 481 1145 573 gubernatorem,
1160 532 1162 539 >
1178 498 1180 501 ’

196 589 366 659 rudentem
379 613 445 660 uon
457 592 662 660 contraxerit.
676 589 749 660 Jam
764 613 840 660 vero
858 591 1058 683 puniunturu
1068 590 1147 684 iege,

196 700 314 770 borum
325 723 429 770 caueae
440 713 517 770 sunt
529 724 538 768 r
551 723 628 770 nam
638 701 672 769 in
686 701 780 792 cujus
792 712 952 793 potestate
962 713 1030 771 eret
1043 700 1132 770 eitum
1153 692 1174 757 γ’

200 808 330 888 bibere,
342 809 375 879 in
386 831 462 879 eum
473 811 560 902 ejus,
572 809 659 901 quod
673 810 808 888 accidit,
821 808 1091 902 culpoconiertnr.
1103 808 1146 881 dd

199 930 307 988 autem
325 917 480 999 dicimur,
496 919 583 1010 quod
602 919 636 986 in
657 919 821 997 faciendo,
840 919 1020 1011 operando,
1042 931 1075 987 et

198 1049 294 1096 causa
308 1041 538 1119 cognoscatur:
552 1028 727 1108 idautem,
740 1029 828 1120 quod
841 1053 907 1097 nou
918 1027 1080 1121 probibet,
1091 1027 1155 1098 boe

197 1150 359 1208 remotum
373 1149 422 1206 est
439 1139 479 1208 ab
496 1138 692 1230 operatione.
712 1134 869 1209 Praeterea
881 1162 977 1208 eausa
992 1137 1114 1230 quidem
1145 1170 1162 1195 ιι

71 1277 79 1286 -
198 1247 299 1316 turin
320 1247 521 1340 operatione
547 1245 818 1340 quemadmodum
840 1248 929 1316 narie
950 1243 1154 1316 aedificatum

198 1353 351 1425 bricanda
370 1353 487 1448 scapha
493 1381 503 1434 ς
530 1355 645 1426 domuc
669 1365 777 1424 autem
798 1355 991 1436 aedificator,
1017 1355 1153 1426 inerte

197 1466 397 1535 structione:
414 1465 447 1533 id
456 1478 581 1546 autem,
595 1465 682 1558 quod
697 1487 763 1534 non
776 1463 944 1558 probibet,
957 1468 1000 1535 ab
1013 1489 1070 1546 eo,
1085 1461 1155 1556 qued

74 1603 76 1608 ·
197 1585 379 1666 separatum
398 1586 459 1644 est.
484 1573 656 1669 Propterea
681 1597 759 1666 ergo
773 1573 957 1667 perficitur,
974 1575 1061 1666 quod
1079 1573 1127 1654 id,
1144 1610 1145 1627 ,

195 1695 303 1775 potest
316 1673 506 1777 probibere,
529 1705 594 1752 nou
611 1697 780 1776 operatur,
798 1707 861 1752 nec
874 1683 1034 1778 probibet.
1049 1680 1145 1769 Quid

196 1805 364 1884 operatur,
380 1793 435 1886 qui
446 1815 512 1861 non
523 1791 692 1884 prohiberi>
708 1791 781 1862 Jnm
793 1792 1094 1866 veroedabeurdum
1111 1828 1114 1849 ·
1129 1828 1147 1847 .‚

197 1901 282 1971 redit
296 1901 350 1982 id,
371 1901 466 1994 'quod
491 1901 533 1970 ab
557 1903 602 1968 eb
625 1901 742 1970 dicitur
758 1925 767 1968 r
784 1902 942 1995 siquidem
955 1901 1090 1972 vuluerit

196 2033 267 2080 ense
280 2009 407 2090 dicent,
422 2027 488 2079 nou
498 2008 621 2089 telum,
643 2008 701 2080 sed
715 2007 885 2102 clypeum,
907 2013 965 2102 qui
982 2035 1048 2081 non
1058 2033 1122 2106 pro
1145 2056 1146 2059 =
1182 2037 1186 2040 ·

195 2142 261 2212 quo
275 2119 380 2190 minus
391 2117 492 2188 telum
503 2117 703 2212 pervaderet.
718 2118 828 2210 Neque
840 2122 937 2211 igitur
948 2120 1070 2201 sunem,
1080 2119 1187 2198 eodm

195 2228 252 2321 qui
271 2227 394 2298 furtum
408 2249 474 2298 non
496 2228 680 2322 prohibuit,
702 2227 950 2320 reprehendent.
968 2230 1092 2322 Alioqui

169 2374 173 2384 ·
196 2361 270 2408 rum
282 2361 408 2430 quoque
424 2361 519 2406 nares
537 2361 604 2406 non
619 2339 792 2410 Hectorem
809 2337 918 2410 dicam
931 2339 1142 2418 combustione,

187 2446 355 2516 achillem
370 2471 379 2514 r
397 2448 548 2537 quoniam
562 2469 637 2518 cum
652 2445 822 2540 prohibere
837 2462 946 2540 posset
961 2449 1135 2528 Hectorem,

196 2555 370 2647 probibuit.
391 2557 457 2626 Sed
478 2553 532 2625 ille
553 2555 683 2650 quidem
703 2571 835 2648 propter
857 2559 939 2626 iram
964 2557 1021 2647 (in
1034 2559 1099 2652 ejus
1117 2581 1142 2624 a»
1169 2546 1174 2557 '

194 2665 352 2755 potestate
372 2677 441 2733 erut
453 2665 569 2746 irasci,
593 2664 642 2734 vel
660 2687 726 2734 non
741 2667 857 2758 irasci)
877 2679 910 2734 et
925 2665 1035 2758 ignem
1048 2690 1107 2736 non
1125 2700 1136 2725 ι
1153 2668 1170 2711 ³

73 2773 78 2784 “
194 2771 287 2852 buit,
310 2783 345 2842 et
360 2772 443 2840 sorte
461 2774 615 2868 adjuvans
637 2795 731 2844 causa
753 2774 814 2842 fuit
831 2799 841 2843 ε
860 2774 1014 2845 Diabolus
1032 2788 1124 2846 numm
1145 2812 1150 2827 ν

194 2881 332 2952 liberum
346 2881 480 2952 baberet
501 2883 689 2964 arbitrium,
715 2898 749 2952 et
768 2881 843 2953 duci
869 2897 978 2977 posset
995 2881 1157 2978 penitentie
1174 2954 1184 2973 Ι,

195 2992 311 3071 iurari,
328 2992 396 3084 ipse
417 3013 546 3082 quoquc
569 2992 645 3060 furti
661 3005 833 3072 causaest,
850 3015 918 3062 non
938 3007 1047 3064 nutem
1069 2989 1143 3055 tow
1176 3017 1186 3059 ·,

196 3103 252 3192 qui
267 3125 332 3170 non
346 3099 522 3192 prohibuit.
547 3101 611 3170 Sed
625 3125 686 3170 nec
703 3101 834 3170 noxium
848 3113 920 3172 erat
938 3102 1076 3182 donum,
1090 3113 1119 3169 ut
1176 3120 1178 3123 ·

195 3211 286 3278 deret
307 3209 494 3302 prohibitio.
516 3209 614 3294 Quod
631 3211 657 3276 si
673 3221 821 3278 accurate
842 3210 993 3279 adversus
1010 3233 1062 3280 cot
1077 3242 1127 3293 ,με
1140 3242 1149 3257 ¹>
1182 3201 1185 3253 ἷ

194 3313 260 3398 est,
276 3319 379 3388 sciant
392 3319 425 3387 id
440 3316 597 3409 quidem,
621 3317 708 3407 quod
726 3339 791 3386 non
810 3313 979 3410 probibet,
996 3317 1076 3410 quod
1090 3313 1151 3384 inb

194 3427 316 3497 factum
330 3453 398 3497 esse
413 3428 566 3508 dicimus,
581 3425 669 3495 nullo
684 3427 781 3496 modo
793 3451 862 3497 esse
872 3453 1018 3500 cousumr
1030 3425 1128 3496 inidau
1145 3468 1150 3477 ψ

125 3620 129 3628 Ι
194 3537 283 3626 quod
307 3536 474 3628 prohibet,
499 3555 627 3604 causam
655 3535 847 3628 culpamque
874 3540 1022 3608 conferri.
1051 3535 1105 3620 Qui
1129 3556 1188 3589 2¹²

179 3643 308 3734 ‚clypeo
324 3645 480 3738 protegit,
495 3645 546 3724 ei,
565 3646 619 3735 qui
642 3647 839 3736 protegitur,
857 3671 953 3716 causa
972 3659 1035 3726 est,
1051 3667 1085 3712 nc
1096 3637 1186 3710 eudo

196 3763 269 3830 tur,
282 3753 455 3845 prohibens
471 3754 575 3845 ipsum
588 3755 732 3823 sauciari.
743 3756 782 3822 Et
795 3755 921 3824 Socrati
935 3755 1182 3826 daemoniuncautt

191 3871 280 3942 orat,
292 3883 358 3932 uon
368 3849 559 3956 prohibens,
575 3865 631 3936 sed
641 3861 831 3946 adhortans,
848 3865 907 3942 eui
918 3889 984 3940 non
994 3862 1196 3944 „dhwtud
