2570 4614
193 256 254 323 apo
506 257 679 302 cuuuuurta
703 255 915 307 sustentantur

191 385 256 446 est3
275 393 377 462 noque
398 394 514 461 scopus
534 359 658 445 noster.
677 372 821 464 voluptas
839 399 847 438 :
868 375 923 441 sed
938 387 1073 464 propter
1089 386 1235 442 nostram

188 482 243 548 hic
253 480 462 560 mansionem,
475 505 570 572 quam
583 483 624 549 ad
636 485 909 572 incorruptionem
916 485 1064 553 Verbum
1072 484 1231 552 institnit:

189 603 222 657 et
239 591 311 658 ideo
331 593 508 659 secernitur
522 616 561 662 ac
575 591 718 683 religitur
739 592 937 662 alimentum.
957 595 1014 661 Est
1032 605 1148 660 autem
1170 594 1233 682 ipsa
1283 615 1284 630 ³

190 701 322 792 simplex
337 716 370 768 et
390 703 522 770 minime
546 703 670 770 curiosa
690 687 816 777 veritas.
832 702 1030 794 simplicibus
1046 715 1082 770 et
1099 705 1233 772 minime

190 813 321 878 curiosis
332 815 439 902 pueris
457 813 621 903 apposita:
641 825 752 902 utpote
763 837 833 902 quoe
850 815 892 881 ad
904 815 1093 891 vivendum,
1110 837 1180 880 non
1195 816 1233 881 ad

188 920 325 988 lautitias
333 921 524 1011 deliciasque
535 935 607 1012 apta
618 923 669 989 sit.
681 923 791 1012 ipsum
798 936 906 990 autem
914 925 1031 1000 visere,
1040 947 1081 989 ex
1090 924 1231 1000 (luobus,

188 1035 321 1103 sanitate
347 1032 468 1101 scilicet
493 1045 526 1100 et
551 1034 683 1110 viribus,
706 1035 923 1111 constituitur,
947 1035 1066 1124 quibus
1092 1033 1232 1100 maxime

148 1153 151 1170 '
188 1145 337 1211 convenit
357 1142 500 1210 alimenti
519 1142 670 1216 facilitass
695 1156 731 1209 ut
752 1145 838 1233 quod
860 1154 892 1212 et
909 1144 953 1210 ad
966 1145 1185 1235 digestionem
1200 1156 1231 1210 et

187 1255 329 1344 corporis
348 1253 508 1320 levitatem
526 1255 567 1320 sit
586 1251 691 1320 utile:
713 1277 753 1322 ex
774 1256 890 1344 quibus
906 1256 1165 1331 incrementum,
1181 1278 1231 1320 sa-

186 1364 529 1454 nitas,etjustaevi1es,
542 1387 606 1431 non
616 1377 724 1432 auteur
734 1365 872 1454 injustae,
885 1363 1030 1442 lubrice,
1042 1379 1078 1432 et
1089 1365 1228 1441 misere,

186 1473 296 1564 quales
311 1486 385 1541 sunt
400 1495 471 1566 qun
490 1473 619 1544 athletis
633 1497 673 1541 ex
688 1473 740 1541 illa
755 1499 811 1541 sua
826 1473 942 1544 edendi
957 1477 1154 1544 necessitate
1170 1478 1226 1542 eb·

184 1585 325 1651 veniunt.
340 1583 422 1652 Sunt
435 1585 542 1673 itaque
552 1583 745 1674 multiplices
755 1585 920 1676 qualitates
935 1587 1142 1676 respuendae,
1158 1609 1225 1676 que

185 1697 270 1762 varia
286 1695 401 1762 damna
416 1697 557 1786 pariunt,
573 1693 671 1762 malas
686 1717 860 1786 corporum
874 1695 1098 1773 habitudines,
1114 1709 1225 1762 uerna

184 1804 321 1874 eborum
343 1806 577 1882 subversiones,
599 1825 674 1873 cum
695 1817 865 1895 corruptus
887 1817 920 1872 et
940 1817 1170 1896 constupratus
1182 1807 1223 1872 sit

184 1926 294 2005 gustus
309 1909 423 1982 misera
437 1927 471 1981 et
484 1915 618 1982 inlausta
641 1916 778 2005 quadam
797 1915 966 1984 condiendi
982 1929 1065 1992 arte,
1092 1929 1127 1983 et
1140 1915 1222 1982 inani

184 2028 218 2092 in
229 2025 381 2093 iaciendis
393 2024 533 2094 bellariis
544 2021 690 2093 artifieio.
705 2026 835 2095 Audeat
849 2025 936 2094 enim
947 2025 1114 2118 appellere
1128 2029 1224 2096 nntri-

183 2138 317 2213 tionam,
330 2138 471 2204 studium
486 2135 685 2214 deliciarum,
701 2137 789 2226 quod
805 2138 839 2204 in
853 2136 961 2205 noxias
975 2137 1162 2228 voluptates
1179 2139 1222 2204 di-

181 2246 310 2315 labitur.
325 2245 523 2336 Antiphanes
535 2258 655 2324 sutem,
667 2241 778 2313 Delius
789 2247 945 2326 medicos,
956 2243 1007 2314 rel
1024 2269 1127 2316 unam
1141 2247 1223 2315 hanc

182 2357 262 2424 dixit
272 2381 341 2424 esse
352 2359 539 2424 morborum
551 2356 1063 2444 eausam.cihorumvarietatem:
1079 2379 1159 2426 cum
1172 2357 1221 2447 qai

180 2469 346 2536 veritatem
368 2466 590 2558 egrotorum,
613 2453 782 2555 multiplici
804 2468 913 2534 nescio
934 2487 997 2556 qna
1019 2489 1104 2534 vana
1125 2467 1220 2557 gloria

180 2575 333 2664 frugalem
352 2589 385 2642 et
399 2573 599 2642 moderatum
621 2574 742 2640 vietum
760 2573 924 2663 abjausent,
939 2587 973 2641 et
992 2577 1220 2643 uanamarinas

179 2705 270 2752 oseas
282 2685 375 2751 anxie
391 2683 586 2772 perquirant.
605 2682 657 2750 do
671 2683 757 2750 mihi»
766 2683 896 2773 quidem
909 2683 1013 2752 morbi
1030 2707 1150 2753 eoram
1162 2685 1220 2752 ani·

179 2795 277 2862 sorori
287 2791 395 2861 lubet:
406 2793 491 2883 ipsos
501 2803 610 2858 autem
622 2813 687 2860 nou
698 2794 799 2884 pudet
809 2817 880 2862 suas
889 2794 1062 2862 decantare
1069 2794 1219 2863 deliciasr

179 2925 250 2996 quae
268 2916 342 2971 sunt
356 2903 442 2970 enim
464 2903 498 2970 in
516 2901 600 2970 freto
610 2901 732 2982 Siculo,
751 2927 908 2974 murenas
921 2905 1017 2972 anxio
1033 2917 1066 2971 et
1083 2903 1220 2973 sollicita

177 3019 285 3086 animo
295 3017 496 3108 perquirunt,
506 3027 538 3082 et
553 3015 704 3086 Maeandri
715 3018 881 3109 anguillas,
894 3031 927 3085 et
938 3017 992 3108 qui
1004 3019 1037 3085 in
1047 3017 1136 3086 Melo
1148 3029 1220 3084 stant

177 3128 302 3206 hedos,
319 3127 420 3215 etqui
435 3125 467 3193 in
482 3125 614 3193 Sciatho
628 3124 774 3217 mugiles,
791 3127 894 3195 Pelori
909 3127 1063 3204 conchas,
1084 3141 1123 3194 et
1135 3127 1219 3214 any-

177 3239 259 3306 dena
275 3249 390 3314 ostrea,
408 3257 469 3303 nec
483 3235 634 3304 menidas
649 3257 721 3324 quse
743 3247 817 3304 sunt
838 3237 871 3302 in
893 3235 1006 3325 Lipara
1029 3236 1220 3326 praetermit-

180 3361 270 3425 tunt,
292 3369 352 3414 nec
373 3344 484 3412 bolum
505 3343 731 3422 Mantinicum,
752 3367 814 3413 nec
828 3347 918 3412 betas
942 3367 1013 3435 qnae
1035 3359 1115 3412 sunt
1132 3345 1216 3436 apud

178 3458 335 3533 Ascraeos,
347 3471 379 3526 et
393 3456 535 3546 pectines
550 3455 722 3542 exquirunt
734 3451 976 3544 Methymnaeos,
993 3467 1027 3521 et
1041 3454 1217 3546 lingulaca

178 3570 312 3644 Atticas,
329 3579 361 3633 et
372 3567 482 3634 turdos
494 3563 711 3654 Daphnios,et
723 3565 844 3633 eoricus
855 3564 1073 3641 ctetidmtas,
1085 3575 1218 3654 prepter

178 3676 544 3770 qaasinGraeeiamcum
554 3671 1155 3766 quingentismyriadibusint'elixlluna
1165 3671 1216 3762 (a)

177 3788 338 3880 proiectus
352 3798 400 3853 est
415 3809 424 3852 ε
441 3785 585 3854 Phasidis
600 3809 672 3854 ares
694 3798 846 3876 preterea
868 3793 1034 3864 eo'e‘munt,
1052 3797 1215 3875 attagenas

177 3899 351 3992 AEgyptias,
366 3895 526 3964 Medicum
540 3915 707 3985 pavonem.
724 3897 799 3965 ttaee
813 3894 1027 3964 condimentis
1042 3895 1212 3962 immotan-
1279 3909 1280 3912 ’
