2570 4614
397 279 677 336 rectractetur.
705 283 725 324 r.
1014 285 1072 350 ²¹7

51 401 141 468 dmul
157 422 232 468 eum
244 421 342 488 quem
356 399 518 477 admonet,
534 401 602 492 ipae
616 404 752 494 seipsum
767 423 912 491 nequens,
924 401 1075 470 adhorte-

48 525 108 587 tur,
117 510 296 580 affectuum
303 521 486 578 nostrorum
497 511 692 578 curationem
699 511 732 578 in
742 531 864 578 summa
874 511 1073 600 promittens,

48 623 128 688 bico
146 622 241 689 nobie
263 622 405 711 apposite
429 643 491 688 uno
512 619 690 710 appelletur
706 621 847 698 nomine,
869 619 1071 710 Paedagogus.

46 735 73 799 ls
83 745 192 800 autem
206 732 413 824 Paedagogua¹
427 735 459 800 in
472 735 609 812 actione,
620 756 685 800 non
696 732 729 834 in
740 731 890 798 tradenda
902 729 1074 820 disciplinae

16 891 19 954 p
44 841 176 920 retiam,
194 855 341 910 versatur
355 867 363 908 ε
377 845 509 933 ejusque
523 843 595 910 linia
611 855 659 909 ost
680 841 817 909 animam
830 837 993 907 meliorem
1004 839 1075 906 red·

44 952 126 1026 dero,
139 974 211 1018 nou
222 951 374 1036 doctrina
381 953 524 1019 imbuere
536 977 546 1026 ;
561 965 594 1018 et
604 951 638 1018 in
649 952 711 1017 rita
723 950 854 1017 honesta
865 962 898 1016 ct
910 949 1072 1040 prudenti,

44 1084 103 1128 non
115 1085 189 1150 quaa
201 1063 244 1128 sit
254 1062 384 1128 scientia
397 1063 539 1152 praedita,
550 1063 722 1129 instituere.
737 1061 929 1149 Quanquam
939 1060 992 1127 hic
1006 1060 1072 1148 ipse

44 1193 166 1258 quoque
182 1171 227 1236 ad
242 1171 425 1238 docendum
438 1183 529 1262 aptus
544 1173 584 1238 ait
597 1195 712 1247 sermo,
733 1171 807 1238 lieet
817 1193 905 1240 nunc
916 1169 1006 1238 aliter
1022 1195 1072 1238 au-

43 1291 155 1344 matur.
172 1278 240 1358 Qui
256 1279 343 1362 enim
356 1301 427 1368 que
443 1280 483 1347 ad
498 1279 643 1370 dogmata
658 1280 817 1370 pertinent
831 1277 971 1348 declarat
981 1291 1013 1344 et
1024 1289 1072 1346 r'e-

44 1387 174 1464 relatio
189 1411 297 1455 nermo
313 1389 429 1478 estqui
445 1389 477 1454 in
492 1389 637 1458 docendo
651 1403 803 1458 versatur.
819 1389 902 1457 Cum
916 1400 1024 1455 autem
1038 1389 1071 1454 in

44 1498 166 1564 actione
190 1508 336 1564 vereatur
357 1496 560 1588 Paedagogns,
582 1511 749 1588 postquam
769 1497 811 1564 ad
833 1498 1071 1588 componendos

46 1629 147 1672 morea
161 1608 253 1697 priua
267 1607 451 1675 cohortatus
466 1608 518 1682 sit,
530 1609 596 1696 jam
613 1607 654 1672 ad
671 1630 707 1673 ea
727 1631 796 1698 que
813 1618 938 1698 oportet
948 1606 1069 1698 agenda

44 1717 171 1794 incitat,
188 1741 269 1808 pura
293 1719 539 1807 incorruptoque
560 1730 718 1809 precepta
739 1717 886 1795 tradens,
907 1730 939 1784 et
959 1739 1071 1784 eorum

46 1829 100 1917 qni
120 1843 307 1896 erraverant
332 1829 482 1918 imagines
503 1830 634 1918 posteris
657 1828 835 1896 ostendens.
862 1828 945 1896 Sunt
963 1839 1069 1894 autem

47 1941 142 2006 ambo
161 1939 319 2008 utiliidma
335 1961 344 2004 t
362 1940 588 2030 praeceptivum
609 1939 737 2029 quidem
758 1961 869 2028 genua,
892 1939 933 2004 ad
953 1961 1069 2028 paren-

49 2048 142 2124 dum;
158 2049 284 2116 altarum
299 2060 409 2118 autem
422 2049 565 2138 imaginis
579 2049 677 2116 instar
698 2060 908 2137 assumptum,
925 2047 1012 2137 quod
1023 2049 1067 2138 ip·

48 2179 127 2222 aum
142 2180 264 2246 quoqne
276 2171 320 2226 eat
335 2155 466 2248 duplex,
481 2159 563 2226 aicut
577 2159 664 2248 prior
678 2159 876 2248 conjugatio,
891 2181 930 2226 ac
951 2159 1067 2249 partim

48 2265 180 2355 quidem
192 2269 225 2334 in
239 2291 275 2336 eo
289 2270 433 2337 consistit
452 2282 488 2335 ut
502 2270 624 2336 bonum
639 2267 787 2359 eligentes
809 2269 982 2345 imitemur,
998 2261 1068 2359 pitr-

45 2375 227 2444 limantem
251 2391 286 2444 ut
305 2376 648 2470 malum'ropudiantos
671 2402 861 2446 avertamur.
887 2378 1068 2448 Allectunm

39 2482 147 2572 itaque
157 2483 236 2554 irinc
248 2487 392 2575 seqnitur
403 2487 537 2566 curatio,
553 2510 640 2565 com,
652 2488 803 2556 adhibitis
816 2487 988 2578 imaginum
998 2511 1067 2556 auo·

35 2596 193 2673 donibus,
204 2599 329 2664 animoa
340 2597 507 2666 confirmat
517 2598 721 2690 Paedagogus,
733 2598 875 2689 benignis
886 2599 1063 2689 preceptio,

36 2719 190 2798 unqmm
205 2708 330 2776 lenibus
345 2708 596 2788 medicamentis,
611 2710 653 2775 ad
667 2709 842 2799 perlectam
858 2708 995 2776 veritatis
1006 2733 1063 2777 co·

32 2817 212 2906 gnitionem
234 2840 290 2884 eoa
309 2820 364 2908 qui
389 2819 502 2886 morbo
518 2817 662 2886 laborant
680 2817 851 2914 dedocena.
871 2820 957 2888 luter
969 2821 1063 2887 ¹eani-

31 2939 133 2993 tatem
146 2939 257 2993 autem
268 2939 302 2993 et
312 2926 525 3016 coguitionem
535 2925 729 3017 permultum
740 2929 870 2996 intereat
882 2951 890 2992 ε
903 2951 979 2996 nam
993 2929 1063 2996 baec

30 3035 166 3122 quidem
177 3031 354 3123 disciplina,
372 3031 424 3100 illa
439 3055 514 3100 voro
529 3034 691 3102 curatione
705 3046 915 3124 comparatur.
932 3034 996 3114 Qui
1008 3037 1064 3101 ita-

28 3167 93 3232 que
112 3143 253 3221 laborat,
269 3165 334 3211 non
355 3144 442 3232 priua
462 3141 581 3230 aliquid
601 3166 713 3211 eorum
733 3167 803 3234 que
824 3144 866 3211 ad
885 3143 1063 3212 doctrinam

27 3256 196 3344 pertinent
211 3255 326 3331 dbcat,
342 3275 438 3341 quam
453 3253 592 3343 porleote
607 3276 701 3322 aanor
721 3253 826 3320 luerit.
847 3252 957 3340 Neque
977 3254 1062 3320 enim

27 3364 231 3432 discentibus
245 3385 285 3430 ac
298 3361 517 3431 laborantibus
537 3364 785 3455 unumquodque
806 3373 1000 3453 preceptum
1019 3364 1062 3429 si-

27 3473 150 3540 militer
165 3474 321 3541 traditur:
337 3475 393 3540 aed
407 3473 466 3542 illia
480 3476 609 3566 quidem
621 3475 653 3542 id
669 3474 754 3564 quod
770 3475 811 3540 ad
830 3471 1057 3564 coguitionomt

26 3583 76 3650 hia
92 3607 186 3660 raro,
202 3585 289 3673 quod
303 3585 344 3650 ad
357 3585 513 3654 medelam
529 3585 660 3655 confert.
682 3583 958 3666 Quemadmodum
972 3607 1059 3675 orgo,

26 3717 172 3782 quorum
192 3719 310 3785 eorpus
331 3707 472 3786 aegrotat,
490 3697 526 3764 iis
546 3697 671 3764 medico
683 3719 763 3787 opus
778 3705 825 3762 eat
841 3719 849 3760 ε
867 3696 909 3762 ita
924 3717 1060 3785 quorum

26 3828 113 3896 eger
123 3819 174 3872 est
184 3807 321 3881 murus.
334 3807 534 3900 iipaedagogo
546 3831 625 3899 opus
637 3808 766 3886 habent,
781 3809 835 3899 qui
845 3807 994 3878 nimirum
1012 3805 1059 3871 al·

60 3938 71 3972 ¹
85 3936 153 3988 vide
164 3938 196 3988 D.
207 3937 320 3998 Gallico,
332 3954 358 4004 p·
368 3938 426 3997 iao.
