2532 4608
404 315 595 362 srnouaruu
616 315 678 360 urs.
704 315 772 362 vn..
1031 293 1094 380 557

58 435 210 504 habitum.
228 437 266 504 El
281 459 356 504 vero
371 437 426 526 qui
439 459 480 502 ex
493 434 658 512 hocloco,
672 435 713 503 ad
725 457 890 502 summum
904 435 1094 524 cognitionis

58 545 206 634 gradum,
229 557 262 612 ct
282 557 458 612 extremam
476 545 534 611 viri
549 544 681 634 perlecti
699 567 733 610 se
753 541 898 610 exercuit
917 541 1096 610 sublimita-

59 665 141 729 tem,
162 639 265 722 omnis
282 666 315 720 et
333 652 422 720 loeus
439 655 596 720 succurrit
616 665 649 718 et
663 663 789 742 tempus
807 661 978 742 postquam
998 651 1096 720 semel

59 763 125 828 sine
144 760 210 828 ullo
230 760 320 852 lapsu
337 764 435 829 vitem
455 763 629 852 transigere
649 759 763 850 elegit,
780 785 878 850 seque
892 762 926 828 in
941 785 980 828 eo
1000 785 1099 830 cons·

59 871 137 936 tanti
151 895 189 938 oe
204 871 353 938 uniformi
370 872 486 940 mentis
500 870 670 936 stabilitate
687 883 822 936 exercet.
842 869 968 951 Quibus
989 881 1097 940 autern

58 979 158 1068 gravis
176 977 287 1068 aliquis
307 979 412 1046 adhuc
431 977 620 1069 relinquitur
632 977 764 1068 angislus
780 979 928 1044 deorsum
943 1001 1095 1068 vergens,

62 1111 124 1154 una
133 1111 260 1177 quoque
267 1087 445 1154 detrahitur
456 1088 488 1153 id
496 1087 581 1174 quod
589 1111 647 1177 per
655 1086 751 1155 fidem
763 1085 948 1155 sustollitur.
959 1087 997 1153 Ei
1006 1111 1096 1178 ergo,

62 1193 115 1283 qui
129 1193 355 1260 exercitatione
372 1193 523 1260 Gnostico
541 1193 691 1260 virtutem
708 1216 778 1281 quae
793 1216 857 1259 non
874 1202 977 1281 potest
994 1191 1096 1259 amitti

64 1301 425 1392 comparavit,·ellicitur
440 1298 590 1369 naturalis
605 1299 742 1368 habitus.
759 1303 801 1368 Et
814 1301 895 1367 sicut
912 1299 1006 1390 lapidi
1023 1323 1098 1390 grn-

62 1412 157 1487 vitas,
172 1411 214 1476 ita
226 1410 321 1500 hujus
335 1411 463 1478 scientis
475 1409 580 1477 evadit
592 1408 775 1499 hujusmodi
787 1421 823 1476 ut
835 1409 937 1476 omitti
950 1430 1015 1476 nou
1025 1433 1099 1499 pos·

64 1520 103 1584 sit
119 1541 200 1586 :nec
213 1520 328 1598 invito,
344 1520 399 1586 sed
414 1531 543 1609 sponte,
556 1518 585 1588 vi
601 1518 730 1586 rationis
747 1530 780 1586 et
795 1519 985 1608 cognitionis
1002 1531 1098 1607 atque

60 1628 282 1705 Providentiae,
301 1651 340 1693 eo
359 1628 529 1696 deducitur
547 1639 583 1694 ut
604 1652 670 1694 non
696 1629 871 1696 amittatur.
895 1629 1023 1717 Quippe
1041 1651 1097 1694 ca-

59 1735 162 1802 vendo
172 1759 211 1802 eo
222 1737 391 1802 deducitur
401 1747 436 1802 ut
448 1735 550 1802 amitti
561 1759 627 1802 non
636 1737 746 1825 possit.
764 1735 954 1801 Contionem
962 1737 1049 1802 enim
1056 1759 1098 1802 ne

58 1857 190 1934 peccet,
210 1847 328 1915 bonam
344 1858 450 1912 autem
464 1829 774 1920 considerationem,
791 1868 832 1912 ne
849 1869 959 1910 rursus
976 1845 1100 1914 emittat
1144 1918 1149 1924 ,

61 1954 231 2028 virtutem,
248 1953 379 2020 tenebit.
398 1953 545 2041 Cognitio
560 1964 666 2018 autem
682 1951 809 2019 videtur
823 1954 942 2018 bonnm
957 1933 1100 2040 praebere

59 2061 366 2140 considerationem,
383 2061 502 2127 doeens
518 2059 697 2126 discernere
713 2083 750 2126 ea
769 2085 839 2150 quse
858 2048 990 2150 possunt
1005 2061 1099 2151 adju-

58 2194 133 2237 vare
150 2170 268 2238 adhoc
285 2183 319 2235 ut
339 2171 438 2237 virtus
452 2180 646 2260 permaneat.
659 2171 720 2240 Res
736 2182 783 2238 cst
797 2194 874 2260 ergo
890 2170 1027 2238 maxime
1039 2172 1098 2238 Dci

57 2281 229 2370 cognitio:
254 2280 404 2369 quocirca
429 2303 466 2346 ea
492 2301 620 2369 quoque
646 2278 689 2346 ita
717 2261 921 2346 conservatur
945 2281 1044 2347 virtus
1063 2293 1099 2347 ut

57 2391 161 2456 arnitti
174 2401 321 2478 nequent.
343 2389 406 2469 Qui
422 2401 530 2454 nutem
542 2388 644 2466 Deum
657 2389 745 2455 novit
759 2399 807 2453 est
818 2401 945 2454 sanctus
957 2401 989 2456 et
1001 2389 1072 2478 pius
1086 2413 1094 2454 :

57 2498 113 2584 qui
129 2509 177 2564 est
195 2521 270 2587 ergo
291 2497 480 2574 Gnosticus,
500 2519 576 2562 eum
595 2493 699 2562 solum
714 2519 782 2562 esse
797 2497 887 2586 pium
904 2497 969 2585 jam
983 2499 1099 2587 proba-

33 2693 36 2700 Ι
56 2617 127 2672 tum
140 2618 197 2671 est.
217 2607 310 2694 isque
327 2607 444 2696 gaudet
459 2604 591 2693 quidem
603 2604 642 2670 de
658 2605 749 2671 bonis
764 2605 972 2693 praescntibus
987 2631 995 2672 :
1009 2604 1099 2673 laetu-

54 2716 110 2778 tur'
120 2725 228 2780 autem
238 2727 369 2804 propter
378 2739 416 2780 ea
429 2735 499 2802 quae
511 2725 585 2780 sunt
595 2713 767 2802 promissa,
779 2725 930 2801 tanquam
941 2715 1007 2804 jem
1018 2739 1099 2806 prse-

54 2822 168 2888 sentiu.
193 2823 301 2910 Neque
323 2823 410 2889 enim
432 2845 507 2890 eum
526 2819 626 2888 latent
645 2833 797 2911 tanquam
814 2823 920 2890 adhuc
934 2825 1096 2900 absentia,

55 2941 226 3018 propterea
237 2932 323 3018 quod
334 2930 435 3018 qualia
447 2932 510 2998 sint
524 2931 590 3020 jam
601 2943 673 2999 aute
690 2933 883 3020 cognoverit.
905 2933 1097 3022 Cognitione

54 3061 136 3126 ergo
150 3059 317 3127 persuasus
332 3038 423 3125 quale
438 3041 477 3104 sit
491 3039 740 3129 unumquodque
752 3063 792 3105 ex
802 3040 937 3116 suturis,
953 3041 1019 3129 jam
1032 3041 1096 3108 hoc

51 3146 207 3234 possidet.
227 3145 324 3227 Quod
337 3147 422 3212 enim
444 3158 492 3214 cst
507 3171 656 3214 maneum
676 3172 713 3214 ac
733 3147 946 3225 defectivum,
965 3149 1096 3216 metien-

52 3254 136 3320 dum
151 3265 250 3320 estex
261 3277 300 3320 eo
312 3254 399 3343 quod
415 3253 454 3320 ad
472 3255 576 3344 ipsum
590 3257 737 3344 pertinet.
756 3257 790 3324 Si
805 3279 880 3346 ergo
895 3257 1035 3346 possidet
1049 3283 1096 3326 sa·

51 3363 229 3452 pientiam,
244 3375 278 3428 et
293 3375 342 3428 est
357 3363 501 3434 divinum
514 3363 658 3451 quedam
674 3365 824 3454 sapientia
840 3389 848 3430 :
867 3366 926 3453 qui
938 3379 986 3432 est
996 3369 1094 3456 parti-
1173 3449 1178 3460 1

49 3495 132 3561 ceps
150 3473 220 3560 ejus
236 3472 323 3561 quod
338 3495 402 3537 non
417 3471 555 3562 indiget,
575 3495 640 3539 non
655 3474 714 3538 erit
725 3473 879 3562 indigens.
904 3473 984 3541 Nam
999 3476 1032 3542 in
1047 3501 1094 3556 sa,-

49 3580 183 3670 pieutise
194 3580 484 3653 communicatione
494 3603 561 3648 non
573 3603 605 3646 se
621 3580 757 3648 invicem
773 3594 902 3650 movent
913 3595 945 3649 et
957 3585 1093 3656 retinent

51 3693 199 3781 operatio
211 3704 244 3758 et
257 3693 290 3758 id
307 3693 393 3782 quod
407 3693 575 3784 participat
589 3717 597 3759 :
612 3717 716 3783 neque
726 3692 844 3783 aliquid
855 3708 925 3762 tum
937 3697 1090 3776 aufertur,

50 3811 112 3866 sut
126 3800 164 3868 lit
175 3801 331 3891 indigens.
345 3801 485 3892 Apparet
495 3825 572 3892 ergo
584 3825 648 3868 non
661 3803 761 3870 minui
777 3805 917 3893 operatio
924 3831 981 3897 per
991 3806 1091 3897 ipsam

51 3910 389 3979 communicationem.
407 3911 461 3980 Sic
474 3933 550 4003 ergo
565 3911 663 3981 babet
676 3911 881 3984 omniabonn
898 3917 1094 3986 Gnosums.

211 4041 252 4084 ιν.
941 4043 980 4086 ss
