2448 4610
36 2927 43 2940 ·
173 2890 256 2957 solus
271 2906 400 2980 paratur
420 2892 533 2983 procul
548 2894 738 2971 avocandos,
759 2892 804 2958 illi
826 2906 937 2960 contra
956 2893 1057 2959 etiam
1073 2893 1197 2960 stolidio

188 277 1203 328 “mmmmm-mmsummmmwnum

268 451 648 634 cnuuuuus
682 531 1145 637 lunxnunumr

629 825 766 894 LIBER
847 875 854 892 .

194 1115 392 1252 QUIS
441 1113 706 1226 DIVES
756 1114 1203 1224 SALVETUR

484 1421 927 1474 ψ-

228 1686 252 1751 Ι.
273 1685 336 1766 Qui
351 1687 571 1755 encomiorum
583 1707 716 1754 munera
733 1685 883 1754 divitibus
897 1687 1051 1754 tribuunt
1066 1686 1093 1764 ¹,
1110 1687 1201 1754 brut

184 1795 262 1862 mibi
281 1799 400 1864 nedum
417 1797 599 1865 adulatores
616 1810 651 1862 et
671 1795 841 1864 illiberales
861 1799 977 1865 merito
993 1797 1139 1866 habendi
1151 1817 1201 1864 arn

182 1905 339 1983 videntur,
357 1907 410 1994 qui
425 1929 539 1997 magno
560 1927 594 1973 se
606 1906 779 1996 gratificari
799 1905 949 1973 simulent
968 1931 1116 1996 quorum
1135 1904 1201 1974 nult

181 2015 296 2104 gratim
313 2017 528 2082 verumetiam
543 2018 631 2106 impii
644 2032 682 2083 ac
693 2015 835 2082 insidiosi
848 2039 857 2079 ε
872 2017 960 2107 impii
971 2015 1201 2106 quidamque!

179 2124 367 2214 posthabitis
385 2125 443 2192 Dei
462 2126 608 2203 laudibus
628 2139 661 2193 et
681 2125 797 2217 gloria,
819 2127 872 2215 qui
891 2149 974 2192 unus
995 2127 1158 2215 perlectus
1173 2147 1200 2192 at

179 2235 283 2302 bonus
299 2248 359 2312 est,
380 2235 450 2301 ‹Ex
468 2258 531 2324 quo
547 2236 667 2313 omnia,
685 2249 717 2304 et
735 2258 902 2326 perquem
916 2236 1039 2312 omnia,
1058 2247 1094 2302 et
1108 2237 1140 2302 in
1152 2257 1201 2323 qut

178 2374 192 2409 a
206 2349 311 2413 omnia
325 2347 350 2425 ²,
363 2377 376 2410 a
389 2351 504 2437 (quem
520 2349 578 2415 sibi
594 2347 647 2414 illc
662 2348 816 2415 bonorem
831 2347 1009 2437 vindicat)
1028 2347 1200 2414 hominibus

177 2457 323 2524 tribuunt
342 2457 511 2548 (piaculari
527 2474 560 2524 et
581 2459 728 2548 impura)
750 2459 812 2524 vita
837 2456 1073 2535 volutantibus,
1100 2459 1198 2548 (ipsis)

177 2565 322 2653 proinde,
340 2566 371 2632 in
391 2565 586 2646 mercedem,
606 2567 726 2656 judicio
747 2565 853 2632 divino
870 2565 1016 2632 obnoxiis
1038 2589 1047 2630 :
1073 2565 1200 2633 insidiosi

174 2683 295 2748 autom,
308 2675 457 2760 quoniam
470 2698 545 2740 cum
557 2687 590 2740 et
605 2671 678 2740 sol-‘e
690 2697 766 2764 opes
778 2673 936 2740 sufficiant
945 2675 989 2742 ad
999 2675 1199 2744 emolliendas

175 2784 488 2873 corrumpendosquc
503 2780 698 2872 locupletum
709 2783 843 2858 animos,
860 2783 963 2871 deque
979 2783 1027 2848 via
1044 2806 1200 2873 perquam

173 3023 223 3066 res
238 3000 394 3078 efficiunt,
410 3003 543 3068 divitum
555 3018 677 3070 mentes
689 3004 931 3070 immodicarum
947 3001 1085 3069 laudum
1099 3002 1197 3070 oblec-

169 3111 341 3177 tationibus
353 3111 434 3177 iustu
446 3109 627 3187 efferentes,
635 3112 731 3199 idque
743 3112 822 3177 adeo
834 3122 1030 3198 prestantes,
1046 3123 1085 3176 ut
1096 3123 1197 3179 cetera

169 3224 274 3288 omniu
290 3222 384 3312 plane
397 3223 490 3292 llocei
504 3224 657 3313 pendant,
673 3236 787 3312 preter
802 3223 925 3288 divitias
942 3224 983 3289 ob
999 3245 1082 3311 quas
1098 3223 1132 3288 in
1145 3221 1195 3287 bo·

169 3355 249 3398 nore
260 3332 434 3408 habenturr
449 3335 526 3424 igni,
541 3349 575 3400 ut
590 3335 838 3422 dicitur,iguem
849 3332 1009 3409 addendo,
1022 3333 1195 3420 fastumque

169 3442 250 3508 fastu
273 3441 480 3518 cumulando,
504 3465 542 3507 ac
568 3443 723 3509 thesauris
745 3440 863 3509 molem
886 3441 1094 3532 apponendo,
1119 3437 1193 3529 gravi

168 3551 326 3618 elemento
340 3551 465 3640 gravius
486 3550 623 3640 pondus,
640 3551 680 3616 do
703 3573 767 3639 quo
783 3544 886 3638 potius
906 3549 1122 3615 auferendum
1136 3557 1193 3613 erat
1216 3577 1221 3660 p

169 3671 200 3725 et
208 3660 450 3747 amputandum,
461 3683 520 3726 ceu
532 3661 645 3725 morbo
657 3657 834 3748 periculoso
847 3681 885 3723 ac
895 3655 1053 3724 lethifero.
1064 3658 1105 3724 Ei
1115 3655 1193 3722 enim
1218 3669 1220 3718 t

103 3859 112 3869 ⁶
167 3769 267 3857 quise
281 3767 403 3835 extollit
418 3793 456 3837 ac
471 3793 622 3860 magnum
638 3769 725 3845 lacit,
741 3769 877 3836 vicissim
892 3767 1034 3835 succedit
1048 3765 1190 3834 tumentis

198 3906 554 3974 1νὶἀιεΙ),6ιιίΙΙοιι,ρ.433).

195 3979 205 4012 '2
218 3979 290 4028 liom.
301 3995 336 4043 ιι,
348 3981 388 4031 35.
