2614 4628
348 289 550 336 eononrarro
576 289 615 332 an
638 289 769 337 esurus.
1015 289 1075 358 usq

44 393 162 462 blaudi
175 407 276 462 artes.
289 395 506 485 Ejusdemque
519 396 730 474 fascinationis
743 395 840 464 veluti
855 399 1077 489 negotiationis

44 506 126 574 socie
140 505 327 572 habeantur
342 530 446 598 capra
461 509 502 574 nd
517 506 723 575 divinandum
744 505 934 586 informate,
947 491 1076 576 necnon

46 618 120 683 corsi
144 615 189 682 illi
206 640 292 704 quos
312 617 354 684 ad
375 641 525 706 responsa
540 617 722 684 bominibus
746 617 908 684 reddenda
930 619 1097 696 hominu

44 727 188 792 erudiere.
209 725 303 806 Quid
314 727 340 792 si
357 728 424 816 ipsa
437 750 564 816 quoque
573 725 725 820 mysteria
740 725 798 792 tibi
812 724 997 794 enucleam?
1005 727 1077 797 Non
1133 715 1141 732 ’

45 859 75 902 aa
89 839 216 925 quidem
232 850 361 904 temere
372 838 521 928 vulgabo,
538 850 575 902 ut
593 835 790 904 Alcibiadem
801 837 910 904 fecisse
921 840 1052 906 tradunt
1063 861 1074 906 a

45 949 207 1018 sedtamen
224 947 314 1015 belle
329 948 503 1015 admodum
522 946 680 1036 quidquid
701 947 762 1012 sub
786 945 823 1012 iis
848 947 1078 1037 praestigiarum

46 1055 123 1136 latet,
137 1059 274 1126 nudabo
288 1083 347 1148 per
362 1059 505 1152 Verbum
526 1057 677 1132 veritatis,
699 1079 841 1143 quosque
860 1056 936 1124 deos
955 1081 1079 1126 nuncu·

47 1171 128 1256 patis,
152 1183 251 1258 atque
280 1171 424 1258 mysticis
443 1171 556 1237 ritibus
579 1165 695 1245 colitis,
715 1165 786 1233 illos
805 1167 851 1234 sic
868 1178 1021 1258 tanquam
1044 1169 1079 1242 in

48 1277 138 1368 aliqua
148 1280 245 1367 hujus
260 1278 336 1346 vitas
347 1303 443 1348 scena
457 1278 597 1346 inclusos
612 1277 753 1344 veritatis
768 1288 985 1365 spectatorum
998 1303 1081 1346 ocn-

50 1387 83 1454 lis
103 1392 262 1478 objiciam.
282 1392 331 1458 Ac
345 1392 485 1480 primum
508 1412 586 1456 ecoe
606 1388 664 1456 tibi
685 1385 832 1452 homines
847 1385 964 1464 suroris
978 1401 1076 1454 oestro

52 1502 146 1587 perciti
155 1503 324 1569 bacchum
332 1500 488 1568 Maenolen
499 1499 693 1566 solemnibus
709 1497 803 1585 orgiis
818 1494 994 1574 celebrant,
1006 1523 1078 1566 cru·
1186 1505 1187 1510 ’

53 1608 211 1697 durumque
223 1611 374 1678 earnium
381 1608 576 1714 helluptione
584 1607 869 1676 sacraminsuninm
877 1622 1076 1698 peragentes,

56 1739 191 1784 cesarnm
204 1720 409 1786 victimarum
422 1731 527 1808 partes
540 1719 699 1796 dividunt,
711 1719 911 1807 serpentibus
920 1721 1077 1796 coronati,
1187 1751 1193 1764 ·

57 1827 200 1916 Eumque
211 1829 306 1895 s‘astis
317 1827 492 1896 ululatibus
502 1829 723 1906 inclamantes,
733 1831 832 1896 Evam
843 1828 964 1896 scilicet
975 1828 1075 1909 illam,

61 1960 111 2025 per
123 1962 211 2024 quam
221 1942 313 2028 janua
330 1953 380 2005 est
395 1942 496 2006 errori
515 1941 654 2029 primum
669 1940 836 2028 patefacta.
854 1941 896 2006 Et
909 1951 988 2006 tunc
1001 1963 1076 2008 cum

67 2048 211 2135 orgiorum
222 2051 453 2119 Bacchicornm
469 2051 509 2116 sit
524 2051 613 2138 quasi
633 2048 795 2137 quoddam
809 2048 931 2138 insigne
948 2073 1076 2138 serpens

68 2177 175 2222 arcano
191 2160 250 2224 ritu
263 2174 475 2238 conmoratus,
490 2172 561 2226 tum
576 2182 651 2225 vero
672 2160 698 2224 si
720 2172 869 2226 accurate
883 2183 995 2230 vocem
1009 2161 1076 2227 lle—

64 2268 194 2336 braicam
211 2272 406 2362 interpretari
427 2271 517 2349 velis,
533 2273 620 2338 Heu
641 2294 716 2337 cum
730 2270 919 2359 aspiratione
941 2273 1076 2359 graviori

61 2392 223 2468 serpentem
239 2383 437 2450 femininam
456 2382 623 2474 significat.
647 2380 769 2447 Deinde
787 2379 882 2448 Ceres
902 2393 935 2446 et
953 2382 1078 2447 Proser·

57 2490 122 2578 pina
145 2493 174 2558 in
198 2497 371 2582 mysticum
384 2495 481 2582 etiam
503 2492 616 2560 fsbulae
632 2515 732 2582 genus
752 2491 918 2568 transiere,
941 2513 1077 2580 quarum

56 2621 177 2678 errores,
201 2618 235 2672 et
260 2618 402 2694 raptum,
429 2619 462 2674 et
486 2605 609 2672 luctum
634 2603 798 2672 nocturnis
814 2601 936 2670 lacibus
953 2602 1077 2672 Eleusis

55 2706 184 2778 illantrat.
202 2715 251 2782 Ac
265 2715 345 2782 mihi
365 2716 495 2805 quidem
514 2716 593 2782 tanti
614 2727 663 2781 est
682 2714 843 2803 propriam
858 2713 1019 2804 orgiornm
1041 2725 1075 2782 et
1120 2721 1129 2732 ’

54 2824 265 2909 mysteriorum
276 2828 475 2894 notationem
486 2838 656 2894 excutere:
672 2824 758 2914 orgia
769 2847 846 2892 sane
860 2828 913 2886 ἀπὸ
928 2837 975 2896 τῆς
988 2829 1077 2906 ὀργῆς,

53 2929 160 3000 bocest
169 2937 208 3002 ab
222 2938 418 3013 iracundia,
433 2961 550 3004 nomen
561 2959 725 3025 accepere,
741 2957 802 3023 qua
817 2936 913 3002 Ceres
924 2935 1074 3032 adversus

53 3039 152 3112 loram
164 3061 327 3113 enrserat
350 3072 358 3114 a
376 3049 524 3137 mysteria
547 3070 624 3112 vero
636 3049 689 3106 ἀπὸ
701 3053 867 3124 coaptasse
884 3045 948 3112 boc
963 3056 1012 3110 0⁵²
1035 3046 1074 3110 ab

52 3159 222 3224 merendo
235 3159 364 3234 molere,
383 3158 569 3248 quodcirca
584 3157 748 3226 bacchum
763 3158 867 3246 ipsum
885 3151 1071 3242 contigerat.

53 3263 137 3344 Quod
160 3269 186 3334 ai
208 3292 323 3336 vocem
343 3270 437 3336 istam
457 3293 474 3334 a
496 3269 627 3358 llyunte
641 3266 907 3356 quodambttico
933 3263 1075 3332 derivare
1125 3277 1131 3292 ⁸

53 3373 154 3461 placet,
171 3402 267 3466 quem
288 3378 502 3468 Apollodorus
523 3379 554 3445 in
578 3378 743 3444 venatione
772 3374 902 3463 periisse
928 3381 1073 3448 testatur,
1195 3409 1200 3414 ·

55 3485 186 3571 equidem
206 3487 286 3556 nihil
306 3489 372 3555 boo
389 3490 480 3558 robis
498 3488 668 3562 invideam,
686 3497 722 3552 ut
742 3483 892 3572 mysteria
906 3495 1008 3550 vestra
1023 3506 1076 3550 se—

55 3592 171 3680 pdcrali
194 3597 319 3664 bonore
341 3593 542 3666 decorentur.
564 3595 719 3676 Quinimo
741 3592 835 3662 tirou
849 3591 906 3658 tibi
925 3593 1074 3680 mysteria

55 3704 130 3789 quasi
146 3711 275 3788 μνᾶὴρια,
297 3707 362 3774 hoo
376 3721 425 3774 est
445 3709 577 3796 salutm
597 3706 779 3779 venaticus,
804 3715 911 3768 mutus
935 3703 1075 3768 duorum

56 3813 272 3887 elementorum
294 3820 540 3908 permutatione,
563 3817 708 3905 accipere
728 3836 736 3878 a
756 3825 908 3880 venantur
930 3813 1028 3887 onim,
1049 3811 1076 3876 si

57 3948 115 4012 qne
129 3931 208 4008 alin,
225 3931 407 4022 hujusmodi
430 3929 557 4004 fabulae,
577 3937 734 4015 quotquot
754 3924 816 3990 sive
835 3924 921 4014 apud
935 3923 1075 4006 Thraces

131 4062 178 4105 ur.
879 4058 899 4120 9
