2532 4608
195 277 259 340 eto
505 293 681 340 cuaueuru
710 295 923 342 aurauuauu

195 421 320 514 gravia,
331 433 522 510 etqueuon.
532 417 623 488 Unde
631 419 817 488 edenterea
827 419 1225 514 sustinetqueopertet,et

197 554 269 620 que
284 530 397 596 decere
417 529 448 594 ei
468 528 567 596 dietat
582 529 663 596 ratio
670 553 680 606 ς
697 530 838 596 scienter
851 531 1054 620 distinguens
1064 555 1102 599 ea
1116 533 1157 598 de
1168 537 1220 623 qai-

198 643 259 708 bus
272 637 420 707 habenda
429 650 479 703 eat
490 637 629 714 fiducia,
644 637 709 706 boe
719 650 790 715 est,
803 661 841 706 ea
855 662 928 729 qne
944 653 1023 706 eunt
1040 643 1125 708 bona
1136 693 1145 718 ,
1156 643 1221 710 abit

198 771 269 838 quae
285 749 451 824 videntur,
463 759 496 813 et
509 746 661 814 terribilia
677 748 768 814 abiis
782 771 855 837 quar
871 762 1054 838 apparent,
1070 755 1220 818 moneret

198 857 291 934 lieet,
314 858 449 933 morbo,
466 868 499 922 et
519 867 732 946 paupertate:
751 881 824 945 quae
841 857 979 946 quidem
1000 867 1080 924 eunt
1094 861 1220 947 opiniuria

199 969 410 1057 potiusquam
426 966 574 1032 veritatis.
589 965 649 1031 Hic
659 978 708 1031 est
722 987 834 1032 revera
849 967 900 1032 vir
916 969 1028 1034 Mum
1040 1017 1050 1044 ,
1064 967 1119 1056 qui
1129 970 1220 1057 perbr

199 1077 300 1144 bitum
317 1073 366 1142 vei
378 1074 615 1164 dispositionem
628 1075 741 1142 animae
756 1076 875 1140 virtute
890 1076 1045 1164 praeditae
1060 1080 1217 1144 moturi

199 1185 295 1253 animi
302 1185 594 1274 perturbationibus
606 1185 784 1250 universam
791 1183 880 1252 illam
893 1186 1002 1252 vitam
1014 1188 1215 1275 superaritpn

198 1293 490 1386 perturbationibus
501 1305 550 1358 eat
563 1294 709 1360 obnoxia.
730 1293 834 1382 Hujus
849 1295 968 1360 omnia
986 1319 1006 1360 a
1022 1296 1214 1384 seipaedqrr

200 1403 277 1472 deut
300 1402 342 1470 ad
363 1402 461 1468 finem
481 1402 719 1492 requirendum.
745 1402 826 1470 Nam
846 1425 923 1490 qum
941 1404 1089 1469 fortunae
1107 1406 1211 1470 dimutu

200 1511 423 1589 incommoda,
438 1535 477 1578 ea
493 1511 561 1578 viro
575 1511 660 1576 Βοιιο
673 1533 740 1576 non
754 1522 828 1576 sunt
843 1511 1208 1602 formidabilium

201 1645 266 1688 non
284 1633 359 1688 aunt
375 1619 458 1688 mala
479 1644 488 1686 ε
511 1643 582 1708 quar
602 1632 710 1686 autem
732 1641 805 1686 vere
828 1633 907 1685 sunt
929 1623 1067 1711 gravia,
1082 1635 1202 1686 casuue

203 1725 384 1794 Christiano
405 1725 556 1792 Gnostieo
578 1724 678 1792 aliena
691 1773 701 1802 ,
725 1736 835 1814 utpote
851 1749 928 1814 quae
941 1751 989 1792 ex
1007 1728 1132 1794 dianam
1141 1749 1199 1815 pug-

204 1845 302 1926 gnant
315 1853 389 1901 eum
403 1834 513 1910 bouis,
526 1844 600 1898 aunt
614 1833 700 1898 enim
710 1830 810 1908 mala,
824 1855 885 1898 nee
899 1833 979 1898 fieri
991 1833 1201 1923 potestuebn

204 1945 318 2012 eodem
330 1955 474 2032 tempore
485 1939 578 2008 simul
590 1941 686 2008 iuaint
698 1941 870 2007 contraria.
887 1942 959 2023 Qui
976 1944 1063 2008 citra
1076 1941 1209 2028 idlamup

205 2051 484 2144 reprehensionem
504 2051 567 2140 agit
589 2063 696 2118 actum
711 2051 800 2126 vitre,
816 2073 916 2137 quem
930 2051 964 2116 ei
987 2052 1078 2118 Deus
1097 2051 1213 2140 agenda

206 2163 395 2252 prebuerit,
411 2183 481 2250 que
503 2169 577 2226 aunt
598 2157 718 2247 agenda
732 2169 766 2222 et
781 2182 854 2247 quae
870 2159 1067 2227 sustinenda
1081 2161 1214 2249 eoguuetit

206 2271 322 2338 Annon
344 2269 431 2335 enim
447 2270 487 2336 ab
503 2268 699 2358 ignoratione
721 2289 855 2343 eorum,
878 2291 954 2356 quae
983 2282 1065 2335 sunt
1078 2270 1170 2358 gratia
1182 2277 1219 2332 aut
1264 2299 1265 2318 κ

207 2403 272 2446 non
284 2379 407 2468 gravia,
420 2375 521 2442 oritur
534 2375 705 2442 timiditas?
716 2376 842 2456 Quare,
855 2375 944 2442 seius
953 2377 1128 2444 Gnostiou
1139 2375 1218 2442 iidnti
1263 2393 1265 2468 A

207 2488 391 2563 eatanimo,
403 2485 503 2574 utqui
516 2484 600 2550 norit
613 2487 696 2550 bona
708 2496 877 2571 quaesunt,
890 2496 925 2550 et
937 2485 1051 2552 sutura
1063 2499 1152 2552 aunt:
1168 2505 1219 2551 um
1264 2471 1265 2474 Ἴ

207 2597 257 2664 bia
270 2609 393 2672 autem,
407 2607 442 2660 ut
453 2595 531 2671 dixi,
545 2617 607 2659 una
618 2593 699 2660 sciat
708 2615 746 2658 ea
757 2615 829 2681 quae
839 2617 905 2660 uon
917 2607 1000 2660 aunt
1012 2619 1113 2661 neren
1120 2594 1216 2683 gravia:

208 2705 311 2772 ueiens
323 2705 442 2794 quippe
450 2701 552 2770 solum
561 2703 671 2768 vitium
679 2724 747 2767 esee
755 2701 924 2768 iuimieum
934 2753 945 2779 ,
957 2701 1220 2770 erexit-aum

208 2815 245 2881 iia
262 2814 316 2902 qui
332 2813 505 2904 proficiunt
520 2811 562 2878 ad
576 2811 808 2900 cognitionem,
826 2812 923 2878 armis
941 2813 1073 2880 Domini
1084 2809 1222 2883 munitm,

209 2922 358 2990 adversus
369 2922 402 2987 id
413 2917 533 2986 bellum
544 2917 635 3008 gerit.
651 2919 721 2985 Non
732 2919 857 2984 enimsi
873 2919 1007 3008 quidex
1022 2918 1221 3010 imprudente,
1262 2903 1264 2986 i

208 3040 244 3094 et
257 3026 375 3094 diaboli
390 3026 574 3116 operatione
584 3022 634 3092 vel
648 3025 753 3113 potius
769 3026 1000 3114 cooperatione
1016 3024 1222 3101 consistit‚brt

210 3137 354 3228 protinus
380 3135 593 3225 imprudentia
618 3145 687 3200 erat
717 3146 771 3200 aut
795 3133 952 3200 diabolus.
981 3137 1145 3217 Quoniam
1164 3131 1224 3201 nrbt

208 3245 351 3336 operttio
366 3258 414 3310 est
428 3245 618 3334 prudentia:
641 3243 808 3333 prudentia
824 3245 911 3312 enim
926 3257 976 3311 est
997 3245 1138 3312 babitus.
1159 3241 1224 3312 b'ub

211 3369 318 3423 autem
333 3355 475 3444 operatio
496 3365 545 3420 eat
563 3351 702 3419 habitus.
726 3353 796 3419 Nou
812 3375 889 3442 ergo
903 3378 941 3421 ea
961 3377 1034 3444 quaa
1053 3379 1111 3445 per
1126 3357 1226 3445 ignorr

209 3465 331 3532 tionem
345 3463 505 3540 eousiatit,
522 3463 605 3530 aetio
619 3463 685 3551 jam
701 3473 749 3526 est
770 3462 945 3550 ignoratio,
971 3463 1029 3530 red
1051 3465 1162 3530 vitium
1177 3485 1226 3551 ῃ·

210 3573 286 3640 dem
302 3585 349 3639 ert
364 3584 494 3662 propter
511 3571 761 3660 ignorationem,
781 3591 845 3636 uon
867 3581 975 3638 tamen
995 3571 1151 3662 ignoratio
1166 3591 1226 3637 :ur

210 3705 275 3770 que
285 3683 371 3748 enim
382 3681 533 3755 affectus,
547 3703 651 3769 neque
660 3691 791 3769 peecata
806 3691 881 3744 sunt
891 3681 969 3748 vitia
981 3731 990 3758 ,
1004 3683 1064 3747 etei
1078 3682 1224 3772 prooedau

210 3813 232 3855 a
255 3790 340 3856 vitio.
369 3791 469 3858 Nemo
490 3813 567 3879 ergo
588 3789 666 3856 eitra
693 3789 848 3855 rationem
873 3787 984 3867 sortia,
1006 3804 1054 3856 est
1068 3791 1221 3857 Gnoedeu

214 3897 240 3966 Ν
245 3921 294 3964 am
310 3922 425 3988 pueros
438 3923 565 3989 quoque
577 3898 622 3968 sie
637 3897 750 3964 dixerit
764 3896 876 3986 aliquis
887 3897 1004 3978 sortes,
1025 3902 1080 3989 qui
1091 3923 1161 3988 que
1173 3906 1221 3964 tut
