2452 4602
299 303 492 356 ruuauooue,
516 300 653 347 nrn.·1u.
924 281 984 357 der

21 425 218 520 protendantur.
231 425 269 496 lis
284 439 386 492 autem
402 427 455 515 qui
472 424 585 492 nolunt
599 435 708 514 aperte
722 446 869 514 peccare,
883 421 989 490 occul·

21 547 56 604 tus
71 535 173 601 habitus
187 547 215 600 et
234 558 295 601 non
314 533 443 624 insignis
456 547 506 600 est
524 533 728 624 gratissimus.
749 532 845 613 Quod
860 531 951 598 veriti
966 533 988 598 ii

20 641 182 734 quibuslicet
200 667 341 734 peceare,
364 657 532 734 propterea
550 644 637 733 quod
655 666 720 710 non
739 653 986 733 cognoscantur,

21 753 96 819 ndis
106 751 245 819 mdmilati
256 766 290 819 ut
304 777 413 821 secure
427 766 557 843 possent
571 775 704 842 peecare
720 751 883 819 consecuti
898 761 983 817 sunt.

22 863 69 931 lion
76 863 158 930 eum
168 887 236 953 ergo
247 887 389 930 severum
401 865 503 931 viram
514 863 652 930 ostendit
663 860 850 953 capillorum
862 862 986 947 raritas,
1030 897 1034 904 ·

20 971 58 1036 ted
73 972 148 1037 etiam
159 956 247 1037 allicit
263 984 297 1037 ut
309 972 415 1038 minus
430 969 522 1038 facile
540 971 673 1038 laedetur
687 972 844 1048 cranium,
860 982 989 1038 comet
1023 1019 1026 1030 .
1053 977 1056 984 '

17 1079 212 1168 figodetastui
226 1080 326 1169 ipsum
337 1079 535 1157 assuefaciat,
548 1093 581 1146 et
589 1079 794 1160 incommoda
810 1102 880 1170 quae
891 1080 931 1145 ab
941 1078 987 1145 eis

17 1187 208 1276 polciacuntur
223 1187 364 1277 repellat,
382 1211 451 1277 quae
474 1188 605 1278 quidem
627 1211 718 1255 coma
737 1190 835 1256 instar
849 1189 987 1278 spongiae
1041 1241 1046 1252 .

17 1295 152 1384 iaaeipum
161 1296 319 1386 recipiens,
333 1309 520 1387 perpetuam
531 1321 570 1363 ex
584 1298 718 1365 humore
729 1321 843 1366 noxam
855 1300 987 1366 cerebro

17 1402 105 1493 infligit
118 1405 285 1473 llulieribus
302 1419 411 1473 autem
431 1408 536 1474 crines
556 1407 679 1475 mollire
701 1409 829 1487 suflicit,
849 1411 987 1486 ettenui

17 1513 89 1604 siqua
101 1515 181 1582 fibula
194 1541 318 1585 comam
334 1519 422 1606 juxta
441 1517 560 1586 collum
575 1517 702 1610 alligare
723 1517 899 1610 frugaliter,
915 1522 988 1588 eim·

16 1621 177 1714 plicieultura
192 1629 321 1716 pudicas
338 1651 446 1696 comes
463 1631 496 1696 in
515 1653 698 1720 germanam
716 1630 989 1720 pulchritudinem

15 1723 137 1802 dentibus.
148 1736 309 1804 Meretricii
321 1738 408 1804 enim
417 1736 608 1828 capillorum
622 1737 745 1828 plexus,
758 1751 791 1806 et
802 1753 990 1808 catenarum

14 1865 86 1908 naua
97 1868 215 1914 tumeas
229 1848 389 1914 deformes
404 1849 553 1925 reddunt,
570 1861 639 1914 tum
655 1850 751 1926 etiam
771 1848 851 1939 pilos
868 1850 989 1918 discer-

14 1963 85 2040 punt,
93 1955 241 2024 artificiosis
256 1958 390 2024 texturis
405 1957 574 2025 evellentes
589 1981 597 2024 ι
612 1958 726 2049 quibus
741 1959 838 2026 etiem
848 1959 889 2026 lit
901 1971 990 2028 ut-ne

15 2081 58 2126 ιιι
68 2062 163 2148 quiden
175 2077 304 2156 tangant
320 2068 435 2157 capita,
455 2091 497 2136 ue
519 2067 648 2156 capillos
671 2069 877 2136 confundant»
889 2069 988 2160 petat,

13 2186 151 2241 necaret
167 2177 349 2258 Quinetiam
370 2201 434 2244 non
449 2178 517 2244 sine
535 2190 624 2244 metu
638 2201 690 2244 eas
710 2179 830 2246 invadit
845 2203 986 2256 somnus.

13 2279 66 2346 dun
81 2285 172 2352 timent
188 2311 228 2353 ne
244 2299 379 2354 texturae
394 2287 529 2377 ligurem
547 2287 764 2376 imprudentes
782 2290 985 2356 conturbent.

13 2387 148 2462 dleuomm
161 2407 262 2465 autem
277 2396 469 2488 capillorum
484 2397 696 2487 appositiones
710 2409 785 2465 sunt
799 2398 930 2468 omnino
940 2421 988 2465 re·

13 2499 124 2586 jicienda,
134 2518 163 2572 et
171 2519 315 2576 externas
327 2531 434 2574 comas
446 2507 541 2604 capiti
552 2505 703 2573 adhihere
718 2517 768 2574 est
782 2506 920 2574 maxime
931 2507 989 2574 im·

13 2611 141 2703 piumque
155 2617 190 2684 lit
205 2629 239 2683 ut
256 2618 392 2685 mortuis
409 2617 480 2707 pilis
497 2618 802 2684 craniumiaduaut.
822 2618 881 2683 Cui
901 2619 988 2684 enim

13 2743 102 2792 aeuum
114 2728 235 2818 imponit
247 2727 439 2820 presbyteri
454 2725 505 2792 cui
517 2725 824 2794 eutembenedioetf
836 2727 907 2796 Non
918 2751 987 2797 mu·

13 2827 54 2897 ieri
68 2857 123 2922 que
140 2850 184 2904 eat
205 2849 330 2913 ornata,
351 2835 408 2902 sed
430 2832 537 2903 alienis
556 2832 689 2924 capillis,
713 2848 744 2902 et
763 2857 822 2926 per
835 2837 918 2927 ipsos
933 2838 986 2908 alii

13 2941 79 3027 apiti.
90 2943 227 3014 Siarum
244 2973 258 3010 ι
275 2942 416 3012 molieris
427 2945 560 3032 quidem
571 2956 667 3032 ceput
677 2955 725 3012 est
737 2945 795 3022 vir,
808 2945 865 3013 viri
877 2959 987 3014 eutem

13 3064 92 3138 >caput
103 3068 145 3121 eat
158 3055 324 3124 christu-1¹
339 3079 347 3121 :
364 3083 376 3117 ι
391 3055 551 3143 quomodo
571 3077 635 3122 nou
656 3066 706 3122 est
724 3057 859 3147 impium
880 3079 933 3123 eas
950 3059 985 3125 iu

13 3151 87 3246 ltplea
97 3173 255 3252 peceatum
272 3163 441 3232 incideret
452 3163 513 3230 Per
535 3163 741 3230 immodicam
757 3165 843 3232 enim
859 3187 986 3231 comam

13 3265 60 3334 itu
68 3271 211 3364 decipiunt
225 3301 233 3343 :
249 3276 423 3343 Dominum
435 3285 555 3354 eutem,
566 3285 720 3362 quantum
732 3273 765 3338 in
775 3273 850 3362 ipsis
862 3286 921 3352 est,
934 3274 986 3341 de-

13 3374 86 3448 luere
101 3385 248 3465 afficiunt,
266 3387 343 3453 dum
359 3384 539 3452 meretricie
554 3394 708 3452 ornantur
725 3379 760 3450 in·
773 3381 917 3450 fraudem
932 3407 987 3450 ve-

13 3485 85 3567 llatis,
100 3507 128 3560 et
144 3510 252 3586 eaput,
274 3496 359 3584 quod
378 3518 451 3562 rere
469 3493 640 3585 pulchrum
658 3505 719 3571 est,
737 3492 900 3560 infamant.
920 3493 986 3564 Neo

13 3619 54 3686 tsso
67 3600 112 3691 pili
127 3620 198 3673 sunt
213 3607 369 3698 tingendi,
387 3629 449 3674 nec
464 3607 551 3674 canis
570 3604 658 3672 color
676 3602 856 3671 mutandus.
878 3604 987 3695 Neque
1104 3614 1107 3622 '

13 3707 63 3774 uim
73 3727 178 3784 restem
191 3717 310 3784 variare
322 3739 509 3786 concessum
520 3727 568 3783 est
583 3739 591 3782 ι
604 3726 638 3782 et
648 3715 784 3782 maxime
795 3716 883 3796 abest
894 3729 931 3782 ut
941 3739 987 3790 se-

13 3813 50 3884 il'u
58 3835 207 3918 atraque
217 3829 450 3897 venerationem
461 3841 494 3896 et
505 3827 725 3904 auctoritatem
733 3824 901 3899 conciliare
913 3839 985 3918 apta

22 3941 29 3975 ¹
40 3960 48 3992 ¹
58 3945 106 4002 ⁰⁰¹·
118 3969 149 4014 u,
160 3956 183 4006 a
