2738 4628
460 311 589 354 oonrnn
613 311 762 354 annuens.
1085 289 1128 354 εὖ

90 420 334 510 roptilrilitntem.
350 425 395 494 Et
406 439 546 515 propter
556 425 620 494 boe
630 429 673 492 eit
685 428 717 493 in
728 426 867 493 secunda
879 415 921 492 od
928 425 1129 494 Corinthios:

96 560 108 592 ι
121 531 159 596 Ut
173 534 391 600 absorbentur
409 535 551 600 mortale
566 559 583 601 n
595 537 668 602 vita.
685 536 748 615 Qui
760 548 868 602 nutem
882 534 1010 624 perlicit
1023 557 1083 602 nos
1099 535 1133 600 in

63 669 70 689 ·
89 667 101 702 ι
115 639 176 706 lton
191 641 303 730 ipsum,
323 643 436 719 Deus,
449 645 506 730 qui
519 644 607 710 dedit
621 645 710 710 nobis
722 645 835 734 pignus
848 643 985 733 Spiritus
994 643 1023 718 ’ς
1040 667 1135 712 »tne-

92 748 277 816 nilestissime
289 752 361 818 hoe
375 752 420 818 de
432 777 534 820 corne
545 753 654 821 dicens
668 776 676 818 ε
690 777 750 824 noo
761 754 847 820 enim
858 755 962 820 animo
976 751 1131 830 mortalis,

98 883 190 948 neque
200 863 339 950 spiritns.
358 864 570 930 Absorbetur
580 877 688 930 autem
699 862 833 930 mortale
844 887 862 928 a
873 865 949 940 vito,
962 863 1089 952 quondo
1099 875 1133 930 et

101 971 234 1056 earojem
248 994 317 1037 non
336 983 489 1044 mortua.
508 972 564 1038 sed
580 972 649 1038 vivo
663 983 696 1038 et
718 973 903 1062 inoorrnpto
919 995 1135 1062 perseverare·
1211 1063 1213 1068 Ι

96 1078 146 1153 rit,
161 1078 312 1166 hymnum
325 1081 447 1148 dieens
465 1082 546 1157 Deo,
560 1083 615 1172 qui
631 1083 663 1150 in
677 1083 740 1150 hoo
758 1083 861 1172 ipsum
877 1082 1079 1172 perfinitnoe.
1092 1081 1134 1148 Ut

99 1209 166 1276 ergo
177 1190 207 1254 in
219 1191 284 1257 lroe
303 1191 538 1281 perficiamur,
550 1194 634 1258 bene
649 1191 821 1258 Corinthiis
837 1193 903 1258 oit:
922 1219 935 1254 ι
950 1191 1134 1260 Glorifieete

95 1299 215 1368 »Deum
239 1303 276 1368 in
298 1325 449 1392 corpore
472 1315 577 1370 vestro
586 1302 609 1368 ².
629 1303 742 1370 »Dour
765 1301 1070 1394 inoorruptihllitotir
1087 1313 1136 1370 est

90 1407 224 1476 effector.

142 1517 306 1598 Quoniam
324 1532 443 1586 nutem
464 1543 529 1586 non
550 1521 590 1586 de
608 1519 669 1588 olio
687 1523 827 1609 quodnm
844 1545 997 1612 corpore,
1016 1521 1072 1588 ned
1095 1522 1135 1590 de

92 1650 222 1718 eorporo
242 1631 357 1697 earnis·
372 1631 456 1698 dioit
474 1629 556 1708 lraee,
574 1631 739 1698 manifeste
758 1643 792 1700 et
810 1633 1002 1708 indubitato,
1017 1644 1051 1698 et
1068 1633 1135 1700 uine

94 1737 154 1804 ulln
172 1741 390 1830 ambiguitate
407 1741 581 1808 Corinthiis
592 1743 656 1808 nitr
676 1768 690 1803 ι
708 1741 843 1833 Semper
856 1742 1135 1810 mortificationem

94 1876 108 1910 ι
121 1848 198 1915 loen
208 1851 245 1916 in
254 1873 396 1941 oorpom
406 1863 518 1918 nostro
528 1851 801 1928 circumferentes,
810 1854 915 1919 utvitn
927 1851 1005 1919 lesu
1017 1851 1135 1919 Christi

99 1985 113 2018 ι
125 1957 161 2023 in
170 1981 306 2048 oorpore
317 1973 430 2026 nostro
441 1959 668 2026 manifestetur.
679 1960 814 2050 Semper
824 1963 910 2027 enirn
922 1962 975 2050 qui
987 1961 1134 2037 vivimus,
1169 1969 1179 1982 '

106 2095 122 2126 ι
133 2065 167 2132 in
179 2081 315 2134 mortem
328 2068 488 2135 tradimur
502 2093 559 2160 per
574 2047 698 2146 «ledum,
714 2081 797 2139 utet
819 2072 879 2137 vito
897 2069 974 2138 «lesu
991 2073 1137 2138 monifes-

111 2189 227 2244 »tetur
253 2179 288 2245 in
312 2203 403 2247 earne
425 2180 554 2246 mortali
576 2181 717 2247 nostro⁸.
734 2209 747 2244 ι
763 2182 803 2247 Et
826 2182 977 2271 quonium
997 2183 1136 2273 Spiritus

103 2287 330 2376 complectitur
350 2313 494 2368 curnem,
517 2291 552 2356 in
574 2291 687 2356 eodem
707 2289 837 2379 epistola
859 2293 903 2356 nit
921 2315 958 2356 r«
976 2293 1137 2371 Quoniam

102 2398 205 2464 restis
231 2398 362 2487 epistola
386 2399 521 2477 Christi,
537 2400 716 2465 ministrato
740 2421 758 2462 u
781 2399 885 2475 nobis,
905 2399 1055 2489 inscripto
1073 2423 1139 2467 non

100 2521 325 2586 iuramento,
342 2513 398 2577 sed
418 2511 541 2599 Spiritu
561 2509 620 2578 Dei
637 2509 711 2585 viri,
733 2532 798 2575 non
816 2509 849 2574 in
864 2507 979 2576 tohulio
996 2508 1138 2599 lapideir‚

99 2619 183 2685 rred
205 2621 240 2685 in
258 2619 376 2686 tabulis
396 2620 502 2688 cordis
525 2618 705 2687 carnalibus
714 2619 735 2686 ⁴.
758 2619 822 2686 »Si
841 2641 917 2710 ergo
937 2643 1025 2688 nune
1043 2620 1139 2688 cordo

99 2727 238 2796 amatia
265 2731 397 2819 capucia
419 2730 555 2820 Spiritus
577 2729 675 2804 siuntr
695 2728 774 2819 quid
797 2730 914 2796 mirum
935 2731 1011 2797 siin
1030 2753 1138 2798 resur-

98 2840 243 2906 rectione
258 2863 331 2906 enm
348 2863 420 2929 quae
438 2866 455 2907 o
473 2840 594 2930 Spiritu
611 2840 716 2916 detur,
732 2841 863 2929 copiunt
878 2839 997 2907 vitam?
1011 2843 1059 2909 De
1075 2865 1138 2931 qur

100 2950 337 3018 resurreetione
349 2929 522 3041 Apostolus
538 2951 571 3016 in
586 2973 622 3015 eo
637 2973 708 3038 quar
722 2959 770 3016 est
784 2948 825 3015 nd
839 2948 1055 3039 Philippueer
1071 2950 1135 3017 ritr
1252 3001 1254 3006 ,

108 3085 122 3120 ι
136 3059 324 3127 conformis
347 3062 444 3128 morti
464 3060 547 3149 ejus,
565 3060 589 3126 si
606 3083 671 3148 quo
684 3059 781 3126 modo
796 3081 964 3127 occurram
978 3061 1020 3125 od
1035 3082 1142 3126 resur-

102 3199 116 3232 ι
130 3171 308 3238 rectionem
333 3195 405 3258 quae
428 3183 476 3235 est
491 3193 509 3234 a
524 3169 685 3236 monuist.
704 3200 718 3231 ι
734 3171 771 3236 ln
785 3192 848 3259 qun
861 3169 965 3258 igitur
978 3169 1038 3236 alio
1055 3185 1143 3237 mor-⁴

103 3278 156 3346 tnli
174 3305 273 3348 carne
294 3277 431 3369 intelligi
447 3289 552 3368 potest
565 3281 626 3345 vitu
644 3278 850 3355 manifestari,
862 3278 921 3344 nisi
944 3278 977 3344 in
994 3279 1054 3346 lrno
1070 3281 1143 3347 nulr-

106 3393 215 3457 stontia
227 3413 302 3479 qnae
317 3402 353 3455 et
368 3388 583 3455 mortificatur
597 3401 726 3479 propter
738 3412 823 3464 eam,
836 3411 905 3476 quer
917 3399 964 3454 est
974 3389 1014 3454 nd
1025 3389 1141 3469 Deum,

107 3502 365 3580 oonlessionemi‘¹
380 3500 662 3581 Quemadmodum
678 3501 745 3589 ipse
760 3500 839 3565 dixit
856 3522 864 3564 ι
884 3525 898 3560 ι
912 3498 946 3565 Si
966 3501 1144 3570 seeundum

109 3613 294 3682 »hominem
309 3637 389 3681 cum
405 3611 515 3678 hestiis
526 3610 642 3700 Ephesi
655 3607 806 3702 pugnavi,
819 3609 895 3699 quid
909 3609 986 3678 nihi
1001 3613 1143 3701 prodest,

107 3753 121 3786 ι
133 3727 158 3793 ri
169 3728 288 3794 mortui
303 3749 373 3793 non
386 3721 600 3813 resurgunt⁸i
615 3721 649 3789 Si
659 3706 747 3790 enim
757 3722 874 3788 mortui
885 3744 950 3789 non
961 3732 1143 3813 resurgunt,

135 3887 236 3939 ¹¹C⁰h
250 3905 277 3950 *ι
287 3886 316 3948 l,
330 3887 357 3935 5·
369 3881 447 3932 -ἰ
462 3879 521 3932 Gor.
535 3897 572 3942 ιι,
584 3881 677 3931 ιο.-8
692 3899 704 3932 ι
716 3881 775 3936 Cor.
783 3898 817 3944 rr,
834 3881 965 3946 ro,n.-¹
977 3899 990 3933 n
1002 3881 1061 3933 (lor.
1069 3899 1108 3945 ιιι,
1121 3883 1143 3933 ὅ.

105 3963 151 4001 -l
163 3963 259 4031 Philip.
271 3980 312 4024 nr,
330 3974 426 4022 ιο,ιι.
439 3956 490 3998 --⁸
503 3955 581 4008 icor.
595 3957 682 4017 ιιώι.
1004 3983 1021 3998 ,,
