2448 4610
268 252 334 304 nors
357 253 446 298 nurus
469 253 639 300 sauvnrua.
909 237 971 320 457

23 365 104 436 lenti
116 377 214 453 potest
236 389 324 437 meus
346 367 468 439 soilioet
481 367 621 439 humana
640 389 680 436 ae
696 367 807 456 judieii
830 364 974 442 bouitas,

22 474 153 546 illiorum
166 475 204 542 sit
218 498 279 563 qua
295 476 415 544 ratione
434 478 479 543 uti
493 475 568 544 velit
582 475 627 544 illi
643 475 683 543 ad
698 499 791 543 usum
805 476 973 553 concessis.
1110 549 1121 562 ‚

22 607 64 658 no
76 584 158 672 igitur
173 583 292 660 divitias
306 597 339 651 et
354 608 444 674 opes,
463 599 496 652 et
511 609 575 652 non
590 585 690 676 magis
704 583 837 652 affectus
848 607 887 651 ao
900 605 977 672 per-

21 694 141 762 tlutiones
155 693 305 771 destruat,
317 718 374 784 per
385 718 463 783 quas
478 718 543 763 non
553 693 653 764 liceat
666 695 711 761 uti
728 692 929 762 bonitatibus
944 694 977 758 in

21 826 78 872 uum
90 803 216 878 virtutiu
232 827 297 892 quo
316 805 468 875 nimirum
484 808 589 874 honus
600 806 670 894 quis
687 828 725 872 ao
737 805 858 893 probus
879 802 979 872 elleo-

20 914 89 990 this
107 937 225 1003 quoque
247 915 363 983 divitiis
385 939 424 984 ao
444 917 587 1006 pecuniis
609 918 710 1006 probe
731 937 834 1004 exque
853 914 979 982 honesti

20 1023 77 1090 ione
95 1024 135 1091 uti
150 1025 254 1113 possit.
279 1025 376 1104 Quod
398 1027 495 1115 igitur
514 1028 639 1095 eunetis
661 1025 774 1114 opibus
795 1023 978 1090 renuntiare

19 1145 109 1206 ean.
129 1144 159 1202 et
181 1147 216 1202 ut
236 1157 307 1223 quae
331 1136 364 1202 in
389 1159 486 1204 oeusu
512 1148 586 1204 sunt
609 1136 716 1204 omnia
736 1133 925 1208 vendamusr
944 1134 978 1200 in

19 1261 50 1308 uo
61 1241 175 1310 modum
188 1243 431 1334 intelligendum
450 1258 511 1323 est,
529 1259 567 1312 ut
585 1247 625 1312 de
643 1245 809 1314 affectibus
828 1244 924 1314 ammi
940 1267 978 1311 ao

18 1350 230 1418 tornatoribus
249 1353 374 1420 dietum
389 1355 574 1444 accipiatur.

18 1454 71 1526 XV.
90 1458 148 1546 ligo
170 1472 255 1526 uerte
277 1459 358 1526 illud
377 1463 473 1530 etiam
493 1463 681 1530 addiderim.
704 1463 974 1552 Quandoquidem

17 1566 146 1654 squidem
158 1581 244 1636 extra
259 1569 414 1648 animam,
427 1569 486 1638 alia
498 1572 584 1640 intus
599 1571 695 1661 inque
710 1574 815 1640 anima
831 1583 924 1647 sunt;
939 1595 978 1640 ao

17 1675 106 1762 uidam
123 1677 222 1744 anima
242 1677 306 1748 illis
322 1680 405 1746 hene
426 1678 620 1769 honesteque
643 1691 765 1757 utatur,
782 1679 834 1747 illa
849 1703 977 1769 quoque

16 1805 48 1856 tu
64 1785 238 1875 honestaque
260 1787 426 1866 videntum
452 1789 500 1856 sin
521 1801 629 1856 autem
654 1789 751 1865 male,
773 1788 872 1864 mala3
898 1811 977 1856 num

16 1913 65 1960 uo
75 1895 119 1982 qui
136 1895 301 1964 facultates
316 1897 497 1968 abalienare
514 1899 618 1987 jubet,
634 1897 692 1965 has
711 1899 811 1988 magis
832 1899 977 1987 repudiat

15 2000 73 2073 itus
88 2003 202 2072 sublatis
216 2007 327 2074 adhue
343 2007 417 2074 vitia
433 2012 564 2074 manent
585 2029 623 2074 ae
648 2008 916 2095 perturbationes,
935 2029 976 2072 an

15 2111 218 2201 plusquam
229 2118 403 2206 peremptis
418 2119 494 2207 ipsae
505 2141 633 2206 quoque
645 2116 738 2184 utiles
750 2117 867 2184 divitia
877 2117 976 2184 liant?

14 2223 110 2308 quidem
122 2225 212 2314 igitur
225 2227 362 2315 abjectis
377 2229 448 2317 quis
463 2226 622 2296 anaemaris
633 2228 732 2296 fastus
743 2229 870 2306 divitiis,
882 2229 976 2294 vitio-

14 2349 40 2396 Ι
50 2331 136 2401 sdhuo
147 2359 184 2402 ao
203 2335 380 2404 affectuum
398 2348 504 2426 segete
521 2336 609 2404 dives
623 2359 693 2402 esse
714 2347 831 2424 potest.
852 2336 977 2402 tametsi

14 2459 77 2506 noua
96 2444 260 2515 sustantia
284 2446 313 2512 ei
335 2469 401 2516 uon
424 2447 564 2538 suppetit
589 2445 763 2534 (cupiditas
785 2446 872 2511 enim
892 2446 978 2533 quod

14 2567 55 2614 uu
65 2553 183 2642 etegit,
195 2555 403 2642 animumque
418 2553 505 2622 velut
519 2553 672 2644 praesooat
686 2552 837 2642 angitque
854 2564 888 2618 et
904 2575 979 2642 pre·

14 2653 39 2731 it,
51 2657 225 2751 damnisque
236 2687 277 2731 an
292 2662 408 2731 inolitis
421 2665 583 2731 desideriis
596 2663 744 2732 aooendit
753 2665 780 2750 ),
793 2662 871 2730 nihil
885 2661 979 2753 plane

14 2767 113 2854 :proluit
129 2774 210 2860 quod
220 2797 341 2862 egenus
356 2773 472 2840 divitiis
486 2775 588 2842 lactus
602 2787 663 2850 est,
677 2774 731 2860 qui
748 2773 828 2839 vitiis
839 2785 872 2839 et
886 2773 980 2841 allec·

14 2876 125 2946 redires
139 2883 177 2951 sit
192 2906 200 2950 ε
221 2905 288 2949 non
303 2883 390 2949 enim
405 2905 442 2950 ea
460 2884 578 2971 abjecit
597 2907 668 2971 quae
683 2883 861 2971 abjicienda
874 2895 977 2958 erant,

14 2981 277 3078 impromiscui
296 3013 389 3064 musa
409 3013 447 3058 ao
469 2992 528 3057 sihi
545 2990 675 3078 quidem
691 2991 815 3058 servitia
833 2989 976 3064 abstulit,

14 3102 89 3160 tatum
105 3119 173 3166 rero
191 3098 332 3166 libidinis
353 3083 483 3187 vitiique
500 3099 667 3165 materiam
683 3099 831 3166 exteriori
846 3099 978 3186 penuria

14 3203 120 3280 itendit.
133 3205 391 3276 Renuntiandum
403 3232 479 3298 ergo
492 3207 694 3276 facultatibus
707 3231 778 3296 quar
789 3209 891 3276 noxiae
902 3209 976 3283 siut,

14 3308 70 3376 niis
83 3316 168 3382 rebus
181 3340 265 3405 quae,
282 3317 390 3405 siquis
407 3304 534 3384 neotum
549 3339 643 3384 usum
654 3315 839 3391 attenderit,
853 3313 977 3381 conda·-

14 3421 125 3489 reetiom
142 3427 272 3514 possint.
289 3426 482 3494 Gonduount
498 3447 655 3514 veroque
674 3423 842 3514 prudentia
860 3424 978 3490 comite

14 3527 158 3599 stulrietate
173 3557 210 3602 ao
224 3535 343 3624 pietate
353 3535 586 3624 dispensantur.
601 3533 701 3600 Porro
711 3557 749 3602 ea
760 3533 978 3600 submovenda

14 3640 126 3706 anona
146 3666 154 3707 ε
175 3667 246 3731 quae
267 3655 374 3710 autem
397 3643 474 3710 foris
495 3654 586 3718 sunt„
603 3664 640 3707 ea
665 3639 744 3710 nihil
766 3640 873 3710 mmai
897 3641 978 3710 alle-

14 3742 99 3816 uste
115 3750 206 3841 igitur
222 3752 377 3820 Dominus
393 3753 491 3820 etiam
505 3750 698 3818 exteriorum
713 3773 807 3817 usum
822 3747 972 3825 insinuat,

14 3845 69 3918 lent
86 3877 193 3943 ponere
215 3884 280 3930 nou
300 3885 337 3928 ea
364 3861 478 3950 quibus
503 3860 565 3928 vitu
591 3870 796 3936 sustentatur,
826 3859 882 3926 sed
901 3883 977 3950 quar
