2738 4628
466 279 593 322 cosses
616 279 764 323 nauseas.
1090 281 1130 346 sp

93 425 183 472 »cum
202 401 345 490 aperiam
361 423 432 490 ego
449 401 599 492 sepulcra
615 415 730 478 vestra,
747 412 782 467 ut
801 400 953 468 reducam
971 401 1011 468 de
1034 402 1135 493 sepul-

94 514 175 581 acris
189 509 341 601 populum
358 533 502 586 meum;
523 525 557 578 ot
572 513 654 578 dabo
669 513 815 602 spiritum
837 534 945 577 meum
966 513 1000 578 in
1020 537 1089 591 vos,
1105 527 1137 580 et

95 624 235 696 evitetis,
251 635 283 688 et
300 643 438 710 ponam
455 645 515 688 vos
536 622 568 686 in
590 634 707 688 terram
722 631 871 696 vestram,
887 632 920 686 et
939 625 1137 711 cognoscetis

101 734 193 822 »quia
205 755 256 821 ego
269 732 456 798 Dominus.
476 731 619 798 Locutus
634 753 718 808 sum,
734 743 767 797 et
788 731 914 808 seciam,
931 731 1009 798 dicit
1025 732 1138 800 Domi-

109 841 209 910 ·nus'.
221 872 233 905 r
245 843 436 932 Demiurgo
454 843 564 932 itaque
578 853 611 908 et
625 842 680 909 bic
691 840 867 908 vivilicante
883 865 1015 932 corpora
1030 855 1137 912 nostra
1175 894 1179 900 -

112 967 228 1028 mortua
237 953 530 1042 quemadmodum
542 952 650 1018 videre
662 953 763 1028 adest,
776 963 808 1018 et
819 954 1084 1020 resurrectionem
1095 954 1141 1022 eis

113 1064 344 1154 repromittente,
363 1074 403 1130 et
424 1063 469 1128 de
493 1061 647 1152 sepulcris
668 1074 701 1127 et
722 1062 937 1128 monumentis
961 1064 1135 1132 suscitatio-

113 1197 177 1242 nem
188 1187 215 1238 et
229 1171 497 1263 incorruptelam
512 1173 673 1238 donante:
687 1199 700 1232 ι
715 1171 901 1240 Secundum
917 1171 1003 1238 enim
1021 1171 1142 1263 lignum
1179 1173 1184 1186 ’

114 1287 207 1362 urite,
221 1284 276 1360 ait,
293 1283 369 1350 dies
387 1284 539 1372 ipsorum
555 1280 686 1356 erunt²;
705 1281 786 1349 »hic
802 1281 887 1348 solus
905 1282 991 1348 Dens
1008 1285 1144 1350 ostendi·

109 1410 155 1462 tur
166 1397 217 1485 qui
231 1397 303 1464 baec
319 1397 418 1472 lacit,
436 1407 473 1460 et
493 1395 561 1484 ipse
576 1396 679 1460 bonus
694 1391 800 1469 Pater,
816 1393 952 1483 benigue
972 1394 1068 1464 vitam
1086 1395 1145 1463 do-

116 1529 186 1573 nam
199 1507 246 1574 his
259 1508 372 1597 quiex
383 1527 421 1572 se
433 1527 503 1572 non
517 1506 654 1572 habeant
669 1504 776 1570 vitam.

160 1702 214 1762 ια·
227 1694 278 1762 Ex
291 1693 380 1763 caeci
395 1693 477 1761 nati
497 1694 704 1763 curatione⁸
722 1719 731 1762 ε

168 1861 208 1928 Et
232 1875 365 1954 propter
396 1862 463 1930 boc
488 1863 740 1931 manifestissime
760 1865 916 1932 Dominus
937 1861 1076 1930 ostendit
1104 1885 1150 1936 se,

123 1983 154 2034 et
166 1969 287 2038 Patrem
302 1973 439 2062 quidem
454 1973 519 2038 suis
538 1971 699 2064 discipulis
705 2001 715 2049 t
733 1998 773 2040 ne
789 1973 911 2042 scilicet
921 1984 1100 2063 quererent
1111 1969 1153 2036 al-

131 2093 229 2147 terum
243 2081 360 2159 lbeum,
382 2095 503 2172 praeter
522 2103 597 2149 eum
623 2084 676 2173 qui
698 2083 898 2174 plasmaverit
923 2081 1100 2158 bominem,
1122 2093 1156 2146 et

140 2187 273 2255 afflatum
286 2191 355 2256 vita
368 2190 535 2257 donaverit
550 2191 594 2264 ei;
609 2215 713 2279 neque
728 2193 761 2257 in
778 2205 897 2258 tantam
913 2192 1067 2258 insaniam
1085 2214 1157 2280 pro

130 2297 286 2375 cederent,
297 2299 342 2363 uti
352 2320 447 2388 super
454 2297 667 2388 Demiurgum
679 2299 813 2366 alterum
822 2299 1007 2389 effingerent
1017 2299 1154 2365 Patrem.

127 2407 165 2474 Et
184 2408 256 2475 ideo
277 2408 417 2499 reliquos
440 2408 573 2497 quidem
603 2432 728 2486 omnes,
753 2410 1006 2498 quibuscumque
1032 2421 1161 2499 propter

126 2520 404 2610 transgressionem
419 2540 532 2583 eorum
551 2518 742 2585 eveniebant
756 2516 937 2608 languores,
954 2519 1086 2585 curabat
1100 2540 1163 2584 ser·

125 2641 232 2704 tuone3
248 2630 366 2719 quibus
381 2640 414 2694 et
429 2619 556 2694 dicebat
573 2651 582 2693 ε
598 2654 612 2689 s
626 2627 712 2695 Ecce
728 2631 827 2694 sanus'
838 2627 940 2694 sactus
956 2651 1002 2704 es,
1018 2628 1085 2716 jam
1097 2624 1163 2694 noli

127 2763 302 2829 specum,
319 2763 361 2805 ne
382 2737 461 2828 quid
480 2738 538 2804 tibi
562 2732 700 2803 deterius
723 2735 816 2812 liat¹3
835 2766 849 2801 ι
865 2737 1068 2806 manifestans
1086 2760 1164 2827 quo-

127 2850 210 2916 niam
231 2861 366 2940 propter
385 2847 606 2914 inobedientia
627 2859 796 2938 peccatum
816 2848 977 2914 subsecuti
999 2859 1074 2914 sunt
1093 2845 1164 2913 lan-

129 2979 241 3046 guores
257 2957 452 3025 bominibus.
470 2957 508 3023 lli
526 2969 633 3023 autem
652 2957 706 3045 qui
722 2980 824 3025 cecus
839 2957 974 3025 lucrata
990 2957 1164 3031 nativitate,

131 3068 194 3156 jam
209 3091 278 3134 non
293 3063 353 3157 per
366 3087 557 3142 sermonem,
576 3063 632 3131 sed
645 3089 704 3155 per
718 3068 935 3155 operationem
953 3064 1100 3156 praestitit
1120 3064 1167 3132 vi-

131 3199 221 3251 snm3
236 3197 312 3241 aon
334 3197 426 3249 vane,
450 3197 554 3262 neque
576 3186 672 3264 prout
691 3176 796 3242 evenit
818 3174 882 3242 boc
903 3175 1034 3250 faciens,
1060 3174 1115 3240 sed
1134 3186 1169 3240 ut

133 3283 319 3352 ostenderet
335 3302 467 3350 manum
488 3283 561 3359 Dei,
577 3301 649 3350 eam
671 3308 741 3373 quae
760 3288 800 3352 ab
823 3285 914 3351 initio
931 3283 1094 3374 plasmavit
1110 3283 1170 3351 bo-

135 3399 267 3464 minem.
285 3395 329 3464 Et
350 3406 517 3484 propterea
537 3394 804 3485 interrogantibus
825 3418 900 3461 eum
920 3393 1092 3486 discipulis,
1108 3416 1170 3481 qua

136 3531 174 3574 ex
192 3528 290 3576 causa
319 3530 422 3575 cacus
445 3518 538 3572 natus
563 3520 657 3584 esset,
679 3521 830 3574 utrumne
850 3531 919 3585 sua,
940 3532 980 3574 an
1002 3505 1177 3598 parentum

139 3617 257 3708 culpa?
271 3618 317 3682 ait
338 3639 348 3680 ε
366 3644 378 3679 a
393 3616 463 3685 Nec
479 3615 532 3683 bic
547 3618 704 3705 peccavit,
728 3642 831 3708 neque
849 3631 994 3710 parentes
1011 3618 1095 3708 ejus,
1118 3616 1177 3682 sed

172 3751 283 3804 ¹Baecb.
297 3771 392 3816 xxxvii,
407 3771 437 3802 aa
451 3760 561 3816 etseqq.
574 3780 604 3790 -
616 3749 626 3784 ²
640 3757 687 3802 lea.
702 3767 755 3813 axv,
770 3769 806 3800 aa.

175 3838 258 3906 'Cap
273 3857 314 3900 n,
324 3857 351 3890 n.
362 3858 385 3902 a,
395 3839 422 3900 3,
436 3839 460 3898 l.
473 3853 499 3902 p.
510 3839 554 3886 i'm
567 3847 591 3887 et
602 3855 656 3902 seq.

175 3923 302 3985 Ποινή,
320 3927 358 3986 ¹l·
