2614 4628
494 293 654 340 cernuus.
896 283 912 308 ⁸
1048 269 1090 357 95

31 421 246 490 veneratione
263 415 450 490 culturum
465 416 526 481 nisi
541 415 622 482 sorte
636 413 780 481 nondum
800 413 888 488 deus,
908 434 1019 480 surum
1030 425 1092 490 est,

34 533 80 600 rei
90 533 235 624 lignum,
249 527 308 594 vel
319 538 502 616 argentum.
513 526 649 606 Quando
662 526 757 615 igitur
769 525 823 592 hic
834 525 997 592 nuscitur?
1008 527 1095 591 Ecce

36 645 193 716 funditur,
223 639 427 710 fabricatur,
454 636 615 727 sculpitur.
641 609 790 704 Nondum
813 638 895 704 deus
919 649 976 702 est.
1009 637 1094 702 Ecce

38 753 244 844 plumbatur,
263 749 487 823 construitur,
499 749 638 838 erigitur.
654 748 721 814 Neo
733 748 840 813 adhuc
851 749 929 812 deus
940 757 998 811 est.
1008 745 1095 812 Ecce

43 876 190 936 uruntur,
202 869 440 932 consecratur,
451 868 567 924 oratur.
576 856 669 926 Tunc
680 871 842 948 postremo
854 855 930 922 deus
943 867 1008 930 est;
1019 878 1094 924 cum

45 974 145 1040 homo
155 970 246 1038 iilum
261 968 386 1046 voluit,
403 979 437 1034 et
452 967 618 1034 dedicavit.

92 1081 210 1148 XXIV.
233 1081 375 1160 Quanta
390 1101 465 1145 vero
481 1078 520 1144 de
536 1079 595 1144 diis
610 1079 720 1144 vestris
734 1077 880 1144 animalia
896 1089 983 1144 muta
1002 1089 1094 1143 nutu-

51 1193 162 1264 ruiiter
172 1191 347 1280 judicanti
365 1189 485 1266 Mures,
502 1189 700 1265 hirundines,
716 1189 814 1263 milvi,
833 1213 897 1254 nou
913 1189 1029 1254 sentire
1041 1211 1094 1254 eos

50 1305 165 1376 scium,
184 1311 314 1366 norunt
323 1324 333 1374 ς
351 1297 525 1371 inculcent,
544 1298 694 1374 insident,
706 1321 745 1364 uc
756 1299 815 1364 nisi
828 1299 969 1388 abigatis,
985 1299 1098 1388 inipso

51 1413 101 1479 dei
113 1413 211 1478 vestri
224 1434 286 1476 ore
302 1407 484 1475 nidificcnt.
502 1407 633 1474 Aruueae
645 1431 719 1474 vero
736 1408 849 1475 sociem
859 1410 929 1497 ejus
940 1407 1097 1485 intexunt,

49 1523 136 1589 etde
151 1521 227 1611 ipso
242 1520 355 1609 capite
370 1541 427 1583 sun
444 1517 496 1584 fila
512 1520 730 1607 suspendunt:
747 1538 801 1584 vos
816 1519 947 1608 tergitis,
968 1518 1101 1585 mundu-

51 1632 268 1709 tis,eruditis,
281 1628 410 1701 stilles,
427 1651 505 1716 quos
524 1628 634 1702 fucitis,
650 1629 812 1718 protegitis
820 1641 853 1694 et
875 1630 1002 1694 timetis.
1016 1630 1102 1695 Dum
1202 1643 1206 1654 “

53 1743 281 1831 unusquisqne
303 1751 445 1807 vestrum
467 1762 533 1805 non
553 1741 680 1829 cogitat,
707 1741 795 1831 prius
814 1763 847 1806 se
868 1740 986 1806 dehere
1007 1741 1103 1806 deum

58 1877 159 1942 nossc-
185 1875 285 1941 quam
313 1849 437 1923 colem
461 1850 539 1915 dum
561 1848 738 1918 inconsulte
759 1852 897 1940 gestiunt
919 1849 1103 1939 parentibus

65 1964 221 2036 obedire;
245 1963 324 2030 'dum
342 1961 412 2028 fieri
442 1959 565 2027 malunt
586 1959 679 2028 alieni
701 1963 817 2027 erroris
839 1961 992 2038 accessio,
1008 1985 1104 2050 quem

72 2074 139 2140 sibi
153 2071 307 2145 credere;
324 2073 396 2138 dum
411 2069 491 2137 nihil
505 2095 544 2136 ex
565 2071 614 2138 his
628 2094 699 2160 quae
715 2073 829 2136 timent
843 2083 983 2138 norunt:
1004 2073 1050 2138 sic
1071 2074 1104 2138 in

75 2193 210 2249 curvet
225 2183 486 2270 urgentournritin
503 2194 687 2248 consecratu
703 2193 751 2246 est
757 2205 766 2255 ;
787 2181 833 2246 sic
847 2192 1022 2247 statuorum
1041 2183 1107 2249 ina-

74 2294 168 2360 nium
184 2293 364 2381 ccusignutu
378 2293 494 2367 sorma;
514 2292 561 2358 sic
575 2303 648 2360 natu
664 2291 807 2356 Romane
824 2291 1018 2379 superstitio,
1031 2314 1110 2378 quo·

72 2426 146 2470 rum
161 2403 244 2468 ritus
260 2402 286 2468 si
301 2425 497 2491 percenseas,
519 2402 653 2468 ridenda
670 2398 881 2491 quammulta,
900 2400 1000 2467 multu
1015 2401 1111 2466 etiam

67 2513 254 2580 miseranda
268 2527 352 2579 sunt.
373 2513 456 2580 Nudi
478 2513 576 2580 crude
593 2513 699 2580 hieme
715 2512 901 2578 discurrunt
921 2533 930 2576 :
951 2510 1003 2576 aiii
1023 2511 1113 2576 ince-

65 2623 153 2690 dunt
179 2621 311 2712 pileati,
336 2634 428 2689 scuta
449 2635 553 2688 vetere
580 2622 821 2698 circumferunt,
846 2620 944 2712 pelles
965 2621 1107 2694 oaedunt,

64 2733 297 2802 mendicantes
319 2733 447 2800 vicatim
473 2733 549 2799 deos
580 2733 713 2800 ducunt.
743 2733 899 2812 Quasdam
919 2733 990 2798 sana
1011 2731 1109 2798 semel

64 2869 159 2911 nuo
170 2845 263 2910 adire
278 2843 487 2932 permittunt:
507 2844 651 2930 quaedum
663 2845 695 2908 in
709 2854 813 2908 totum
828 2844 915 2909 nefus
931 2843 1040 2910 visere.
1056 2845 1114 2908 Est

63 2979 141 3044 quo
152 2957 222 3022 viro
237 2977 305 3020 non
321 2952 406 3028 licet,
417 2965 450 3019 et
464 2951 614 3020 nonnuila
630 2955 750 3041 ubsque
765 2954 901 3020 foeminis
917 2976 1005 3020 sucre
1018 2951 1115 3018 sunti'

62 3065 174 3132 etium
188 3087 282 3130 servo
297 3063 490 3150 quibusdum
505 3064 693 3142 caerimoniis
713 3063 865 3129 interesse
880 3062 1041 3154 piaculare
1056 3059 1117 3125 ssa-

64 3175 192 3266 gitium
214 3187 275 3242 est.
294 3173 366 3241 Atia
388 3197 476 3241 suern
498 3186 629 3240 coronet
652 3174 786 3250 univira,
809 3172 869 3240 ulie
890 3172 1063 3247 multivira,
1086 3183 1118 3237 et
1172 3153 1175 3158 ¹

65 3309 193 3376 magna
209 3285 365 3376 reiigione
381 3285 591 3373 conquiritur,
603 3307 673 3373 quae
684 3283 775 3373 plura
786 3285 885 3373 possit
896 3281 1049 3348 adulteria
1061 3305 1118 3348 nu-

65 3420 215 3464 merere.
239 3396 351 3476 Quid?
371 3396 426 3484 qui
450 3395 601 3485 sunguine
616 3419 674 3461 suo
692 3394 780 3469 libat,
798 3407 831 3460 et
851 3393 1033 3460 vulneribus
1054 3393 1118 3459 suis

68 3504 252 3596 supplicat,
275 3529 343 3572 non
357 3505 509 3594 profanus
524 3505 636 3571 melius
652 3517 746 3580 esset,
764 3527 860 3591 quem
876 3504 921 3570 sic
936 3502 1120 3594 religiosus?

67 3627 154 3689 aut,
169 3616 217 3681 cui
229 3627 301 3681 extu
313 3627 389 3682 sunt
401 3617 550 3682 obscoenu
562 3615 717 3690 demessa,
731 3613 892 3702 quomodo
903 3614 1000 3680 deum
1011 3612 1119 3689 violat,

69 3725 148 3814 qui
160 3723 221 3792 hoc
234 3727 331 3793 modo
346 3724 470 3816 placati
487 3748 572 3798 cum,
588 3727 613 3792 si
625 3725 792 3792 eunuchos
806 3723 884 3790 deus
898 3723 1000 3798 vellet,
1017 3737 1122 3813 posset

69 3855 266 3924 procreare,
290 3859 358 3901 non
380 3835 494 3901 secere.
517 3835 597 3914 Quis
614 3859 678 3900 non
694 3831 853 3922 intelliget
869 3832 1072 3908 malesanos,
1090 3844 1123 3896 et

68 3963 183 4012 vam
192 3957 221 4011 et
235 3946 368 4036 perditae
378 3947 492 4014 mentis
504 3946 537 4011 in
549 3946 607 4012 istu
620 3945 775 4034 desipere,
790 3957 825 4009 et
836 3945 936 4035 ipsum
948 3943 1123 4010 errantium
