2412 4596
288 235 477 282 momen
500 239 560 281 ld!-
588 237 636 282 111.
935 241 990 286 12}

9 387 10 420 ;
38 355 266 436 adversamini,
294 357 384 426 nullo
410 361 508 426 modo
532 361 579 426 nti
601 360 700 426 coitu.
727 361 769 426 Et
795 383 871 429 oum
894 361 994 440 dixit,

9 465 130 532 dioobis
138 465 240 531 omnia
248 466 292 530 ad
303 467 496 533 vescendum¹
512 481 545 534 et
560 468 817 545 numeremus
831 465 921 536 nullo
933 472 996 538 frui

9 575 104 641 ntuit.
126 576 308 656 Quinetiam
323 597 363 641 eo
375 575 522 653 dicento,
542 577 674 644 Oculum
681 599 739 663 pro
753 579 840 644 oculo
857 577 890 655 ¹,
905 600 999 669 opor-

9 693 15 748 t
35 703 90 751 vos
112 683 373 757 decertationem,
386 685 543 752 contraria
565 707 630 752 non
656 685 832 776 rependero
848 687 997 755 decerta-

9 807 47 856 te.
66 793 109 856 Et
125 813 201 858 enm
216 791 320 858 iurem
337 794 463 882 jusserit
480 793 615 860 reddere
636 794 838 881 quadruplum
855 793 886 872 ⁸,
904 814 996 885 opor-
1117 807 1129 824 ⁸

9 917 87 965 tvos
108 899 171 966 furt
194 899 312 988 atiquid
334 902 433 968 etiem
454 902 581 968 addere.
605 902 727 969 Rursus
741 923 816 968 vero
832 902 994 981 simfliter,

9 1017 221 1097 npraeeepto,
239 1007 361 1098 Diliges
377 1010 477 1076 Deum
494 1021 579 1076 tuum
598 1033 636 1076 ex
657 1011 821 1077 totocorde
835 1023 886 1076 tao
903 1011 934 1088 ⁴,
947 1033 997 1078 re·

9 1117 110 1204 gnatis,
125 1118 269 1206 oportuit
279 1139 340 1183 noe
352 1118 572 1184 universorum
585 1119 715 1206 quidem
729 1120 833 1186 Deum
850 1117 992 1208 diligere.

9 1243 127 1301 rursus,
149 1243 224 1290 cum
247 1224 376 1302 dixerit,
395 1225 467 1291 Non
481 1227 573 1318 socies
591 1226 833 1314 sculptileneque
853 1225 945 1317 fusile
961 1227 994 1304 ⁵,
1026 1219 1034 1230 ”

9 1343 149 1419 sequens
169 1345 238 1398 orat
259 1343 296 1398 ut
313 1333 409 1400 etiam
430 1331 586 1424 sculptilia
610 1332 793 1400 adoraretis.
818 1333 993 1416 Quomodo

9 1461 99 1507 onon
111 1441 212 1530 impio
223 1442 324 1508 facitis
335 1492 344 1519 ,
357 1443 412 1530 qui
426 1442 567 1510 Creatori
583 1445 734 1532 quidem,
752 1455 787 1508 ut
802 1443 924 1520 diuitis,
937 1467 994 1510 re-

9 1547 69 1622 itis3
87 1571 160 1638 quae
185 1563 258 1615 sunt
277 1561 383 1616 autem
401 1552 620 1618 meretricibus
634 1564 667 1617 et
687 1547 837 1620 adulteris
853 1550 990 1629 similia,

9 1658 136 1724 taurini?
147 1655 320 1740 Quomodo
331 1667 438 1725 nutem
453 1669 518 1726 non
534 1662 656 1726 sentitis
672 1683 727 1726 vos
740 1681 815 1726 eum
831 1659 989 1747 majorem

9 1785 68 1842 sm,
87 1787 185 1854 (prem
202 1789 262 1854 pso
276 1765 437 1832 imbecillo
451 1765 592 1841 hebetisa
611 1769 636 1834 si
648 1768 778 1857 quidem
791 1767 825 1832 id
840 1763 888 1843 fit,
902 1767 991 1854 quod

9 1871 93 1945 ¹vnit:
106 1897 175 1940 non
188 1885 294 1940 autem
309 1871 401 1949 illud,
418 1875 504 1962 quod
519 1874 617 1941 voluit
632 1877 736 1942 bonus
746 1875 761 1939 i
772 1875 891 1940 Contra
903 1875 990 1942 eninr

9 1981 124 2046 auditur
146 1983 285 2070 quodum
306 1983 403 2048 modo
423 2009 440 2049 a
459 1984 548 2049 vobis
568 1983 661 2072 ipsis,
681 1980 877 2050 imbecillum
898 2005 988 2058 esse,

9 2111 44 2155 tm
59 2101 198 2157 vestrum
216 2103 339 2180 patrem
360 2091 474 2157 diuitis.
496 2092 673 2159 Recensent
692 2092 788 2158 etiam
807 2113 846 2158 ex
861 2092 992 2180 quibus·

9 2219 28 2262 n
44 2195 120 2264 loeis
138 2199 334 2288 propheticis
349 2201 515 2290 decerptas
527 2200 700 2277 dictiones,
717 2212 748 2265 et
764 2198 846 2266 mele
861 2221 989 2266 consur·

9 2317 84 2383 atus,
97 2331 171 2395 quae
182 2306 350 2396 allegorico
366 2308 450 2375 diota
469 2317 544 2374 sunt
560 2319 711 2396 tanquam
729 2318 820 2373 resto
837 2307 937 2372 ductu
956 2320 989 2374 et

10 2437 31 2478 a
46 2413 181 2504 figuram
197 2416 284 2482 dicta
298 2429 469 2483 sumentes.
491 2417 611 2484 Dicunt
630 2415 715 2483 enim
731 2415 885 2504 scriptum
900 2437 987 2492 esse,

10 2523 212 2599 institerunt,
222 2536 250 2588 et
260 2524 338 2590 saevi
349 2524 427 2615 sacti
436 2523 527 2590 sunt⁸
543 2548 551 2588 :
568 2522 614 2590 illi
627 2536 734 2591 autem
746 2525 815 2589 Deo
824 2523 989 2612 impudenti

10 2627 83 2705 lunt3
101 2643 136 2697 et
158 2632 224 2698 hoc
245 2628 407 2722 eloquium
430 2644 581 2722 tanquam
600 2629 769 2698 eonsilium
791 2643 988 2721 praeceptum

10 2739 104 2828 ipiunt
121 2764 130 2806 ε
149 2753 182 2806 et
206 2741 271 2808 hoe
291 2739 331 2806 ad
353 2739 486 2808 salutem
508 2741 653 2808 conferre
676 2741 881 2818 existimant,
901 2741 988 2830 quod

10 2851 89 2917 tutori
102 2851 263 2917 resistant.
282 2849 326 2916 At
339 2847 506 2935 impudenti
516 2849 646 2937 quidem
654 2851 741 2926 Deo.
758 2861 878 2916 nonest
890 2850 988 2939 scrip·

10 2978 33 3022 u.
54 2957 88 3024 Si
102 2971 214 3026 autem
234 2959 281 3024 sio
296 2981 423 3046 quoque
437 2957 575 3036 habeat,
598 2982 694 3037 eum,
719 2959 773 3047 qui
790 2970 922 3026 vocatus
940 2969 992 3027 est

10 3063 121 3142 dolus,
137 3064 302 3155 intelligite
317 3064 536 3156 impudentem
555 3091 563 3132 ε
581 3066 631 3134 vel
652 3068 740 3156 quod
751 3066 917 3133 hominem
937 3089 989 3134 oa·

11 3174 74 3240 tuiis
93 3175 249 3263 impetat,
264 3172 314 3241 vel
329 3175 416 3263 quod
429 3187 560 3242 accuset
570 3188 774 3265 peccatores,
787 3174 835 3242 vel
849 3173 936 3263 quod
948 3174 989 3240 sit

11 3291 96 3348 stata.
116 3281 258 3371 Populm
269 3307 362 3371 ergo,
374 3284 415 3348 de
430 3307 495 3370 quo
509 3283 576 3350 hoe-
587 3283 708 3350 dictum
724 3295 792 3360 est,
806 3303 882 3349 eum
898 3282 990 3347 casti·

11 3400 73 3456 etur
89 3403 223 3480 propter
244 3413 301 3458 suu
321 3403 474 3478 peecata,
497 3413 580 3480 aegre
600 3391 737 3458 ferentes
754 3401 788 3456 et
805 3399 990 3478 gementes,

18 3500 135 3577 serbis,
153 3521 225 3588 que
240 3499 322 3566 dicta
338 3511 432 3576 sunt,
447 3502 712 3576 murmurabant,
729 3498 817 3588 quod
835 3496 902 3564 atiae
921 3497 991 3586 qui-

11 3627 27 3674 n
40 3620 162 3697 gentes,
178 3631 255 3676 cum
268 3608 377 3696 inique
390 3631 426 3674 se
436 3619 561 3698 gerunt,
574 3629 640 3674 non
651 3607 836 3697 puniantur,
857 3606 916 3696 ipsi
933 3631 987 3674 au·

15 3772 136 3834 Geumi,
150 3770 550 3838 29;1x,a,3.-'Exod.xxr,
573 3771 721 3836 24.-·'1d.
733 3789 807 3838 uu,
826 3773 990 3826 1.·-‘Dent.

12 3857 68 3910 5.-
79 3861 87 3886 ⁸
100 3863 138 3912 Id.
148 3879 234 3924 xxvu,
253 3859 292 3914 15.
302 3889 333 3900 -
346 3861 526 3927 ‘Maluoh.1rr,
542 3859 581 3914 15.
