2492 4610
178 255 222 324 06
492 275 665 322 CLBUBNTIS
690 279 901 321 tnnxtrtttttttt

178 413 250 475 tur,
267 397 323 464 sed
335 397 395 463 seit
409 396 514 463 etiem.
532 396 573 463 Et
594 393 646 462 lex
664 407 712 462 est
733 397 822 486 ejus,
841 396 897 485 qui
912 395 1076 462 seientiun
1097 394 1213 474 hebet,

177 511 300 602 jussum
323 505 475 580 sniutnres
494 503 542 574 vel
557 506 683 595 potius,
709 504 759 571 lex
773 518 821 571 est
835 507 959 596 jussum
984 503 1134 572 scientie.
1150 506 1215 571 Po-

180 618 274 684 tentia
295 617 381 684 enim
404 629 432 681 et
457 615 605 703 sapientia
631 627 674 680 est
692 614 758 703 ipse
775 615 877 704 Logos
900 614 962 680 Dei
969 614 992 679 ¹.
1016 617 1056 682 Et
1077 614 1134 680 bie
1150 614 1216 702 ipse

177 749 286 794 rursus
298 737 346 791 est
364 723 470 815 legum
489 725 731 814 interpres,per
743 743 838 812 quem
852 724 918 789 Lex
929 723 1002 790 deta
1018 735 1084 796 est:
1103 723 1216 811 quieet

176 836 298 926 primus
309 835 468 924 expositor
478 835 914 922 divinorumprteceptorum,
930 833 984 921 qui
996 833 1104 897 sinum
1116 831 1215 897 Petris

178 945 327 1035 eperitae
344 944 493 1034 exponit,
516 943 614 1010 Filius
634 942 824 1032 unigenitus.
843 942 966 1008 Deinde
980 942 1033 1030 qui
1051 941 1130 1030 Legi
1145 940 1213 1028 qni-

178 1055 251 1121 dem
281 1065 411 1143 parent,
437 1050 526 1142 quod
551 1053 688 1120 babeant
715 1049 853 1139 aliquem
877 1052 947 1140 ejus
971 1051 1210 1140 cognitionem,

177 1187 281 1252 neque
295 1173 428 1252 possunt
447 1184 510 1228 non
531 1161 678 1236 eredere,
703 1182 763 1225 nee
785 1147 930 1250 ignorare
944 1159 1124 1226 veritatem.
1150 1159 1211 1239 Qui

177 1285 284 1339 nutem
306 1293 370 1337 non
392 1271 545 1348 credunt,
563 1282 595 1335 et
617 1270 708 1358 Legis
722 1269 870 1357 operibus
891 1269 1022 1334 minime
1039 1267 1211 1340 recent,ii

156 1375 322 1472 unoque,
340 1379 365 1446 si
379 1378 432 1446 ulli
448 1378 518 1456 elii,
535 1401 568 1444 se
593 1377 756 1444 veritatem
775 1379 921 1467 ignorare
938 1378 1090 1444 intentur.
1115 1377 1212 1458 Que-

176 1513 251 1558 nem
271 1501 319 1555 est
347 1513 423 1578 ergo
452 1489 636 1556 Graeeorum
666 1484 900 1553 incredulitas?
917 1485 966 1552 An
991 1487 1081 1575 quod
1112 1485 1212 1552 nolint

177 1597 308 1666 credere
322 1599 464 1676 veritati,
488 1621 557 1686 que
578 1597 655 1663 dioit
677 1597 793 1685 Legem
807 1617 865 1684 per
879 1596 986 1662 Mosen
1007 1596 1120 1661 datam
1147 1617 1210 1660 esse

176 1707 343 1784 divinitus,
359 1729 435 1773 eum
459 1707 517 1795 ipsi
534 1725 665 1773 suorum
687 1705 877 1772 auctoritate
893 1704 1014 1770 inducti
1029 1703 1144 1770 Mosen
1159 1703 1212 1769 bo

175 1817 315 1884 nerent?
336 1819 376 1884 Et
387 1815 524 1882 Minoem
548 1816 588 1882 ed
609 1813 696 1883 Jovts
720 1825 847 1882 antrum
872 1813 1053 1879 venientem
1063 1813 1209 1890 ,lnorem

175 1949 333 1994 annorum
355 1925 456 2013 spetio
481 1923 564 2014 leges
580 1948 597 1990 n
616 1923 696 1990 Jove
720 1923 893 2012 aceepisee:
915 1935 948 1988 et
961 1900 1149 2018 Lycurgdtn
1164 1945 1211 1988 es-

176 2034 267 2101 sidue
281 2033 420 2123 Delphos
434 2046 564 2099 euntem
580 2033 620 2098 nd
631 2030 811 2120 Apollinem
823 2081 831 2107 ,
841 2030 925 2120 leges
938 2035 978 2098 eb
994 2055 1034 2097 eo
1050 2032 1208 2107 didicisse,

175 2143 318 2210 scribunt
330 2141 438 2218 Plato,
455 2140 656 2217 Aristoteles,
672 2151 705 2205 et
720 2139 865 2230 Ephorus
880 2165 888 2205 :
905 2152 938 2206 et
950 2139 1135 2208 Cbnmaeleo
1150 2141 1209 2206 tte-

174 2250 329 2318 recleotes
353 2252 386 2317 in
405 2271 501 2340 opere
524 2252 563 2316 de
585 2251 764 2326 Ebrietate,
786 2261 819 2314 et
850 2249 1032 2316 Aristoteles
1050 2251 1085 2316 in
1104 2251 1204 2341 Repu-

176 2359 260 2428 blica
271 2361 447 2428 Locrorum
461 2410 470 2436 ,
484 2357 659 2427 Zaleucum
680 2359 818 2424 Locrum
834 2353 947 2448 iegesn
962 2359 1105 2462 Minerva
1123 2383 1207 2426 esee

51 2523 54 2530 .
176 2469 279 2558 pisse,
306 2467 483 2535 litterarum
520 2467 725 2536 monimentis
760 2468 961 2534 mandarunt.
1004 2469 1069 2550 Qui
1106 2481 1207 2535 numm

176 2578 362 2644 Graecorum
386 2576 490 2666 leget,
519 2589 556 2643 ut
581 2577 695 2666 majori
723 2575 787 2642 tide
802 2577 915 2668 ,dignae
940 2579 1129 2654 vtdemrur,
1154 2601 1207 2667 pro

176 2680 295 2751 viribus
319 2684 511 2762 efferentes,
542 2687 582 2753 nd
606 2687 681 2753 deos
710 2681 870 2761 referunt,
897 2685 1044 2776 exemplo
1065 2687 1207 2754 Moseiee

175 2791 369 2882 prophetie,
386 2795 458 2860 ideo
466 2807 540 2860 sunt
555 2795 687 2885 ingrati,
703 2794 790 2882 quod
802 2817 864 2860 non
876 2795 1035 2861 fateantur
1045 2797 1204 2864 veritatem

175 2913 209 2968 et
223 2901 383 2991 exemplar
396 2902 605 2994 erebetypum
621 2927 732 2970 eorum
747 2954 756 2980 ,
774 2927 844 2992 qnae
857 2929 874 2970 e
888 2927 921 2968 se
937 2905 1120 2972 truduntur.

222 3011 435 3080 Nemoentem
447 3026 578 3104 propter
595 3011 748 3103 supplicis
759 3014 932 3080 insectetur
946 3015 1081 3105 Legem,
1099 3027 1202 3081 utnon

177 3121 293 3188 bonnm
309 3133 342 3187 et
349 3121 525 3189 honestem.
542 3121 707 3190 Nonenim
720 3122 881 3210 quinusert
891 3125 1041 3191 morbum
1052 3125 1200 3214 corporis,

177 3229 333 3297 beneficio
344 3229 470 3298 efficere
476 3231 648 3305 videbitur;
665 3232 718 3322 qui
733 3243 838 3298 eutem
848 3232 886 3298 eb
901 3233 1054 3322 injustitie
1069 3235 1200 3300 animem

175 3351 310 3406 conetur
322 3338 475 3418 liberere,
496 3365 560 3407 non
586 3353 674 3408 tento
693 3342 791 3431 magis
811 3342 968 3409 ridebitur
982 3366 1096 3411 curem
1111 3346 1201 3410 nostri

177 3469 305 3535 gerere,
322 3461 441 3540 querno
447 3463 494 3516 est
512 3451 616 3518 nnime
631 3472 765 3539 corpore
779 3452 977 3539 prestantior
992 3475 1000 3518 ε
1015 3453 1072 3518 sed
1090 3478 1147 3542 pro
1161 3477 1201 3519 sr-

175 3555 275 3622 nitnte
289 3558 418 3646 quidem
438 3559 598 3648 corporis,
610 3570 643 3624 et
661 3557 779 3634 secari,
794 3571 827 3624 et
838 3560 906 3636 uri,
926 3574 959 3626 et
975 3563 1197 3630 medicamenti

175 3675 286 3751 petere
304 3667 513 3744 sustinemus,
534 3668 638 3757 etqui
662 3667 730 3734 boeo
749 3666 896 3745 adhibet,
916 3680 949 3735 et
965 3683 1197 3739 servatortocr

175 3784 228 3837 tur
250 3785 283 3838 et
304 3775 447 3842 medicus
467 3800 475 3843 :
492 3788 525 3843 et
541 3776 626 3843 idem
650 3797 710 3842 neo
729 3797 769 3842 ex
790 3777 930 3854 invidie,
955 3775 1016 3846 beo
1031 3799 1071 3846 ex
1085 3781 1192 3846 odioitr

214 3893 223 3922 ¹
240 3919 250 3952 Ι
265 3901 324 3955 Cor.
339 3923 364 3968 r,
377 3906 418 3963 it.
