2570 4614
369 301 655 358 enascerentur.
683 305 706 348 ι.
994 285 1053 350 251

1 425 203 518 taphneos,
220 435 257 490 ut
272 445 313 488 ex
328 439 484 491 venerum
500 419 704 497 distensione,
722 420 848 492 essibus
863 420 1059 494 retundtopj.
1093 415 1097 422 '

1 539 55 605 lus
69 535 195 612 fietis,
212 533 289 603 licet
304 553 519 620 cognosceret
539 553 579 596 ex
593 531 745 620 sanguine
760 544 868 626 eutem
883 532 935 602 lec
950 533 1059 601 sundi-

1 659 46 715 tur
64 647 238 714 uberius:
255 652 368 710 ccntre
382 651 489 708 autem
500 652 623 716 estete.
638 643 679 710 eb
695 654 774 710 testu
790 642 920 712 edusius
938 657 970 710 et
987 668 1059 710 ane-

1 759 103 826 lsotus
120 755 217 840 sistit
228 751 358 840 sanguis
368 750 594 827 mutationem,
607 763 642 816 et
655 750 728 822 ideo
741 751 847 853 minus
862 751 1055 843 mulgentur.

2 868 203 950 Quinetiam
217 863 271 932 leo
285 883 417 951 quoque
428 860 528 928 habet
541 861 679 928 maxime
694 857 871 930 netumlem
885 885 962 932 eum
976 884 1059 950 eque

2 979 261 1070 cognationem.
273 970 550 1061 quemadmodum
564 969 687 1039 scilieet
700 993 775 1038 eum
790 972 985 1040 nutrimento
999 971 1061 1061 spi·

2 1087 108 1160 munli
123 1086 302 1158 lavacrum
317 1078 493 1171 spirituale.
508 1079 573 1160 Qut
585 1080 692 1168 iteque
704 1080 737 1148 in
752 1079 997 1171 predictoleete
1007 1081 1061 1152 fu·-

2 1203 78 1292 p'dae
106 1221 214 1288 aqum
239 1217 356 1286 perum
375 1192 546 1267 exorbeat,
575 1192 682 1261 stetim
703 1193 880 1282 juventure
899 1217 965 1260 non
988 1193 1062 1262 sinit

4 1312 87 1380 amm
97 1310 157 1378 len
170 1329 340 1380 sumcere,
348 1313 479 1390 quaeest
490 1299 535 1368 illi
546 1323 624 1371 cum
634 1325 716 1390 eque
726 1303 876 1380 mulotes,
887 1323 952 1372 non
963 1325 1062 1393 prop·

6 1435 53 1490 ter
69 1416 335 1509 repugnantiam
354 1412 508 1502 ediquem,
533 1412 592 1478 sed
606 1411 684 1482 dum
702 1435 762 1502 per
784 1415 992 1502 conjunctam
1016 1411 1060 1482 illi

7 1533 221 1600 Μυκη·
235 1538 425 1594 maturatur.
443 1527 485 1597 Et
503 1545 601 1611 quem
617 1522 715 1590 hebet
725 1521 869 1596 Verbum
888 1547 964 1594 cum
979 1525 1061 1612 bap-
1123 1549 1127 1558 ·

7 1645 99 1710 demo
112 1641 325 1714 unientem,
343 1636 491 1704 eamdem
505 1635 603 1702 babet
615 1631 665 1702 leo
676 1657 751 1703 eum
769 1657 850 1724 aqua
867 1635 1061 1704 couvenien-

9 1753 105 1819 tiem:
119 1751 196 1818 hue
208 1749 298 1816 enim
313 1745 418 1815 sulum
433 1768 474 1812 ex
487 1743 628 1814 humidis
643 1744 776 1842 suscipit
789 1768 866 1814 eum
881 1767 963 1834 equa
977 1747 1061 1816 mix-

9 1863 158 1936 tionem,
180 1868 351 1946 receptum
372 1866 504 1944 propter
524 1854 767 1942 purgationem,
790 1855 1061 1944 quemadmodum

13 1973 200 2062 baptimus
209 1980 341 2058 propter
351 1966 572 2034 remissionem
582 1976 800 2058 peccatorum.
816 1969 903 2056 tpu
918 1967 1017 2036 etiam
1027 1978 1061 2032 ct

15 2083 171 2171 apposite
180 2077 447 2152 mellemiscetur,
458 2075 554 2163 idque
565 2099 674 2146 ruram
685 2089 816 2165 propter
825 2079 1059 2166 purgationem,

17 2213 99 2258 cum
111 2189 204 2258 dulci
216 2189 420 2256 nutrimentu.
437 2185 584 2254 Verbum
596 2186 684 2252 enim
698 2186 894 2274 benignitate
904 2187 1060 2258 commix-

13 2313 103 2407 tum,
128 2299 279 2368 simulet
301 2299 402 2366 animi
422 2297 571 2366 medetur
594 2296 832 2374 effectionibus,
854 2311 887 2366 et
908 2311 1069 2388 expurget·

13 2429 165 2502 peccata,
183 2412 339 2501 illudque,

91 2635 100 2648 .
124 2634 134 2647 .
161 2633 169 2646 .
195 2637 201 2648 .
223 2592 312 2652 Melle
322 2593 439 2652 dulcior
449 2606 564 2653 emanat
575 2612 687 2666 sermo,

10 2753 438 2825 mileialdetnrdictnmesse
445 2753 1058 2844 devertequodostmetttutttsaesem

13 2862 48 2929 in
58 2862 142 2932 locis
150 2864 406 2953 Prophetiaeum
415 2865 890 2956 extolliteupermelctfauum¹.
902 2865 1060 2932 Perrcau·

12 2985 84 3040 tam
95 2967 254 3040 misee'tur
264 2975 449 3065 quoquelee
456 2977 530 3043 vino
541 2975 629 3043 dulci
641 2999 650 3041 t
660 2989 709 3042 eet
720 2975 826 3044 nutem
840 2977 924 3043 utilis
934 2978 1059 3052 mixtio,

12 3078 120 3146 veluti
135 3092 374 3171 contemperata
391 3083 536 3172 passione
547 3084 588 3150 od
602 3085 883 3174 incorruptionem.
897 3085 1060 3158 benonim

9 3215 29 3256 a
48 3193 129 3258 vino
143 3195 288 3270 senescit,
311 3207 344 3260 et
364 3193 510 3273 finditur,
534 3206 567 3260 et
586 3196 739 3288 quidquid
753 3208 801 3261 est
815 3198 886 3285 ejus
907 3194 1061 3263 adulteri-

8 3323 109 3378 num,
124 3301 161 3367 id
171 3313 325 3390 tanquam
336 3329 395 3393 per
406 3304 630 3393 aqueductum
645 3307 803 3373 educitur.
818 3307 940 3372 Eodem
952 3317 1059 3371 eutem

10 3413 116 3479 modo
132 3413 306 3504 spiritualis
321 3415 397 3484 lidei
412 3417 544 3484 societas
564 3441 597 3484 ee
611 3417 711 3486 habet
724 3419 757 3486 in
773 3417 1059 3505 bominempotibi-

10 3521 92 3589 lem.
110 3521 283 3590 Seresoere
298 3526 385 3590 euim
399 3525 521 3592 inciens
533 3527 675 3593 ceruales
691 3528 980 3617 concupiscentius,
997 3528 1057 3594 bo·

11 3633 145 3730 minem
157 3631 198 3696 ad
208 3634 416 3700 aeteroimem
430 3656 493 3702 nne
506 3657 580 3706 cum
596 3637 709 3705 divinis
724 3639 835 3715 mittit,
848 3639 1058 3708 immortalem
1169 3727 1174 3734 ·

12 3743 182 3812 efficiens
199 3741 262 3809 Sed
276 3755 309 3809 et
325 3743 418 3812 molti
434 3745 526 3836 adipe
540 3746 644 3824 lectis,
662 3748 748 3838 quod
763 3751 916 3838 butyrum
930 3763 1056 3827 secent,

11 3866 167 3924 utuntur
187 3853 226 3918 sd
249 3853 430 3934 lucernsmt
457 3855 668 3949 multiplicem
692 3857 790 3928 Verbi
811 3859 1059 3928 misericordiam

50 3984 150 4036 ¹Psal.
165 3999 213 4046 m,
227 4001 263 4047 ως
276 4003 342 4049 tart,
355 3988 409 4040 103.
