2546 4614
418 354 542 399 course
566 351 703 397 norrun.
1011 330 1072 408 451

1 463 3 493 '
56 482 116 538 tum
132 474 310 547 oeruimus,
330 469 457 538 Patrem
477 495 535 560 per
548 493 623 552 eum
637 468 854 558 intelligimus,
875 469 955 537 Filio
973 469 1077 538 oredi-

1 577 2 612 ³
53 604 129 658 mus,
151 582 304 671 Spiritum
326 594 472 649 sonetum
494 582 673 648 adoramus.
695 579 866 647 Videamus
889 581 985 670 igitur
1008 601 1080 668 quae

1 693 2 714 ¹
52 692 161 780 scripta
177 703 264 766 sunt,
281 691 366 781 quod
381 691 616 780 predicabatur
629 691 759 780 quidem
773 689 916 758 Verbum
931 689 1077 756 sutorum

1 817 2 842 l
52 799 256 866 manifestum.
1035 811 1038 824 '

1 917 2 954 ³
90 909 177 994 Xlll.
188 911 363 976 Hieremias
373 911 470 978 etiam
482 911 559 977 dicit
573 911 691 990 :sQuis
702 911 788 976 stetit
799 911 833 978 in
843 910 1006 1000 hypostasi
1019 911 1081 978 Do·

1 1031 3 1050 ¹
52 1019 161 1096 »mini,
176 1032 208 1084 et
220 1019 297 1085 vidit
315 1019 457 1086 Verbum
469 1019 558 1108 ojus¹
569 1020 583 1086 l
596 1049 609 1083 a
623 1017 766 1087 Verbum
777 1033 885 1087 autem
900 1021 959 1087 Dei
975 1001 1080 1088 solum

1 1145 3 1181 =
51 1141 95 1195 est
116 1129 251 1206 visibile,
266 1131 400 1196 verbum
430 1154 508 1196 vero
522 1129 661 1198 bominis
680 1129 829 1198 audibile.
849 1130 987 1210 Quando
1005 1132 1083 1198 dicit

1 1259 3 1293 τ
51 1240 152 1306 videre
163 1238 320 1316 Verbum,
334 1263 463 1307 necesse
474 1251 522 1308 est
539 1241 616 1308 mibi
632 1251 669 1306 ut
683 1241 811 1308 credam
828 1241 916 1309 buno
926 1240 1081 1308 visibilem

50 1351 176 1418 missum
198 1373 276 1417 esse.
295 1350 407 1417 Missus
422 1363 530 1418 autem
547 1374 612 1417 non
632 1363 681 1416 est
702 1348 794 1427 alius,
811 1373 908 1441 quam
923 1351 1076 1420 Verbum.

52 1459 143 1537 Quod
157 1470 264 1526 autem
278 1459 409 1526 missum
423 1458 497 1537 suit,
511 1471 646 1526 testatur
660 1458 785 1537 Petrus,
802 1481 878 1527 oum
903 1461 981 1527 dixit
999 1460 1082 1528 Cor*

49 1565 130 1633 nolio
151 1552 329 1635 centuriodi
352 1568 488 1634 :allisit
509 1568 595 1636 Dens
613 1566 757 1635 Verbum
779 1593 873 1636 suum
893 1569 966 1636 liliis
985 1571 1082 1660 lsrael
1154 1630 1161 1642 .

48 1700 132 1767 »per
151 1678 411 1767 predicationem
432 1679 510 1745 Jesu
531 1679 670 1753 christi,
684 1679 745 1744 Hie
765 1691 813 1746 est
828 1681 913 1746 Deu's
934 1682 1080 1749 omnium

50 1813 61 1846 ι
75 1785 252 1860 dominus².
268 1785 323 1850 »Si
333 1809 409 1872 ergo
421 1787 554 1850 verbum
565 1785 703 1850 mittitur
713 1807 771 1873 por
781 1786 892 1853 «lesum
905 1785 1080 1864 Christum,

52 1891 194 1960 voluntas
209 1893 310 1960 Patris
324 1905 372 1959 est
387 1893 480 1959 Jesus
495 1892 650 1970 Christus.

91 2003 178 2071 XIV.
203 2005 280 2071 ttae
300 2004 409 2092 igitur,
430 2002 555 2079 fratres,
579 2003 757 2092 significant
779 2004 871 2070 nobis
896 2004 1080 2094 Scripturae.

47 2114 137 2180 Hanc
148 2113 374 2188 oeeonomiam,
388 2113 421 2178 id
431 2124 493 2188 est,
505 2112 760 2179 lnearnationom
776 2112 871 2178 tradit
885 2112 978 2180 nobis
989 2113 1085 2180 ‹loan-

47 2245 103 2290 uos
114 2224 148 2289 iu
160 2221 343 2312 Evangelio,
355 2223 536 2288 testimonio
547 2245 623 2297 suo;
639 2235 674 2288 ot
685 2222 746 2290 boo
757 2221 900 2290 Verbum
912 2223 1092 2292 confitetur.

46 2333 165 2412 Deum,
177 2334 223 2400 sio
233 2332 379 2421 inquiens
392 2355 401 2397 r
413 2359 426 2394 t
436 2333 475 2398 ln
486 2333 642 2422 principio
653 2342 721 2398 erat
732 2329 929 2407 Verbum,et
939 2333 1083 2402 Verbum

47 2469 60 2504 ι
76 2455 144 2508 erat
155 2442 239 2531 apud
251 2443 367 2516 Deum,
381 2452 413 2508 et
423 2443 509 2508 Deus
522 2456 589 2508 erat
599 2441 775 2510 Verbum⁸.
786 2471 799 2505 s
809 2442 842 2508 Si
853 2467 930 2532 ergo
941 2443 1084 2512 Verbum

46 2561 115 2616 erat
130 2551 216 2639 apud
229 2551 345 2626 Deum,
362 2562 395 2616 et
413 2552 498 2617 Dens
514 2564 594 2625 erat,
611 2552 688 2640 quid
709 2551 806 2640 ergo?
825 2551 952 2620 dioetne
971 2553 1084 2642 aliquis

47 2660 154 2726 dicere
168 2660 326 2728 loannem
342 2662 422 2728 duos
440 2663 523 2728 Deos
535 2662 550 2726 l
564 2663 652 2727 Duos
667 2661 796 2751 quidem
812 2684 878 2728 non
892 2663 1010 2741 dicam,
1027 2665 1084 2731 sed

46 2790 163 2842 unumr
184 2792 333 2858 personas
355 2793 429 2836 raro
446 2771 537 2846 dues,
556 2771 766 2836 oeoonomiam
786 2771 926 2848 tertiam,
950 2775 1084 2860 gratiam
1114 2839 1129 2863 ,

46 2876 119 2944 dieo
132 2880 231 2943 saneti
243 2878 388 2966 Spiritus.
403 2878 496 2944 Pater
507 2879 637 2966 quidem
651 2903 746 2955 unus,
760 2902 903 2968 personae
912 2904 987 2946 vero
999 2882 1083 2960 duae,

44 2984 241 3075 quiaFilins;
254 2989 344 3054 tertia
353 3001 460 3056 autem
467 2989 602 3082 Spiritus
611 3003 750 3058 sanetus.
761 2990 855 3056 Pater
862 2992 1085 3069 mandnt,Ver·

42 3099 126 3164 bum
141 3095 279 3186 perficit,
291 3095 390 3161 Filius
403 3109 510 3164 autem
521 3099 712 3175 ostenditur,
725 3121 783 3187 per
798 3121 894 3186 quem
907 3098 1001 3166 Pater
1016 3125 1083 3168 ore·

42 3208 144 3274 ditur.
161 3205 362 3272 OEeonomie
382 3207 597 3273 consensionis
611 3207 765 3296 redigitur
780 3206 821 3271 ad
837 3231 937 3274 unum
952 3208 1056 3276 Deum
1071 3236 1079 3278 s

1 3326 2 3331 ’
41 3339 130 3381 unus
146 3315 233 3380 enim
246 3327 295 3380 ost
309 3315 395 3380 Deus
410 3316 465 3402 qui
479 3317 622 3390 mandat,
634 3315 743 3389 Palem
760 3316 814 3403 qui
829 3318 951 3393 obedit,
964 3317 1061 3386 Filius
1067 3347 1077 3396 ;

39 3427 99 3514 qui
116 3425 211 3492 docet
225 3424 401 3501 seientiam,
416 3423 552 3512 Spiritus
567 3436 716 3490 sanetus:
733 3424 826 3490 Pater
845 3427 899 3513 qui
921 3439 969 3492 est
986 3451 1082 3518 aupes·

40 3536 176 3610 munio,
192 3533 289 3600 Filius
311 3559 371 3622 per
388 3535 516 3609 osonio,
532 3534 667 3623 Spiritus
688 3545 815 3600 sanctus
837 3535 874 3600 iar
892 3531 1044 3605 omnibus
1057 3540 1078 3606 ⁴.

39 3643 148 3712 Aliter
162 3645 267 3710 Deum
282 3667 381 3711 unum
396 3642 571 3732 intelligere
586 3667 651 3710 non
665 3667 847 3732 possumus,
863 3646 923 3712 nisi
938 3672 1011 3714 rere
1025 3650 1082 3716 Pa-

40 3756 85 3820 tri
101 3767 135 3820 et
154 3753 235 3820 Filio
250 3766 282 3820 et
298 3753 428 3844 Spiritui
444 3766 554 3822 sancto
572 3753 749 3820 credamus.
769 3755 895 3822 Etenim
909 3757 1011 3824 tudaei
1027 3759 1083 3826 Pa·

41 3877 129 3931 trem
153 3862 426 3953 glorificaverunt,
450 3862 506 3928 sed
527 3885 592 3928 non
615 3874 750 3951 egerunt
772 3864 902 3952 gratias;
927 3866 1082 3954 siquidem

76 3991 153 4040 ¹Jer·
168 3991 288 4052 xxnr,18.
302 4019 333 4030 -
343 3989 354 4023 ²
364 3992 419 4040 Act.
433 4007 456 4051 x,
468 3990 508 4038 56.
522 3990 567 4028 -⁸
577 3991 652 4040 loon.
668 4009 686 4048 ι,
705 4007 725 4041 ι.
739 4019 768 4030 -
779 3990 788 4024 ⁶
799 3991 893 4057 Ephes.
909 4010 943 4054 rr,
954 3993 978 4042 6.

894 4103 944 4166 ²9·
