2412 4596
159 477 388 564 ¹subtilitatem.
403 487 624 570 Quamobrem
634 484 687 554 ilia
698 509 826 578 quoque
845 487 976 559 scribit:
995 487 1166 584 latiorequ-

169 597 233 687 gite
248 593 444 685 questiones¹
462 621 473 667 .·
488 608 564 666 sunt
583 593 669 665 onim
694 593 834 690 pueriles
860 595 1036 688 hujusmodi
1065 610 1167 666 cont*

169 705 280 772 tiones.
312 704 422 774 Virtus
443 717 543 772 autem
557 729 619 772 noo
642 717 759 772 tenetur
788 695 892 772 umore
906 704 1066 795 jocosum,
1111 738 1138 765 κ’
1199 736 1200 757 ³

168 813 257 885 Plato
276 812 484 907 philosophus
499 837 509 882 ε
522 825 555 881 et
570 825 733 882 certamen
756 827 920 892 nostrum,
938 827 972 880 ut
989 813 1052 882 mit
1068 815 1167 909 θυεμ

167 919 359 1001 Leontinus,
372 924 497 992 duabus
505 946 584 1015 opus
591 920 690 990 hahet
701 925 872 992 virtutibus
883 976 893 1003 ,
906 923 1070 992 audaeiaet
1080 923 1168 1014 suph

167 1033 231 1100 tia:
246 1031 377 1102 audacia
387 1031 537 1124 quidem,
553 1044 590 1100 ut
602 1031 695 1101 adeat
705 1031 899 1126 perieulrnm
919 1034 1063 1126 sapientia
1079 1045 1167 1119 auo,

167 1153 203 1208 ut
218 1141 378 1232 discernat
386 1142 529 1238 aenigma.
544 1141 647 1234 Logos
659 1141 765 1220 enim,
778 1141 1106 1233 quemadmodumint

166 1251 219 1353 pia
231 1235 450 1346 p'raeconium,
466 1263 559 1321 vocat
574 1251 703 1343 qtridern
720 1275 815 1332 eum,
831 1253 887 1344 qui
897 1251 981 1326 sult3
1000 1251 1053 1320 sed
1069 1273 1104 1320 ro

166 1381 260 1439 eum,
277 1362 332 1452 qui
346 1374 452 1454 potest
466 1385 535 1430 esse
553 1361 713 1432 invictus:
730 1362 883 1453 quoniam
898 1385 1005 1429 revera
1016 1361 1111 1454 Legos
1130 1396 1132 1415 ν

165 1467 234 1536 'vult
253 1471 390 1539 otiosum
415 1493 483 1538 esse
506 1493 602 1548 eum,
619 1472 674 1561 qui
702 1469 847 1540 crerhdit.
877 1469 1013 1554 Quorits
1032 1471 1141 1546 enirn,¹

94 1621 97 1626 ‚
165 1578 252 1676 quit,
270 1593 299 1646 et
315 1577 509 1647 inuenietis¹r
524 1579 580 1646 sed
587 1577 824 1668 inquisitionem
838 1579 989 1648 terminat
1003 1577 1120 1646 inventi

166 1701 310 1756 retentes
325 1712 425 1781 nugas
439 1688 671 1767 exterminans,
689 1677 995 1780 approbans'autem
1013 1700 1131 1758 conten
1164 1691 1170 1756 ἐ

165 1796 305 1877 tionem,
322 1819 393 1890 quae
411 1810 553 1866 nostram
568 1789 666 1866 fidem
685 1797 864 1866 confirmat.
888 1798 983 1866 :Hoc
998 1810 1095 1865 autem
1106 1795 1162 1877 diet

164 1915 228 1975 ine
251 1908 321 1998 quis
348 1929 403 1976 vos
434 1905 572 1996 decipiat
593 1906 627 1974 in
653 1905 878 1998 probabilitate
902 1901 1162 1984 sermonis⁸‚»d

164 2016 348 2112 Apostolum
364 2030 400 2084 ut
416 2017 488 2108 qui,
501 2039 571 2106 quae
589 2015 686 2084 abeis
701 2015 873 2094 dicuntur,
886 2016 1065 2084 discernere
1077 2013 1160 2084 scdsed

163 2123 355 2204 didiceritis,
372 2138 405 2194 et
424 2123 482 2204 iis,
503 2149 573 2216 quae
591 2123 806 2214 objiciuntur,
828 2148 1001 2194 occurrere
1018 2125 1094 2194 docti
1103 2123 1152 2192 s't's

144 2299 146 2304 ,
170 2233 291 2304 esicus
314 2259 391 2328 ergo
415 2235 579 2325 accepistis
593 2233 703 2302 Jesum
728 2233 892 2303 Christum
917 2235 1152 2312 dominamus·

163 2343 346 2434 »ambrdate
360 2344 492 2412 redienti
510 2355 544 2410 et
558 2343 802 2435 superaedificnti
819 2344 852 2412 in
872 2346 961 2436 ipso,
976 2357 1009 2412 et
1025 2354 1091 2414 eoo
1199 2402 1202 2409 .

163 2453 218 2522 sin
237 2453 300 2522 fide
318 2453 341 2521 ¹.
356 2483 370 2519 a
384 2455 440 2521 Est
462 2465 568 2522 autem
587 2453 768 2544 persuasio,
787 2453 861 2520 fidei
885 2453 1088 2523 confirmatio.
1109 2448 1154 2514 s*
1201 2512 1206 2523 ,

162 2563 275 2642 rudeto,
295 2587 336 2632 ne
352 2564 422 2652 quis
435 2563 492 2643 sit,
509 2563 563 2652 qui
581 2585 636 2630 ros
654 2561 823 2630 obducatd
838 2559 903 2630 tide
918 2563 953 2632 in
965 2563 1110 2630 Christum
1159 2577 1163 2584 ’

162 2671 418 2766 »philosophiam
439 2685 471 2741 et
485 2673 618 2764 inanem*
638 2671 902 2765 deceptionem»
916 2697 988 2762 quae
1001 2671 1076 2740 totus
1093 2684 1097 2707 '
1121 2704 1124 2725 ι

162 2780 318 2862 dentiam,
337 2782 532 2850 «secundum
540 2782 741 2850 traditionem
753 2781 932 2851 hominum.
946 2784 1046 2866 »Quae
1055 2766 1172 2857 estmi

162 2891 340 2962 seeundum
360 2893 565 2961 traditionem
585 2891 724 2962 divinam
747 2889 970 2984 philosophia,
992 2889 1160 2960 comunis
1203 2948 1206 2966 2

163 3001 332 3072 confirmat
343 3001 580 3070 Providentiam
594 3026 603 3070 ε
618 3025 681 3094 que
696 2997 821 3069 sublata
835 3001 963 3068 videtur
973 2997 1073 3069 iabuir
1083 2984 1162 3068 Senti
1202 2974 1206 3049 Ι

161 3113 240 3181 toris
269 3111 470 3189 (eunomia,
498 3132 573 3180 oum
600 3133 659 3180 nos
683 3138 696 3174 ι
717 3109 895 3180 secundum
922 3108 1073 3180 elementa
1093 3105 1161 3196 bui!
1204 3083 1206 3177 i

160 3221 313 3300 emundi,
331 3233 363 3288 et
380 3244 446 3288 non
465 3218 642 3288 secundum
662 3219 824 3288 Christum
846 3221 1016 3314 sesamum
1045 3219 1112 3305 Que
1127 3216 1160 3284 td
1201 3190 1206 3285 i

161 3333 248 3400 enim
261 3329 387 3399 Christo
408 3341 617 3397 consentanea
635 3329 780 3398 doctrina
791 3340 842 3407 ,et
853 3329 1002 3420 opificem
1015 3329 1162 3398 Donnes·

162 3441 290 3520 deserit,
323 3449 356 3510 et
381 3437 510 3506 deducit
543 3437 778 3506 Providentiam
811 3461 913 3528 usque
941 3441 981 3508 ad
1008 3431 1159 3528 sinuum

161 3562 194 3615 et
219 3549 316 3618 talem
342 3545 574 3616 elementorum
601 3547 690 3615 norit
718 3571 787 3614 esse
809 3560 985 3624 naturam,
1012 3547 1089 3613 utin
1109 3557 1159 3608 etl

162 3659 254 3726 cadat
289 3672 377 3726 ortus
406 3669 440 3724 et
466 3657 599 3724 mutatio
620 3681 629 3723 ε
652 3679 751 3746 euque
774 3657 869 3724 docet
894 3655 936 3726 ad
964 3655 996 3724 id
1024 3653 1158 3742 dirigent

161 3769 226 3838 vim
247 3767 471 3840 assimilantem
479 3767 547 3836 Deo
564 3767 749 3844 habeamus,
771 3768 904 3858 ejusque
921 3751 1155 3860 dispensationem.

198 3905 704 3984 tatto-uara,at·-'ttsttt·su.
718 3895 1157 3984 2··.-'Cotr1.t···⁴1tit⁶2t²

169 235 214 313 to
484 252 658 304 cumauro
685 253 898 302 manuus

169 377 246 446 sisso
257 377 433 444 materiem.
446 373 658 451 Traditioueu
666 377 944 466 autenticarum
956 375 1164 467 rooatLogieau
