2522 4608
198 279 261 358 548
510 299 684 349 conuensis
708 304 918 350 aumsrsnmnr

196 417 253 483 Est
265 421 349 486 enlm
363 445 505 502 somnus,
516 428 573 517 ¹qui
585 451 643 494 nos
657 428 818 518 deprimit,
835 427 931 494 morti
944 425 1065 500 similis,
1077 449 1117 493 eo
1127 427 1213 492 dedu-

197 549 272 595 ceus
286 555 343 620 per
359 536 664 605 mentis'carentiam
684 551 718 605 ut
733 523 827 605 sensu
843 561 1020 612 careamus,
1037 549 1069 601 ct
1084 534 1213 602 clausisa

196 639 276 708 ciliis
290 643 392 712 oculis
413 644 521 714 lucem
542 661 696 738 amputat.
715 649 806 716 Hanc
821 672 896 737 crgo
915 645 1035 723 lucem,
1050 647 1106 735 qui
1121 669 1212 743 sumps

196 773 278 817 verro
293 751 373 822 lucis
387 755 457 833 lilii,
479 781 520 822 ne
538 757 622 824 loras
636 757 862 825 excludamus:
878 758 964 823 intus
986 768 1093 824 autem
1114 757 1152 822 sd
1169 781 1214 822 uos

196 866 354 942 conversi,
370 865 490 934 occulti
505 868 643 936 hominis
660 871 762 936 risum
779 868 1007 944 illuminantes,
1022 879 1056 932 et
1071 867 1167 956 ipsam
1176 890 1215 931 se·

195 973 323 1042 ritatem
336 977 602 1066 contemplantes,
613 992 647 1045 et
657 980 726 1068 ejus
738 979 916 1045 fluxionum
930 978 1037 1045 effecti
1050 977 1213 1066 participes,

196 1105 269 1148 vera
280 1071 402 1153 somnia
413 1086 577 1154 evidenter
587 1090 825 1178 prudenterque
837 1087 1025 1155 revelemus.
1042 1087 1213 1155 Eorumau·

196 1205 262 1259 tem
287 1196 340 1283 qui
362 1196 491 1285 crapula
510 1211 682 1287 gravantur
707 1211 834 1274 ructus,
863 1210 1032 1263 eteorum
1057 1197 1113 1286 qui
1136 1196 1214 1260 nimio

197 1304 270 1370 cibo
286 1307 391 1372 onusti
406 1319 480 1372 sunt
495 1307 709 1385 oscitationes,
722 1289 936 1397 stragulisque
954 1304 1136 1372 involutum
1155 1317 1214 1372 ster

196 1424 277 1490 tere,
294 1427 504 1506 centrumque
516 1417 549 1483 iu
562 1430 686 1486 arctum
697 1441 953 1507 compressorum
965 1437 1213 1490 murmurante

197 1522 263 1592 lum
286 1527 398 1593 animae
420 1529 637 1619 perspicacem
659 1532 813 1607 obruunt,
838 1540 978 1595 mentem
999 1526 1133 1592 infinitis
1150 1549 1213 1614 pene

196 1634 371 1724 phantasiis
386 1637 558 1728 implendo.
579 1638 681 1706 Causa
697 1651 805 1704 autem
819 1649 868 1704 est
884 1636 1075 1703 alimentum
1092 1658 1212 1724 superse

198 1767 344 1823 cuneum,
365 1748 450 1836 quod
461 1747 712 1816 ratiocinativam
723 1748 835 1814 onim-'e
847 1745 1031 1836 facultatem
1042 1769 1086 1811 eo
1097 1745 1210 1811 traditus

197 1857 1207 1946 scusupriveturpenitus.Immodicusenimsomnus,neccorpo·
1255 1905 1257 1950 1

196 1966 285 2031 ribus
303 1989 363 2034 nec
375 1967 486 2033 animis
499 1968 614 2034 nostris
626 1965 724 2034 ullam
739 1969 830 2036 affert
842 1968 1025 2042 utilitatem,¹
1036 1991 1103 2034 nec
1114 1967 1148 2032 iis
1161 1989 1211 2054 qua
1257 1995 1258 1998 ¹

196 2075 282 2142 circa
290 2077 454 2143 veritatem
462 2090 627 2144 versantur
635 2080 765 2146 omnino
774 2081 921 2148 convenit
930 2077 1214 2153 actionibus,etsisit

196 2186 374 2253 secundum
386 2200 543 2254 naturum.
555 2188 639 2254 Loth
650 2202 758 2258 autem
765 2191 868 2280 justus
879 2187 1215 2280 (regenerationiseuim

198 2298 385 2364 oeconomiae
400 2297 433 2362 in
448 2299 614 2386 praesentia
629 2299 722 2365 mitto
737 2300 985 2390 expositionem)
1004 2323 1072 2366 uon
1091 2300 1132 2366 ad
1144 2297 1215 2364 illum

196 2405 353 2473 usserium
374 2407 524 2474 inductus
545 2421 628 2474 essct
651 2412 785 2487 coitum,
806 2411 866 2476 nisi
888 2411 1063 2476 inebriatus
1088 2411 1216 2475 suisseta

195 2513 335 2593 filiabus,
359 2541 535 2607 somnoque
553 2532 711 2610 gravatus.
730 2521 764 2586 Si
779 2545 855 2612 ergo
872 2544 982 2588 causas
999 2545 1072 2610 qum
1089 2521 1131 2588 ad
1150 2517 1216 2585 mul·

198 2638 268 2690 tum
280 2649 319 2692 uc
336 2627 530 2714 profundum
548 2652 697 2695 somnum
713 2653 771 2696 nos
787 2628 966 2719 impellunt,
978 2631 1215 2721 praeciderimus,

195 2735 295 2824 magis
317 2737 421 2803 sobrie
436 2737 652 2804 dormiemus:
666 2762 730 2804 non
745 2738 832 2804 enim
846 2751 971 2829 oportet
991 2763 1046 2804 eos
1069 2740 1127 2827 qui
1141 2738 1217 2804 iulu-

195 2845 351 2915 bisantem
375 2859 407 2912 ot
428 2846 608 2937 vigilantem
637 2850 721 2915 intus
744 2850 864 2916 habent
891 2849 1013 2939 Logon,
1039 2861 1109 2916 tota
1141 2859 1217 2914 nocte

197 2954 347 3022 dormire.
384 2957 488 3024 Noctu
517 2971 625 3026 sutem
654 2961 936 3051 expergiscendum
972 2972 1039 3062 est,
1072 2959 1218 3048 praecipue

197 3065 410 3154 quaudodies
425 3067 595 3134 desinunt:
609 3082 642 3135 et
656 3069 733 3138 huic
748 3070 875 3160 quidem
891 3068 994 3135 danda
1010 3079 1058 3133 est
1073 3091 1169 3157 opera
1181 3064 1219 3131 lit·

197 3177 285 3254 tcris‚
301 3175 346 3243 illi
361 3201 435 3244 vero
451 3202 501 3244 ers
516 3202 571 3244 sua
588 3192 637 3245 est
652 3179 846 3254 inchoands;
864 3179 1009 3244 loeminus
1020 3190 1130 3244 autem
1142 3200 1219 3266 opor

197 3297 244 3353 tot
255 3285 428 3356 lanificium
440 3290 579 3380 aggredi.
595 3289 694 3358 Nobis
709 3302 830 3366 sutem,
846 3301 882 3354 ut
897 3290 939 3355 ita
953 3289 1070 3364 dicam,
1084 3290 1218 3356 omnibus

198 3398 348 3465 adversus
371 3423 519 3468 somnum
543 3401 771 3468 decertandum
792 3411 860 3474 est,
882 3399 924 3464 ita
947 3422 1005 3464 uos
1026 3397 1175 3488 paulatim
1194 3405 1219 3459 ct

198 3509 286 3596 quasi
302 3510 416 3576 sensim
428 3509 720 3587 ossuolacicntibus,
737 3523 771 3575 ut
783 3509 896 3597 majori
908 3519 997 3598 parte
1009 3509 1159 3598 temporis
1170 3529 1219 3594 per

200 3615 334 3706 vigiliam
350 3619 448 3686 simus
463 3621 534 3688 vitae
548 3611 725 3710 participes.
742 3619 880 3686 Somnus
895 3621 993 3695 euim,
1007 3643 1071 3685 uon
1087 3641 1174 3685 secus
1186 3638 1219 3680 ac

199 3725 400 3816 publicanus,
413 3731 579 3798 dimidium
591 3733 662 3798 vitae
674 3744 799 3822 tempus
812 3731 977 3797 nobiscum
990 3730 1109 3797 dividit.
1125 3729 1220 3816 Longu

200 3848 306 3903 cutem
328 3841 416 3906 alscst
432 3854 466 3907 ut
486 3844 687 3932 permittatur
710 3843 846 3910 interdiu
869 3843 1021 3919 dormire,
1037 3865 1109 3908 cuur
1131 3839 1220 3906 moxi·

147 4007 149 4012 .
201 3971 284 4015 mam
302 3950 403 4017 noctis
425 3967 546 4042 partem
566 3955 676 4046 vigiliis
693 3955 920 4046 impertiemur.
945 3953 1049 4021 Tadio
1072 3965 1175 4020 autem
1194 3959 1221 4012 ct
