<?xml version="1.0" encoding="UTF-8"?>
<!DOCTYPE html PUBLIC "-//W3C//DTD XHTML 1.0 Transitional//EN"
    "http://www.w3.org/TR/xhtml1/DTD/xhtml1-transitional.dtd">
<html xmlns="http://www.w3.org/1999/xhtml" xml:lang="en" lang="en">
 <head>
  <title>
</title>
<meta http-equiv="Content-Type" content="text/html;charset=utf-8" />
  <meta name='ocr-system' content='tesseract 3.04.00' />
  <meta name='ocr-capabilities' content='ocr_page ocr_carea ocr_par ocr_line ocrx_word'/>
</head>
<body>
  <div class='ocr_page' id='page_1' title='image "./collectioselect00guilgoog_0632.png"; bbox 0 0 2382 4592; ppageno 0'>
   <div class='ocr_carea' id='block_1_1' title="bbox 150 183 874 271">
    <p class='ocr_par' dir='ltr' id='par_1_1' title="bbox 150 183 874 271">
     <span class='ocr_line' id='line_1_1' title="bbox 150 183 874 271; baseline 0 -21"><span class='ocrx_word' id='word_1_1' title='bbox 150 183 215 271; x_wconf 65' lang='lat' dir='ltr'><strong>att</strong></span> <span class='ocrx_word' id='word_1_2' title='bbox 256 267 258 269; x_wconf 28' lang='grc'><strong>,</strong></span> <span class='ocrx_word' id='word_1_3' title='bbox 462 205 636 251; x_wconf 78' lang='lat' dir='ltr'><strong>cmunnru</strong></span> <span class='ocrx_word' id='word_1_4' title='bbox 660 203 874 254; x_wconf 74' lang='lat' dir='ltr'><strong>anunnmrr</strong></span> 
     </span>
    </p>
   </div>
   <div class='ocr_carea' id='block_1_2' title="bbox 146 332 1137 446">
    <p class='ocr_par' dir='ltr' id='par_1_2' title="bbox 146 332 1137 446">
     <span class='ocr_line' id='line_1_2' title="bbox 146 332 1137 446; baseline -0.007 -26"><span class='ocrx_word' id='word_1_5' title='bbox 146 367 150 374; x_wconf 85' lang='lat'><em>·</em></span> <span class='ocrx_word' id='word_1_6' title='bbox 198 345 248 420; x_wconf 51' lang='lat'><strong>5²,</strong></span> <span class='ocrx_word' id='word_1_7' title='bbox 258 348 531 418; x_wconf 85' lang='lat' dir='ltr'><strong>Matrimonium</strong></span> <span class='ocrx_word' id='word_1_8' title='bbox 547 332 828 446; x_wconf 63' lang='lat' dir='ltr'><strong>a&#39;Deo&#39;p&#39;enitus</strong></span> <span class='ocrx_word' id='word_1_9' title='bbox 849 371 925 418; x_wconf 89' lang='lat' dir='ltr'><strong>uon</strong></span> <span class='ocrx_word' id='word_1_10' title='bbox 944 353 1137 420; x_wconf 84' lang='lat' dir='ltr'><strong>amovere¹:</strong></span> 
     </span>
    </p>
   </div>
   <div class='ocr_carea' id='block_1_3' title="bbox 149 499 1165 918">
    <p class='ocr_par' dir='ltr' id='par_1_3' title="bbox 149 499 1165 918">
     <span class='ocr_line' id='line_1_3' title="bbox 149 499 1163 590; baseline -0.001 -23"><span class='ocrx_word' id='word_1_11' title='bbox 149 570 152 576; x_wconf 73' lang='grc'>,</span> <span class='ocrx_word' id='word_1_12' title='bbox 193 500 254 578; x_wconf 82' lang='lat' dir='ltr'><strong>At,</strong></span> <span class='ocrx_word' id='word_1_13' title='bbox 273 501 399 588; x_wconf 82' lang='lat' dir='ltr'><strong>inquit:</strong></span> <span class='ocrx_word' id='word_1_14' title='bbox 420 501 508 581; x_wconf 77' lang='lat' dir='ltr'><strong>«Qui</strong></span> <span class='ocrx_word' id='word_1_15' title='bbox 527 512 574 566; x_wconf 79' lang='lat' dir='ltr'><strong>est</strong></span> <span class='ocrx_word' id='word_1_16' title='bbox 592 499 729 579; x_wconf 80' lang='lat' dir='ltr'><strong>coelebs,</strong></span> <span class='ocrx_word' id='word_1_17' title='bbox 752 513 844 568; x_wconf 82' lang='lat' dir='ltr'><strong>curat</strong></span> <span class='ocrx_word' id='word_1_18' title='bbox 860 523 931 590; x_wconf 78' lang='lat' dir='ltr'><strong>quae</strong></span> <span class='ocrx_word' id='word_1_19' title='bbox 946 513 1019 567; x_wconf 89' lang='lat' dir='ltr'><strong>sunt</strong></span> <span class='ocrx_word' id='word_1_20' title='bbox 1034 499 1163 568; x_wconf 83' lang='lat' dir='ltr'><strong>Domini:</strong></span> 
     </span>
     <span class='ocr_line' id='line_1_4' title="bbox 150 605 1165 698; baseline -0.002 -24"><span class='ocrx_word' id='word_1_21' title='bbox 150 609 225 697; x_wconf 78' lang='lat' dir='ltr'><strong>»qui</strong></span> <span class='ocrx_word' id='word_1_22' title='bbox 237 621 342 676; x_wconf 84' lang='lat' dir='ltr'><strong>autam</strong></span> <span class='ocrx_word' id='word_1_23' title='bbox 356 608 444 674; x_wconf 83' lang='lat' dir='ltr'><strong>duxit</strong></span> <span class='ocrx_word' id='word_1_24' title='bbox 461 631 604 684; x_wconf 68' lang='lat' dir='ltr'><strong>uxorum,</strong></span> <span class='ocrx_word' id='word_1_25' title='bbox 617 608 778 698; x_wconf 89' lang='lat' dir='ltr'><strong>quomodo</strong></span> <span class='ocrx_word' id='word_1_26' title='bbox 790 607 931 698; x_wconf 85' lang='lat' dir='ltr'><strong>plaoobit</strong></span> <span class='ocrx_word' id='word_1_27' title='bbox 941 607 1085 676; x_wconf 58' lang='lat' dir='ltr'><strong>morit»</strong></span> <span class='ocrx_word' id='word_1_28' title='bbox 1099 605 1165 688; x_wconf 81' lang='lat' dir='ltr'><strong>Quid</strong></span> 
     </span>
     <span class='ocr_line' id='line_1_5' title="bbox 149 713 1164 805; baseline -0.004 -21"><span class='ocrx_word' id='word_1_29' title='bbox 149 716 248 784; x_wconf 80' lang='lat' dir='ltr'><strong>voro?</strong></span> <span class='ocrx_word' id='word_1_30' title='bbox 263 740 304 784; x_wconf 88' lang='lat' dir='ltr'><strong>au</strong></span> <span class='ocrx_word' id='word_1_31' title='bbox 318 715 474 784; x_wconf 80' lang='lat' dir='ltr'><strong>nonlicet</strong></span> <span class='ocrx_word' id='word_1_32' title='bbox 489 716 662 792; x_wconf 84' lang='lat' dir='ltr'><strong>otiamois,</strong></span> <span class='ocrx_word' id='word_1_33' title='bbox 678 717 732 805; x_wconf 88' lang='lat' dir='ltr'><strong>qui</strong></span> <span class='ocrx_word' id='word_1_34' title='bbox 750 716 928 784; x_wconf 81' lang='lat' dir='ltr'><strong>secundum</strong></span> <span class='ocrx_word' id='word_1_35' title='bbox 942 717 1047 784; x_wconf 81' lang='lat' dir='ltr'><strong>Deum</strong></span> <span class='ocrx_word' id='word_1_36' title='bbox 1063 713 1164 804; x_wconf 75' lang='lat' dir='ltr'><strong>ptaoea</strong></span> 
     </span>
     <span class='ocr_line' id='line_1_6' title="bbox 149 821 1163 918; baseline -0.005 -25"><span class='ocrx_word' id='word_1_37' title='bbox 149 823 257 900; x_wconf 87' lang='lat' dir='ltr'><strong>uxori,</strong></span> <span class='ocrx_word' id='word_1_38' title='bbox 270 823 339 890; x_wconf 81' lang='lat' dir='ltr'><strong>Deo</strong></span> <span class='ocrx_word' id='word_1_39' title='bbox 354 823 469 914; x_wconf 76' lang='lat' dir='ltr'><strong>gratias</strong></span> <span class='ocrx_word' id='word_1_40' title='bbox 485 823 600 918; x_wconf 77' lang='lat' dir='ltr'><strong>agero?</strong></span> <span class='ocrx_word' id='word_1_41' title='bbox 617 847 657 890; x_wconf 85' lang='lat' dir='ltr'><strong>an</strong></span> <span class='ocrx_word' id='word_1_42' title='bbox 668 846 734 891; x_wconf 92' lang='lat' dir='ltr'><strong>non</strong></span> <span class='ocrx_word' id='word_1_43' title='bbox 752 823 949 913; x_wconf 77' lang='lat' dir='ltr'><strong>permittitur</strong></span> <span class='ocrx_word' id='word_1_44' title='bbox 964 826 1061 890; x_wconf 86' lang='lat' dir='ltr'><strong>otiam</strong></span> <span class='ocrx_word' id='word_1_45' title='bbox 1073 821 1163 910; x_wconf 57' lang='lat' dir='ltr'><strong>simi</strong></span> 
     </span>
    </p>
   </div>
   <div class='ocr_carea' id='block_1_4' title="bbox 19 921 1163 1020">
    <p class='ocr_par' dir='ltr' id='par_1_4' title="bbox 19 921 1163 1020">
     <span class='ocr_line' id='line_1_7' title="bbox 19 921 1163 1020; baseline -0.002 -24"><span class='ocrx_word' id='word_1_46' title='bbox 19 925 22 938; x_wconf 86' lang='lat'>&#39;</span> <span class='ocrx_word' id='word_1_47' title='bbox 130 921 132 927; x_wconf 44' lang='lat'><strong>¹</strong></span> <span class='ocrx_word' id='word_1_48' title='bbox 149 931 280 1008; x_wconf 80' lang='lat' dir='ltr'><strong>uxorem</strong></span> <span class='ocrx_word' id='word_1_49' title='bbox 297 931 407 1007; x_wconf 82' lang='lat' dir='ltr'><strong>duxit,</strong></span> <span class='ocrx_word' id='word_1_50' title='bbox 427 955 492 999; x_wconf 85' lang='lat' dir='ltr'><strong>una</strong></span> <span class='ocrx_word' id='word_1_51' title='bbox 508 955 583 998; x_wconf 87' lang='lat' dir='ltr'><strong>cum</strong></span> <span class='ocrx_word' id='word_1_52' title='bbox 601 932 761 1020; x_wconf 77' lang='lat' dir='ltr'><strong>conjugio,</strong></span> <span class='ocrx_word' id='word_1_53' title='bbox 778 931 876 998; x_wconf 85' lang='lat' dir='ltr'><strong>etiam</strong></span> <span class='ocrx_word' id='word_1_54' title='bbox 889 955 957 998; x_wconf 81' lang='lat' dir='ltr'><strong>osse</strong></span> <span class='ocrx_word' id='word_1_55' title='bbox 969 929 1163 996; x_wconf 79' lang='lat' dir='ltr'><strong>sollieitumda</strong></span> 
     </span>
    </p>
   </div>
   <div class='ocr_carea' id='block_1_5' title="bbox 75 1038 1160 1666">
    <p class='ocr_par' dir='ltr' id='par_1_5' title="bbox 75 1038 1160 1666">
     <span class='ocr_line' id='line_1_8' title="bbox 75 1038 1160 1129; baseline 0 -25"><span class='ocrx_word' id='word_1_56' title='bbox 75 1119 80 1128; x_wconf 23' lang='lat'><strong>⁴</strong></span> <span class='ocrx_word' id='word_1_57' title='bbox 149 1038 871 1129; x_wconf 75' lang='lat' dir='ltr'><strong>iis,quaesuntDominiiSodquomadmodum</strong></span> <span class='ocrx_word' id='word_1_58' title='bbox 888 1062 979 1127; x_wconf 77' lang='lat' dir='ltr'><strong>«quae</strong></span> <span class='ocrx_word' id='word_1_59' title='bbox 993 1039 1160 1126; x_wconf 80' lang='lat' dir='ltr'><strong>nonuups&#39;t,</strong></span> 
     </span>
     <span class='ocr_line' id='line_1_9' title="bbox 149 1146 1160 1236; baseline 0.001 -25"><span class='ocrx_word' id='word_1_60' title='bbox 149 1146 306 1214; x_wconf 75' lang='lat' dir='ltr'><strong>»sollicita</strong></span> <span class='ocrx_word' id='word_1_61' title='bbox 316 1159 366 1212; x_wconf 84' lang='lat' dir='ltr'><strong>ost</strong></span> <span class='ocrx_word' id='word_1_62' title='bbox 383 1146 422 1212; x_wconf 83' lang='lat' dir='ltr'><strong>da</strong></span> <span class='ocrx_word' id='word_1_63' title='bbox 438 1147 494 1222; x_wconf 90' lang='lat' dir='ltr'><strong>iis,</strong></span> <span class='ocrx_word' id='word_1_64' title='bbox 507 1169 577 1236; x_wconf 82' lang='lat' dir='ltr'><strong>qnae</strong></span> <span class='ocrx_word' id='word_1_65' title='bbox 591 1158 665 1212; x_wconf 89' lang='lat' dir='ltr'><strong>sunt</strong></span> <span class='ocrx_word' id='word_1_66' title='bbox 674 1147 821 1227; x_wconf 91' lang='lat' dir='ltr'><strong>Domini,</strong></span> <span class='ocrx_word' id='word_1_67' title='bbox 835 1158 872 1212; x_wconf 89' lang='lat' dir='ltr'><strong>ut</strong></span> <span class='ocrx_word' id='word_1_68' title='bbox 882 1148 923 1211; x_wconf 90' lang='lat' dir='ltr'><strong>sit</strong></span> <span class='ocrx_word' id='word_1_69' title='bbox 937 1158 1044 1214; x_wconf 76' lang='lat' dir='ltr'><strong>sancta</strong></span> <span class='ocrx_word' id='word_1_70' title='bbox 1055 1167 1160 1234; x_wconf 70' lang='lat' dir='ltr'><strong>corpur</strong></span> 
     </span>
     <span class='ocr_line' id='line_1_10' title="bbox 150 1245 1160 1350; baseline 0.002 -34"><span class='ocrx_word' id='word_1_71' title='bbox 150 1265 204 1320; x_wconf 72' lang='lat' dir='ltr'><strong>sot</strong></span> <span class='ocrx_word' id='word_1_72' title='bbox 227 1245 340 1345; x_wconf 87' lang='lat' dir='ltr'><strong>spiritu</strong></span> <span class='ocrx_word' id='word_1_73' title='bbox 356 1278 390 1319; x_wconf 76' lang='lat' dir='ltr'><strong>:s</strong></span> <span class='ocrx_word' id='word_1_74' title='bbox 407 1254 450 1320; x_wconf 87' lang='lat' dir='ltr'><strong>ita</strong></span> <span class='ocrx_word' id='word_1_75' title='bbox 471 1253 566 1350; x_wconf 81' lang='lat' dir='ltr'><strong>etiam</strong></span> <span class='ocrx_word' id='word_1_76' title='bbox 585 1277 655 1342; x_wconf 86' lang='lat' dir='ltr'><strong>qoae</strong></span> <span class='ocrx_word' id='word_1_77' title='bbox 680 1255 806 1342; x_wconf 84' lang='lat' dir='ltr'><strong>nupsit,</strong></span> <span class='ocrx_word' id='word_1_78' title='bbox 828 1265 861 1319; x_wconf 87' lang='lat' dir='ltr'><strong>et</strong></span> <span class='ocrx_word' id='word_1_79' title='bbox 881 1253 922 1320; x_wconf 80' lang='lat' dir='ltr'><strong>do</strong></span> <span class='ocrx_word' id='word_1_80' title='bbox 942 1255 998 1330; x_wconf 84' lang='lat' dir='ltr'><strong>iis,</strong></span> <span class='ocrx_word' id='word_1_81' title='bbox 1024 1275 1089 1344; x_wconf 69' lang='lat' dir='ltr'><strong>quan</strong></span> <span class='ocrx_word' id='word_1_82' title='bbox 1106 1263 1160 1318; x_wconf 69' lang='lat' dir='ltr'><strong>nm</strong></span> 
     </span>
     <span class='ocr_line' id='line_1_11' title="bbox 149 1359 1156 1450; baseline -0.005 -22"><span class='ocrx_word' id='word_1_83' title='bbox 149 1363 275 1438; x_wconf 87' lang='lat' dir='ltr'><strong>mariti,</strong></span> <span class='ocrx_word' id='word_1_84' title='bbox 294 1375 327 1426; x_wconf 85' lang='lat' dir='ltr'><strong>ot</strong></span> <span class='ocrx_word' id='word_1_85' title='bbox 342 1362 382 1427; x_wconf 87' lang='lat' dir='ltr'><strong>da</strong></span> <span class='ocrx_word' id='word_1_86' title='bbox 402 1361 440 1426; x_wconf 88' lang='lat' dir='ltr'><strong>iis</strong></span> <span class='ocrx_word' id='word_1_87' title='bbox 456 1361 510 1450; x_wconf 89' lang='lat' dir='ltr'><strong>qni</strong></span> <span class='ocrx_word' id='word_1_88' title='bbox 527 1374 601 1427; x_wconf 86' lang='lat' dir='ltr'><strong>sunt</strong></span> <span class='ocrx_word' id='word_1_89' title='bbox 615 1362 759 1438; x_wconf 87' lang='lat' dir='ltr'><strong>Domini,</strong></span> <span class='ocrx_word' id='word_1_90' title='bbox 776 1373 824 1426; x_wconf 86' lang='lat' dir='ltr'><strong>est</strong></span> <span class='ocrx_word' id='word_1_91' title='bbox 839 1363 872 1427; x_wconf 89' lang='lat' dir='ltr'><strong>in</strong></span> <span class='ocrx_word' id='word_1_92' title='bbox 883 1361 1020 1427; x_wconf 90' lang='lat' dir='ltr'><strong>Domino</strong></span> <span class='ocrx_word' id='word_1_93' title='bbox 1035 1359 1156 1434; x_wconf 79' lang='lat' dir='ltr'><strong>sollicita,</strong></span> 
     </span>
     <span class='ocr_line' id='line_1_12' title="bbox 151 1467 1156 1558; baseline -0.002 -22"><span class='ocrx_word' id='word_1_94' title='bbox 151 1482 186 1536; x_wconf 96' lang='lat' dir='ltr'><strong>ut</strong></span> <span class='ocrx_word' id='word_1_95' title='bbox 198 1470 238 1536; x_wconf 90' lang='lat' dir='ltr'><strong>sit</strong></span> <span class='ocrx_word' id='word_1_96' title='bbox 253 1481 360 1536; x_wconf 85' lang='lat' dir='ltr'><strong>sanata</strong></span> <span class='ocrx_word' id='word_1_97' title='bbox 376 1480 410 1534; x_wconf 83' lang='lat' dir='ltr'><strong>at</strong></span> <span class='ocrx_word' id='word_1_98' title='bbox 420 1491 554 1558; x_wconf 83' lang='lat' dir='ltr'><strong>corporo</strong></span> <span class='ocrx_word' id='word_1_99' title='bbox 569 1481 602 1534; x_wconf 83' lang='lat' dir='ltr'><strong>et</strong></span> <span class='ocrx_word' id='word_1_100' title='bbox 616 1470 741 1558; x_wconf 87' lang='lat' dir='ltr'><strong>spiritu.</strong></span> <span class='ocrx_word' id='word_1_101' title='bbox 757 1467 870 1535; x_wconf 72' lang='lat' dir='ltr'><strong>Ambus</strong></span> <span class='ocrx_word' id='word_1_102' title='bbox 884 1468 970 1534; x_wconf 86' lang='lat' dir='ltr'><strong>enim</strong></span> <span class='ocrx_word' id='word_1_103' title='bbox 985 1480 1057 1534; x_wconf 89' lang='lat' dir='ltr'><strong>sunt</strong></span> <span class='ocrx_word' id='word_1_104' title='bbox 1069 1479 1156 1534; x_wconf 75' lang='lat' dir='ltr'><strong>orso</strong></span> 
     </span>
     <span class='ocr_line' id='line_1_13' title="bbox 150 1574 1073 1666; baseline -0.004 -23"><span class='ocrx_word' id='word_1_105' title='bbox 150 1579 184 1644; x_wconf 92' lang='lat' dir='ltr'><strong>iu</strong></span> <span class='ocrx_word' id='word_1_106' title='bbox 199 1578 337 1646; x_wconf 89' lang='lat' dir='ltr'><strong>Domino</strong></span> <span class='ocrx_word' id='word_1_107' title='bbox 357 1601 366 1646; x_wconf 72' lang='grc' dir='ltr'><em>τ</em></span> <span class='ocrx_word' id='word_1_108' title='bbox 382 1576 452 1643; x_wconf 85' lang='lat' dir='ltr'><strong>haeo</strong></span> <span class='ocrx_word' id='word_1_109' title='bbox 469 1575 599 1666; x_wconf 83' lang='lat' dir='ltr'><strong>quidam</strong></span> <span class='ocrx_word' id='word_1_110' title='bbox 617 1587 653 1642; x_wconf 91' lang='lat' dir='ltr'><strong>ut</strong></span> <span class='ocrx_word' id='word_1_111' title='bbox 667 1600 759 1654; x_wconf 81' lang='lat' dir='ltr'><strong>uxor,</strong></span> <span class='ocrx_word' id='word_1_112' title='bbox 776 1574 828 1642; x_wconf 82' lang='lat' dir='ltr'><strong>iila</strong></span> <span class='ocrx_word' id='word_1_113' title='bbox 844 1599 920 1644; x_wconf 83' lang='lat' dir='ltr'><strong>voro</strong></span> <span class='ocrx_word' id='word_1_114' title='bbox 931 1589 966 1641; x_wconf 86' lang='lat' dir='ltr'><strong>ut</strong></span> <span class='ocrx_word' id='word_1_115' title='bbox 982 1577 1073 1664; x_wconf 78' lang='lat' dir='ltr'><strong>virgo.</strong></span> 
     </span>
    </p>
   </div>
   <div class='ocr_carea' id='block_1_6' title="bbox 151 1711 1154 1958">
    <p class='ocr_par' dir='ltr' id='par_1_6' title="bbox 151 1711 1154 1958">
     <span class='ocr_line' id='line_1_14' title="bbox 153 1711 1154 1840; baseline -0.008 -24"><span class='ocrx_word' id='word_1_116' title='bbox 153 1711 158 1728; x_wconf 41' lang='grc' dir='ltr'>Ι</span> <span class='ocrx_word' id='word_1_117' title='bbox 199 1745 248 1816; x_wconf 78' lang='lat'><strong>6⁰.</strong></span> <span class='ocrx_word' id='word_1_118' title='bbox 273 1742 468 1816; x_wconf 83' lang='lat' dir='ltr'><strong>Laudanda</strong></span> <span class='ocrx_word' id='word_1_119' title='bbox 511 1739 745 1814; x_wconf 86' lang='lat' dir='ltr'><strong>nihilominus</strong></span> <span class='ocrx_word' id='word_1_120' title='bbox 776 1757 812 1814; x_wconf 85' lang='lat' dir='ltr'><strong>et</strong></span> <span class='ocrx_word' id='word_1_121' title='bbox 839 1741 986 1840; x_wconf 87' lang='lat' dir='ltr'><strong>quidem</strong></span> <span class='ocrx_word' id='word_1_122' title='bbox 1012 1745 1154 1840; x_wconf 81' lang='lat' dir='ltr'><strong>prmu&#39;poe</strong></span> 
     </span>
     <span class='ocr_line' id='line_1_15' title="bbox 151 1845 424 1958; baseline -0.011 -26"><span class='ocrx_word' id='word_1_123' title='bbox 151 1845 380 1958; x_wconf 66' lang='lat' dir='ltr'><strong>monogamis</strong></span> <span class='ocrx_word' id='word_1_124' title='bbox 389 1867 399 1903; x_wconf 84' lang='lat'><strong>¹</strong></span> <span class='ocrx_word' id='word_1_125' title='bbox 416 1886 424 1929; x_wconf 79' lang='grc' dir='ltr'><strong>ι</strong></span> 
     </span>
    </p>
   </div>
   <div class='ocr_carea' id='block_1_7' title="bbox 152 1995 1153 2211">
    <p class='ocr_par' dir='ltr' id='par_1_7' title="bbox 152 1995 1153 2211">
     <span class='ocr_line' id='line_1_16' title="bbox 195 1995 1153 2104; baseline -0.013 -19"><span class='ocrx_word' id='word_1_126' title='bbox 195 2014 246 2086; x_wconf 79' lang='lat' dir='ltr'><strong>td</strong></span> <span class='ocrx_word' id='word_1_127' title='bbox 267 2037 321 2080; x_wconf 83' lang='lat' dir='ltr'><strong>aos</strong></span> <span class='ocrx_word' id='word_1_128' title='bbox 344 1995 451 2080; x_wconf 85' lang='lat' dir='ltr'><strong>autom</strong></span> <span class='ocrx_word' id='word_1_129' title='bbox 474 2011 597 2104; x_wconf 88' lang='lat' dir='ltr'><strong>podoro</strong></span> <span class='ocrx_word' id='word_1_130' title='bbox 620 2011 802 2080; x_wconf 81' lang='lat' dir='ltr'><strong>afficiendos</strong></span> <span class='ocrx_word' id='word_1_131' title='bbox 825 2024 858 2078; x_wconf 85' lang='lat' dir='ltr'><strong>et</strong></span> <span class='ocrx_word' id='word_1_132' title='bbox 876 2008 1153 2101; x_wconf 81' lang='lat' dir='ltr'><strong>reprimendos,qni</strong></span> 
     </span>
     <span class='ocr_line' id='line_1_17' title="bbox 152 2111 1151 2211; baseline -0.008 -24"><span class='ocrx_word' id='word_1_133' title='bbox 152 2133 226 2187; x_wconf 88' lang='lat' dir='ltr'><strong>sunt</strong></span> <span class='ocrx_word' id='word_1_134' title='bbox 246 2119 402 2211; x_wconf 81' lang='lat' dir='ltr'><strong>proclivos</strong></span> <span class='ocrx_word' id='word_1_135' title='bbox 423 2121 464 2188; x_wconf 86' lang='lat' dir='ltr'><strong>od</strong></span> <span class='ocrx_word' id='word_1_136' title='bbox 486 2121 640 2186; x_wconf 81' lang='lat' dir='ltr'><strong>secundas</strong></span> <span class='ocrx_word' id='word_1_137' title='bbox 663 2120 809 2210; x_wconf 84' lang='lat' dir='ltr'><strong>nuptias,</strong></span> <span class='ocrx_word' id='word_1_138' title='bbox 842 2131 915 2209; x_wconf 84' lang='lat' dir='ltr'><strong>opto</strong></span> <span class='ocrx_word' id='word_1_139' title='bbox 936 2116 1088 2208; x_wconf 84' lang='lat' dir='ltr'><strong>Apostolus</strong></span> <span class='ocrx_word' id='word_1_140' title='bbox 1103 2111 1151 2180; x_wconf 74' lang='lat' dir='ltr'><strong>dtu</strong></span> 
     </span>
    </p>
   </div>
   <div class='ocr_carea' id='block_1_8' title="bbox 47 2228 1150 2320">
    <p class='ocr_par' dir='ltr' id='par_1_8' title="bbox 47 2228 1150 2320">
     <span class='ocr_line' id='line_1_18' title="bbox 47 2228 1150 2320; baseline -0.021 -20"><span class='ocrx_word' id='word_1_141' title='bbox 47 2235 51 2241; x_wconf 79' lang='grc'><strong>’</strong></span> <span class='ocrx_word' id='word_1_142' title='bbox 108 2261 109 2265; x_wconf 59' lang='grc'>’</span> <span class='ocrx_word' id='word_1_143' title='bbox 152 2229 292 2320; x_wconf 82' lang='lat' dir='ltr'><strong>quodam</strong></span> <span class='ocrx_word' id='word_1_144' title='bbox 303 2241 380 2295; x_wconf 93' lang='lat' dir='ltr'><strong>tono</strong></span> <span class='ocrx_word' id='word_1_145' title='bbox 391 2228 571 2318; x_wconf 81' lang='lat' dir='ltr'><strong>oloquitor3</strong></span> <span class='ocrx_word' id='word_1_146' title='bbox 590 2229 692 2319; x_wconf 78' lang='lat' dir='ltr'><strong>inipuit</strong></span> <span class='ocrx_word' id='word_1_147' title='bbox 704 2229 808 2294; x_wconf 81' lang='lat' dir='ltr'><strong>euim:</strong></span> <span class='ocrx_word' id='word_1_148' title='bbox 828 2229 951 2304; x_wconf 70' lang='lat' dir='ltr'><strong>«Eece,</strong></span> <span class='ocrx_word' id='word_1_149' title='bbox 968 2249 1051 2292; x_wconf 68' lang='lat' dir='ltr'><strong>omne</strong></span> <span class='ocrx_word' id='word_1_150' title='bbox 1063 2243 1150 2313; x_wconf 54' lang='lat' dir='ltr'><strong>pem</strong></span> 
     </span>
    </p>
   </div>
   <div class='ocr_carea' id='block_1_9' title="bbox 94 2333 1148 3510">
    <p class='ocr_par' dir='ltr' id='par_1_9' title="bbox 94 2333 1148 3510">
     <span class='ocr_line' id='line_1_19' title="bbox 152 2333 1148 2429; baseline -0.006 -29"><span class='ocrx_word' id='word_1_151' title='bbox 152 2351 245 2404; x_wconf 73' lang='lat' dir='ltr'><strong>stum</strong></span> <span class='ocrx_word' id='word_1_152' title='bbox 257 2351 305 2404; x_wconf 87' lang='lat' dir='ltr'><strong>est</strong></span> <span class='ocrx_word' id='word_1_153' title='bbox 319 2351 407 2406; x_wconf 83' lang='lat' dir='ltr'><strong>extra</strong></span> <span class='ocrx_word' id='word_1_154' title='bbox 423 2361 539 2429; x_wconf 86' lang='lat' dir='ltr'><strong>oorpus</strong></span> <span class='ocrx_word' id='word_1_155' title='bbox 555 2338 631 2426; x_wconf 89' lang='lat' dir='ltr'><strong>:qni</strong></span> <span class='ocrx_word' id='word_1_156' title='bbox 648 2349 754 2404; x_wconf 84' lang='lat' dir='ltr'><strong>autam</strong></span> <span class='ocrx_word' id='word_1_157' title='bbox 768 2337 961 2418; x_wconf 85' lang='lat' dir='ltr'><strong>fornicatur,</strong></span> <span class='ocrx_word' id='word_1_158' title='bbox 977 2337 1007 2400; x_wconf 90' lang='lat' dir='ltr'><strong>in</strong></span> <span class='ocrx_word' id='word_1_159' title='bbox 1020 2333 1148 2423; x_wconf 80' lang='lat' dir='ltr'><strong>proprium</strong></span> 
     </span>
     <span class='ocr_line' id='line_1_20' title="bbox 153 2437 1148 2537; baseline -0.007 -29"><span class='ocrx_word' id='word_1_160' title='bbox 153 2469 292 2536; x_wconf 78' lang='lat' dir='ltr'><strong>»corpus</strong></span> <span class='ocrx_word' id='word_1_161' title='bbox 308 2445 481 2537; x_wconf 73' lang='lat' dir='ltr'><strong>peccat‘.»</strong></span> <span class='ocrx_word' id='word_1_162' title='bbox 505 2447 539 2512; x_wconf 88' lang='lat' dir='ltr'><strong>Si</strong></span> <span class='ocrx_word' id='word_1_163' title='bbox 560 2446 630 2537; x_wconf 86' lang='lat' dir='ltr'><strong>quis</strong></span> <span class='ocrx_word' id='word_1_164' title='bbox 651 2457 756 2512; x_wconf 85' lang='lat' dir='ltr'><strong>autom</strong></span> <span class='ocrx_word' id='word_1_165' title='bbox 777 2444 1010 2511; x_wconf 86' lang='lat' dir='ltr'><strong>matrimonium</strong></span> <span class='ocrx_word' id='word_1_166' title='bbox 1026 2437 1148 2508; x_wconf 69' lang='lat' dir='ltr'><strong>sodod-</strong></span> 
     </span>
     <span class='ocr_line' id='line_1_21' title="bbox 153 2551 1146 2643; baseline -0.005 -21"><span class='ocrx_word' id='word_1_167' title='bbox 153 2567 227 2622; x_wconf 79' lang='lat' dir='ltr'><strong>&#39;osro</strong></span> <span class='ocrx_word' id='word_1_168' title='bbox 238 2556 499 2633; x_wconf 80' lang='lat' dir='ltr'><strong>fornicationem,</strong></span> <span class='ocrx_word' id='word_1_169' title='bbox 517 2579 626 2622; x_wconf 81' lang='lat' dir='ltr'><strong>rursus</strong></span> <span class='ocrx_word' id='word_1_170' title='bbox 637 2605 647 2630; x_wconf 99' lang='lat'><strong>,</strong></span> <span class='ocrx_word' id='word_1_171' title='bbox 660 2555 777 2643; x_wconf 75' lang='lat' dir='ltr'><strong>Legem</strong></span> <span class='ocrx_word' id='word_1_172' title='bbox 788 2565 821 2620; x_wconf 79' lang='lat' dir='ltr'><strong>et</strong></span> <span class='ocrx_word' id='word_1_173' title='bbox 836 2554 1004 2619; x_wconf 89' lang='lat' dir='ltr'><strong>Dominum</strong></span> <span class='ocrx_word' id='word_1_174' title='bbox 1014 2551 1146 2617; x_wconf 76' lang='lat' dir='ltr'><strong>insectus,</strong></span> 
     </span>
     <span class='ocr_line' id='line_1_22' title="bbox 153 2652 1146 2752; baseline -0.01 -24"><span class='ocrx_word' id='word_1_175' title='bbox 153 2660 331 2728; x_wconf 78' lang='lat' dir='ltr'><strong>maledictis</strong></span> <span class='ocrx_word' id='word_1_176' title='bbox 348 2663 482 2752; x_wconf 81' lang='lat' dir='ltr'><strong>impetit.</strong></span> <span class='ocrx_word' id='word_1_177' title='bbox 504 2661 783 2744; x_wconf 80' lang='lat' dir='ltr'><strong>Quemadmodum</strong></span> <span class='ocrx_word' id='word_1_178' title='bbox 804 2661 891 2727; x_wconf 81' lang='lat' dir='ltr'><strong>enim</strong></span> <span class='ocrx_word' id='word_1_179' title='bbox 915 2658 1031 2726; x_wconf 81' lang='lat' dir='ltr'><strong>avaritia</strong></span> <span class='ocrx_word' id='word_1_180' title='bbox 1043 2652 1146 2742; x_wconf 75' lang='lat' dir='ltr'><strong>otpinn</strong></span> 
     </span>
     <span class='ocr_line' id='line_1_23' title="bbox 94 2765 1145 2860; baseline -0.01 -22"><span class='ocrx_word' id='word_1_181' title='bbox 94 2843 101 2848; x_wconf 25' lang='lat'><em>⁶</em></span> <span class='ocrx_word' id='word_1_182' title='bbox 152 2771 293 2838; x_wconf 81' lang='lat' dir='ltr'><strong>habendi</strong></span> <span class='ocrx_word' id='word_1_183' title='bbox 316 2771 472 2860; x_wconf 87' lang='lat' dir='ltr'><strong>cupiditas</strong></span> <span class='ocrx_word' id='word_1_184' title='bbox 500 2771 618 2837; x_wconf 85' lang='lat' dir='ltr'><strong>dicitur</strong></span> <span class='ocrx_word' id='word_1_185' title='bbox 646 2769 834 2846; x_wconf 80' lang='lat' dir='ltr'><strong>fornicatio,</strong></span> <span class='ocrx_word' id='word_1_186' title='bbox 860 2781 894 2834; x_wconf 88' lang='lat' dir='ltr'><strong>ut</strong></span> <span class='ocrx_word' id='word_1_187' title='bbox 919 2791 987 2859; x_wconf 85' lang='lat' dir='ltr'><strong>quae</strong></span> <span class='ocrx_word' id='word_1_188' title='bbox 1008 2765 1145 2832; x_wconf 74' lang='lat' dir='ltr'><strong>adversetur</strong></span> 
     </span>
     <span class='ocr_line' id='line_1_24' title="bbox 153 2867 1144 2968; baseline -0.014 -23"><span class='ocrx_word' id='word_1_189' title='bbox 153 2877 374 2956; x_wconf 80' lang='lat' dir='ltr'><strong>sufficientiae,</strong></span> <span class='ocrx_word' id='word_1_190' title='bbox 395 2891 428 2968; x_wconf 81' lang='lat' dir='ltr'><strong>ot</strong></span> <span class='ocrx_word' id='word_1_191' title='bbox 447 2891 482 2944; x_wconf 91' lang='lat' dir='ltr'><strong>nt</strong></span> <span class='ocrx_word' id='word_1_192' title='bbox 498 2877 674 2944; x_wconf 86' lang='lat' dir='ltr'><strong>idololatria</strong></span> <span class='ocrx_word' id='word_1_193' title='bbox 689 2889 736 2943; x_wconf 82' lang='lat' dir='ltr'><strong>ost</strong></span> <span class='ocrx_word' id='word_1_194' title='bbox 751 2901 790 2943; x_wconf 86' lang='lat' dir='ltr'><strong>ex</strong></span> <span class='ocrx_word' id='word_1_195' title='bbox 801 2900 868 2942; x_wconf 91' lang='lat' dir='ltr'><strong>uno</strong></span> <span class='ocrx_word' id='word_1_196' title='bbox 883 2877 915 2941; x_wconf 87' lang='lat' dir='ltr'><strong>in</strong></span> <span class='ocrx_word' id='word_1_197' title='bbox 931 2873 1036 2943; x_wconf 87' lang='lat' dir='ltr'><strong>multos</strong></span> <span class='ocrx_word' id='word_1_198' title='bbox 1044 2867 1144 2936; x_wconf 81' lang='lat' dir='ltr'><strong>Deids·</strong></span> 
     </span>
     <span class='ocr_line' id='line_1_25' title="bbox 152 2980 1144 3071; baseline -0.009 -19"><span class='ocrx_word' id='word_1_199' title='bbox 152 2988 287 3056; x_wconf 89' lang='lat' dir='ltr'><strong>tributio</strong></span> <span class='ocrx_word' id='word_1_200' title='bbox 302 3011 310 3053; x_wconf 75' lang='grc' dir='ltr'><strong><em>ε</em></strong></span> <span class='ocrx_word' id='word_1_201' title='bbox 328 2989 371 3054; x_wconf 87' lang='lat' dir='ltr'><strong>ita</strong></span> <span class='ocrx_word' id='word_1_202' title='bbox 386 2989 554 3054; x_wconf 79' lang='lat' dir='ltr'><strong>fornicatio</strong></span> <span class='ocrx_word' id='word_1_203' title='bbox 565 2999 613 3053; x_wconf 85' lang='lat' dir='ltr'><strong>ost</strong></span> <span class='ocrx_word' id='word_1_204' title='bbox 625 2989 666 3054; x_wconf 92' lang='lat' dir='ltr'><strong>ab</strong></span> <span class='ocrx_word' id='word_1_205' title='bbox 679 3010 742 3051; x_wconf 90' lang='lat' dir='ltr'><strong>uno</strong></span> <span class='ocrx_word' id='word_1_206' title='bbox 754 2985 958 3051; x_wconf 88' lang='lat' dir='ltr'><strong>matrimonio</strong></span> <span class='ocrx_word' id='word_1_207' title='bbox 970 2980 1144 3071; x_wconf 78' lang='lat' dir='ltr'><strong>adpiuraprr</strong></span> 
     </span>
     <span class='ocr_line' id='line_1_26' title="bbox 107 3079 1142 3188; baseline -0.015 -26"><span class='ocrx_word' id='word_1_208' title='bbox 107 3143 110 3148; x_wconf 87' lang='lat'><em>-</em></span> <span class='ocrx_word' id='word_1_209' title='bbox 153 3095 264 3188; x_wconf 85' lang='lat' dir='ltr'><strong>lapsio.</strong></span> <span class='ocrx_word' id='word_1_210' title='bbox 282 3095 398 3163; x_wconf 84' lang='lat' dir='ltr'><strong>Tribus</strong></span> <span class='ocrx_word' id='word_1_211' title='bbox 413 3097 498 3164; x_wconf 78' lang='lat' dir='ltr'><strong>enim</strong></span> <span class='ocrx_word' id='word_1_212' title='bbox 514 3095 636 3171; x_wconf 87' lang='lat' dir='ltr'><strong>modis,</strong></span> <span class='ocrx_word' id='word_1_213' title='bbox 653 3107 689 3159; x_wconf 89' lang='lat' dir='ltr'><strong>ut</strong></span> <span class='ocrx_word' id='word_1_214' title='bbox 704 3093 857 3170; x_wconf 87' lang='lat' dir='ltr'><strong>diximus,</strong></span> <span class='ocrx_word' id='word_1_215' title='bbox 874 3091 1032 3159; x_wconf 83' lang='lat' dir='ltr'><strong>fornicatio</strong></span> <span class='ocrx_word' id='word_1_216' title='bbox 1042 3099 1066 3152; x_wconf 79' lang='lat' dir='ltr'><strong>at</strong></span> <span class='ocrx_word' id='word_1_217' title='bbox 1078 3079 1142 3151; x_wconf 88' lang='lat' dir='ltr'><strong>adui-</strong></span> 
     </span>
     <span class='ocr_line' id='line_1_27' title="bbox 155 3191 1139 3293; baseline -0.008 -25"><span class='ocrx_word' id='word_1_218' title='bbox 155 3206 272 3271; x_wconf 83' lang='lat' dir='ltr'><strong>terium</strong></span> <span class='ocrx_word' id='word_1_219' title='bbox 292 3207 428 3271; x_wconf 89' lang='lat' dir='ltr'><strong>sumitur</strong></span> <span class='ocrx_word' id='word_1_220' title='bbox 451 3204 535 3293; x_wconf 86' lang='lat' dir='ltr'><strong>apud</strong></span> <span class='ocrx_word' id='word_1_221' title='bbox 557 3202 754 3292; x_wconf 81' lang='lat' dir='ltr'><strong>Apostolum.</strong></span> <span class='ocrx_word' id='word_1_222' title='bbox 780 3202 828 3268; x_wconf 80' lang='lat' dir='ltr'><strong>Do</strong></span> <span class='ocrx_word' id='word_1_223' title='bbox 842 3200 893 3268; x_wconf 90' lang='lat' dir='ltr'><strong>his</strong></span> <span class='ocrx_word' id='word_1_224' title='bbox 915 3202 988 3267; x_wconf 87' lang='lat' dir='ltr'><strong>dicit</strong></span> <span class='ocrx_word' id='word_1_225' title='bbox 1007 3191 1139 3284; x_wconf 71' lang='lat' dir='ltr'><strong>Propheta:</strong></span> 
     </span>
     <span class='ocr_line' id='line_1_28' title="bbox 154 3297 1138 3380; baseline -0.013 -2"><span class='ocrx_word' id='word_1_226' title='bbox 154 3313 292 3380; x_wconf 83' lang='lat' dir='ltr'><strong>Peccatis</strong></span> <span class='ocrx_word' id='word_1_227' title='bbox 313 3315 418 3380; x_wconf 81' lang='lat' dir='ltr'><strong>vestris</strong></span> <span class='ocrx_word' id='word_1_228' title='bbox 435 3312 601 3379; x_wconf 77' lang='lat' dir='ltr'><strong>venundati</strong></span> <span class='ocrx_word' id='word_1_229' title='bbox 619 3310 721 3380; x_wconf 48' lang='lat' dir='ltr'><strong>estisfi</strong></span> <span class='ocrx_word' id='word_1_230' title='bbox 738 3313 777 3377; x_wconf 85' lang='lat' dir='ltr'><strong>Et</strong></span> <span class='ocrx_word' id='word_1_231' title='bbox 795 3333 927 3377; x_wconf 86' lang='lat' dir='ltr'><strong>rursus:</strong></span> <span class='ocrx_word' id='word_1_232' title='bbox 952 3311 1074 3376; x_wconf 75' lang='lat' dir='ltr'><strong>Pollutas</strong></span> <span class='ocrx_word' id='word_1_233' title='bbox 1090 3297 1138 3365; x_wconf 70' lang='lat' dir='ltr'><strong>esi!</strong></span> 
     </span>
     <span class='ocr_line' id='line_1_29' title="bbox 155 3417 1138 3510; baseline -0.001 -27"><span class='ocrx_word' id='word_1_234' title='bbox 155 3432 238 3486; x_wconf 64' lang='grc' dir='ltr'><strong>ἐοντα</strong></span> <span class='ocrx_word' id='word_1_235' title='bbox 260 3424 389 3488; x_wconf 80' lang='lat' dir='ltr'><strong>atiena:</strong></span> <span class='ocrx_word' id='word_1_236' title='bbox 416 3422 676 3510; x_wconf 85' lang='lat' dir='ltr'><strong>conjunctionem</strong></span> <span class='ocrx_word' id='word_1_237' title='bbox 696 3417 882 3487; x_wconf 78' lang='lat' dir='ltr'><strong>sceleratam</strong></span> <span class='ocrx_word' id='word_1_238' title='bbox 902 3418 1077 3487; x_wconf 78' lang='lat' dir='ltr'><strong>existimant,</strong></span> <span class='ocrx_word' id='word_1_239' title='bbox 1094 3424 1138 3496; x_wconf 54' lang='lat' dir='ltr'><strong>q&amp;</strong></span> 
     </span>
    </p>
   </div>
   <div class='ocr_carea' id='block_1_10' title="bbox 191 3549 608 3881">
    <p class='ocr_par' dir='ltr' id='par_1_10' title="bbox 193 3549 346 3614">
     <span class='ocr_line' id='line_1_30' title="bbox 193 3549 346 3614; baseline 0.02 -17"><span class='ocrx_word' id='word_1_240' title='bbox 193 3551 201 3573; x_wconf 93' lang='lat'><em>¹</em></span> <span class='ocrx_word' id='word_1_241' title='bbox 216 3551 273 3614; x_wconf 72' lang='lat' dir='ltr'><strong>rag.</strong></span> <span class='ocrx_word' id='word_1_242' title='bbox 286 3549 346 3602; x_wconf 83' lang='lat'>551.</span> 
     </span>
    </p>

    <p class='ocr_par' dir='ltr' id='par_1_11' title="bbox 193 3637 545 3702">
     <span class='ocr_line' id='line_1_31' title="bbox 193 3637 545 3702; baseline -0.006 -14"><span class='ocrx_word' id='word_1_243' title='bbox 193 3637 201 3660; x_wconf 89' lang='lat'><strong>¹</strong></span> <span class='ocrx_word' id='word_1_244' title='bbox 221 3641 301 3688; x_wconf 85' lang='lat' dir='ltr'><strong>1Cor.</strong></span> <span class='ocrx_word' id='word_1_245' title='bbox 317 3657 372 3697; x_wconf 83' lang='lat' dir='ltr'><strong>vu,</strong></span> <span class='ocrx_word' id='word_1_246' title='bbox 385 3638 433 3696; x_wconf 74' lang='lat'><strong>32,</strong></span> <span class='ocrx_word' id='word_1_247' title='bbox 450 3641 491 3702; x_wconf 78' lang='lat'><strong>33,</strong></span> <span class='ocrx_word' id='word_1_248' title='bbox 503 3638 545 3700; x_wconf 74' lang='grc'><strong>34.</strong></span> 
     </span>
    </p>

    <p class='ocr_par' dir='ltr' id='par_1_12' title="bbox 191 3726 433 3794">
     <span class='ocr_line' id='line_1_32' title="bbox 191 3726 433 3794; baseline 0.012 -18"><span class='ocrx_word' id='word_1_249' title='bbox 191 3729 199 3752; x_wconf 81' lang='lat'>⁸</span> <span class='ocrx_word' id='word_1_250' title='bbox 219 3731 275 3792; x_wconf 80' lang='lat' dir='ltr'><strong>Pog.</strong></span> <span class='ocrx_word' id='word_1_251' title='bbox 287 3726 334 3780; x_wconf 81' lang='lat'><strong>551</strong></span> <span class='ocrx_word' id='word_1_252' title='bbox 349 3740 433 3794; x_wconf 78' lang='lat' dir='ltr'><strong>etseq.</strong></span> 
     </span>
    </p>

    <p class='ocr_par' dir='ltr' id='par_1_13' title="bbox 192 3815 608 3881">
     <span class='ocr_line' id='line_1_33' title="bbox 192 3815 608 3881; baseline 0 -14"><span class='ocrx_word' id='word_1_253' title='bbox 192 3819 200 3840; x_wconf 81' lang='lat'><strong>⁴</strong></span> <span class='ocrx_word' id='word_1_254' title='bbox 216 3835 225 3867; x_wconf 92' lang='lat'>1</span> <span class='ocrx_word' id='word_1_255' title='bbox 240 3815 300 3869; x_wconf 85' lang='lat' dir='ltr'><strong>Cor.</strong></span> <span class='ocrx_word' id='word_1_256' title='bbox 314 3815 461 3881; x_wconf 85' lang='lat' dir='ltr'>v1‚18.——‘</span> <span class='ocrx_word' id='word_1_257' title='bbox 478 3820 568 3876; x_wconf 68' lang='lat' dir='ltr'><strong>latr,</strong></span> <span class='ocrx_word' id='word_1_258' title='bbox 588 3835 608 3867; x_wconf 88' lang='lat' dir='ltr'><strong>r.</strong></span> 
     </span>
    </p>
   </div>
   <div class='ocr_carea' id='block_1_11' title="bbox 0 0 1196 4592">
    <p class='ocr_par' dir='ltr' id='par_1_14' title="bbox 0 0 1196 4592">
     <span class='ocr_line' id='line_1_34' title="bbox 0 0 1196 4592; baseline 0 0"><span class='ocrx_word' id='word_1_259' title='bbox 0 0 1196 4592; x_wconf 95' lang='lat' dir='ltr'><strong> </strong></span> 
     </span>
    </p>
   </div>
  </div>
 </body>
</html>
