2478 4594
403 195 594 240 STBOHA'l'llU
618 195 678 238 ΗΒ.
705 195 734 237 V·

214 319 286 390 Vis,
302 334 364 376 non
379 335 442 376 uno
456 317 571 376 lumine
586 313 722 394 fulgens,

214 419 339 478 Circum
354 417 475 498 assiduo
490 416 622 480 volvitur
637 416 719 477 orbe.

36 573 102 640 llic
118 573 210 638 enim
222 595 260 636 ec
270 595 331 638 sese
342 584 461 648 mern,
480 571 636 637 artificem
648 568 849 637 Intellectum
860 569 995 636 vocavit.
1011 571 1093 652 Quse

37 693 244 769 sequuntur,
261 681 302 748 ed
315 681 476 746 mundum
495 672 681 768 pertinent,
699 680 732 744 in
748 701 811 766 quo
831 675 911 746 lucis
932 677 1029 746 etiem
1045 690 1095 745 est

18 808 22 845 t
36 781 318 877 tenebrarumque
333 787 514 858 conflictus.
534 785 689 854 Similiter
700 784 868 875 AEschylus
881 784 1094 876 Euphorionis

18 913 20 948 Ξ
36 895 150 976 lilius,
165 899 208 964 its
220 897 260 963 de
271 898 339 964 Deo
351 919 427 963 sene
438 919 534 986 quem
546 895 682 985 graviter
700 918 709 961 τ

147 1047 262 1118 AEtbcr,
281 1048 445 1125 solumque
456 1057 521 1118 est,
538 1057 628 1124 etque
641 1044 752 1107 celum
764 1047 898 1127 Jupiter,

153 1151 271 1210 Cuncta
286 1148 376 1208 simul
391 1147 474 1206 idem
489 1158 553 1224 est,
569 1149 667 1226 majus
679 1158 711 1206 et
724 1149 749 1207 si
763 1147 834 1224 quid
851 1165 952 1227 super.

18 1293 24 1324 ²
39 1285 216 1354 Platonem
232 1309 359 1375 quoque
374 1286 447 1352 novi
463 1286 580 1351 sentire
591 1309 668 1352 eum
680 1283 861 1362 Heraclito,
877 1284 965 1353 hunc
976 1286 1009 1359 in
1021 1309 1094 1351 mo-

18 1395 131 1469 quum
149 1395 305 1461 scribente
324 1419 332 1459 :
349 1394 471 1475 «Quod
500 1417 599 1461 unum
620 1394 743 1483 sopiens
767 1405 834 1470 est,
858 1393 963 1460 solum
986 1407 1093 1462 temen

18 1503 138 1583 adici
162 1527 225 1570 nou
246 1501 332 1581 vult,
351 1502 502 1591 idemque
521 1502 608 1570 lovis
624 1525 742 1570 nomen
758 1514 881 1569 emet.»
901 1503 1007 1593 Atque
1032 1505 1093 1570 ite-

18 1634 137 1693 3rum:
164 1612 251 1692 «Len
261 1622 327 1688 est,
345 1610 460 1699 inquit,
476 1610 572 1699 hujus
585 1611 678 1679 nnius
689 1633 801 1699 perere
814 1609 957 1677 consilio.
969 1613 1094 1692 »Quod

18 1721 65 1805 3si
82 1717 202 1785 altiore
222 1743 317 1785 sensu
340 1719 462 1785 (lictum
480 1717 559 1784 illud
580 1719 724 1806 accipere
748 1715 907 1792 volucris:
928 1717 993 1799 Qui
1007 1719 1094 1785 babet

38 1852 133 1894 aures
148 1827 296 1893 audiendi
308 1827 417 1894 audiat
427 1825 457 1904 ¹,
472 1826 517 1892 sic
531 1827 570 1892 ab
581 1826 719 1914 Ephesio
731 1824 921 1891 illustratum
935 1827 1092 1904 invenies,

18 2007 22 2024 ἡ
45 1938 144 2018 rQui
160 1936 248 2026 quod
264 1936 421 2011 audiunt,
442 1932 646 2023 intelligentie
661 1958 727 2000 non
744 1944 975 2020 assequuntur,
992 1935 1094 2002 surdis

18 2029 115 2128 Qsilli
128 2044 247 2112 similes
260 2056 335 2110 sunt
350 2067 358 2109 ε
373 2044 497 2132 inques
509 2043 619 2108 tritum
632 2039 711 2108 illud
723 2043 909 2118 conveniet,
922 2055 1093 2132 praesentes

18 2133 222 2220 'subesset
244 2153 328 2218 Num
342 2173 418 2218 vero
439 2151 628 2216 Graecorum
650 2150 746 2216 etium
770 2173 815 2226 ex,
829 2173 884 2216 ore
898 2151 1092 2240 Principium

33 2285 153 2328 unum
176 2259 289 2326 audire
310 2257 426 2347 gestis?
445 2257 573 2324 Testem
590 2257 674 2324 dabo
687 2256 843 2323 Timoeum
857 2257 996 2325 Locrum
1011 2311 1020 2336 ‚
1037 2261 1092 2349 qui

31 2368 135 2436 libr-o
159 2366 199 2432 de
220 2366 340 2437 Natura
355 2367 401 2432 sie
420 2366 461 2434 ed
483 2367 617 2432 verbum
632 2364 773 2454 loquitur
786 2389 794 2430 ε
806 2365 933 2431 «Unum
948 2367 1092 2435 omnium

32 2475 270 2567 ›principium
288 2486 356 2551 est,
380 2473 467 2562 quod
490 2486 563 2539 ortu
584 2485 695 2541 cenet:
713 2496 788 2539 nem
803 2473 829 2538 si
844 2471 971 2540 aliunde
985 2486 1092 2544 ortum
1151 2477 1152 2480 ’

34 2594 172 2660 nosset,
194 2581 387 2672 principium
409 2583 475 2670 jam
499 2601 564 2646 non
581 2592 682 2657 esset,
702 2581 759 2646 sed
781 2579 860 2648 illud
879 2582 984 2670 potius
1006 2584 1091 2650 unde

35 2703 180 2758 »ortum
190 2689 333 2755 baberet.
349 2716 362 2751 ι
380 2690 460 2770 Quae
471 2689 596 2780 opinio,
610 2711 685 2756 sane
697 2711 789 2767 sere,
801 2713 841 2756 ex
851 2689 937 2758 dicto
948 2689 1003 2758 illo
1014 2716 1087 2782 pro«

36 2801 132 2867 secta
147 2809 196 2865 est
212 2820 220 2864 ε
238 2795 367 2874 «Audi,
385 2795 500 2885 inquit,
520 2795 635 2875 lsrael,
647 2798 802 2868 Dominus
817 2798 902 2870 Deus
919 2811 992 2866 tuus
1007 2824 1090 2868 unus

36 2919 136 2985 sest,
155 2907 247 2997 eique
261 2903 319 2971 soli
335 2907 449 2973 servies
466 2904 490 2975 ².
508 2934 522 2969 ι
595 2937 598 2942 ·
628 2939 632 2946 -

149 3054 301 3113 Omnibus
318 3071 387 3113 ecce
403 3064 503 3135 petet,
521 3053 666 3132 nulloque
679 3073 781 3115 errore
795 3067 935 3133 regotur,

39 3205 82 3259 ut
107 3188 229 3279 Sibylla
246 3189 373 3256 cecinit.
397 3189 470 3257 Jam
490 3215 565 3257 vero
584 3192 709 3258 videtur
722 3193 880 3258 Homerus
897 3215 1023 3281 quoque
1039 3194 1089 3260 di-

40 3321 124 3369 cere
137 3299 264 3364 Patrem
277 3309 310 3363 et
323 3297 463 3376 Filium,
478 3322 536 3388 per
552 3312 677 3390 optem,
695 3312 731 3365 ut
744 3301 889 3377 videtur,
906 3299 1022 3368 borum
1038 3302 1087 3378 dt

35 3406 240 3477 vinctionem
253 3427 263 3471 t

150 3555 241 3614 Certe
255 3571 326 3613 cum
344 3553 426 3615 solus
436 3556 477 3614 sis
492 3556 554 3615 sim
568 3555 622 3615 tibi
639 3557 663 3616 si
678 3556 780 3616 efferet
792 3556 854 3616 Utis
868 3575 877 3627 ;

150 3654 241 3715 fleud
255 3657 370 3749 ratione
381 3667 471 3736 quent
480 3658 577 3737 lugiet
589 3657 714 3724 morbus
725 3660 743 3718 J
747 3658 812 3720 oris
827 3657 886 3720 ulls
894 3698 906 3734 ,

85 3813 95 3838 ¹
113 3819 174 3866 Luc.
189 3811 506 3880 xrv‚35.-⁸Dont.v1‚
525 3826 549 3879 4.
