2738 4628
453 303 600 348 ‚cerras
623 303 773 348 unaasas.
1096 287 1134 352 51

72 417 367 506 regenerationis,
387 427 560 506 postquam
576 414 677 482 linivit
695 414 799 481 lutum
818 439 915 507 super
932 419 1042 487 oeulos
1059 422 1143 510 ejus,

71 527 152 591 dixit
170 527 205 591 ei
229 549 239 590 ε
262 555 279 588 ι
297 525 391 591 Vade
405 525 440 592 in
456 525 588 600 Siloam,
604 539 636 590 et
651 523 771 591 lavare*
781 551 791 599 ς
810 526 931 593 »simul
951 541 984 595 et
1002 529 1142 617 plasma-

69 635 220 710 tionem,
233 648 269 701 et
279 659 358 702 eam
370 659 445 724 quae
456 647 504 702 est
523 659 580 724 per
592 633 753 704 lavacrum
765 637 1039 725 regenerationem
1053 641 1142 707 resti-

74 756 178 808 tuens
197 743 239 808 ei.
262 745 304 809 Et
325 754 463 831 propter
480 742 545 808 hoe
564 741 648 808 lotus
659 744 744 808 venit
756 744 878 820 ridens,
890 756 926 810 ut
937 757 969 812 et
980 771 1075 814 suum
1089 773 1143 816 eo-

81 866 257 942 gnoseeret
273 852 525 942 plasmatorem,
538 865 572 918 et
587 854 724 920 disceret
739 853 838 920 bomo
856 877 931 921 eum
942 859 997 946 qui
1009 858 1140 927 donarit

86 964 239 1030 eiritam.
568 976 571 984 ’

146 1073 308 1140 Excidunt
335 1074 447 1162 itaque
464 1086 498 1140 et
514 1073 547 1140 bi
566 1073 621 1162 qui
642 1100 660 1140 a
676 1074 846 1143 Valentino
877 1091 972 1157 sunt,
994 1080 1140 1150 dieentes

81 1203 151 1246 non
175 1205 217 1247 ex
237 1183 300 1249 bae
326 1195 415 1248 terra
437 1181 628 1271 plasmatum
649 1206 717 1248 esse
741 1183 919 1262 bominem,
935 1189 991 1255 sed
1005 1214 1022 1255 a
1037 1190 1137 1260 lluida

78 1293 218 1357 materia
234 1305 267 1358 et
287 1291 408 1358 effusa.
434 1292 558 1381 Exque
574 1292 660 1358 enim
675 1304 758 1358 terra
774 1273 930 1362 llominus
945 1297 973 1363 ei
989 1298 1137 1369 formarit

73 1399 208 1478 oeulos,
224 1423 266 1468 ex
281 1401 350 1468 bae
365 1401 574 1468 manifestum
589 1414 637 1468 est
657 1402 807 1490 quoniam
822 1415 855 1469 et
876 1405 915 1472 ab
940 1407 1030 1475 initio
1050 1410 1136 1500 plas-

71 1523 188 1578 matus
205 1522 255 1578 est
275 1511 390 1578 bomo.
417 1510 489 1578 Non
505 1512 590 1577 enim
607 1533 806 1599 consequens
822 1525 903 1590 erat,
920 1513 1047 1583 aliunde
1063 1521 1138 1609 qui-

72 1620 157 1686 dem
183 1621 313 1697 oculos,
337 1619 471 1686 aliunde
492 1633 599 1686 autem
623 1620 781 1711 reliquum
805 1645 922 1712 eorpus
942 1624 1136 1715 plasmatum

74 1753 152 1796 esse
170 1753 182 1795 ε
202 1729 483 1820 quemadmodum
498 1752 559 1794 nee
574 1752 772 1818 onnsequens
783 1743 844 1807 est,
857 1730 992 1800 alterurn
1005 1736 1136 1824 quidem

77 1863 221 1929 eorpus,
237 1840 378 1906 alterum
396 1861 472 1906 vero
487 1837 656 1926 plasmasse
671 1837 792 1904 oculos.
812 1839 878 1905 Sed
892 1841 978 1910 idem
994 1843 1060 1931 ipse
1079 1847 1134 1936 qui

83 1951 129 2014 ab
149 1950 243 2016 initio
260 1947 430 2040 plasmavit
446 1946 563 2023 Adam,
579 1969 654 2013 eum
669 1971 733 2036 quo
748 1960 782 2013 et
802 1945 994 2038 loquebatur
1013 1953 1132 2024 Pater:

102 2085 118 2118 ι
131 2059 300 2124 Faciamus
318 2057 484 2124 bominem
503 2056 680 2123 secundum
701 2057 873 2145 imaginem
895 2071 927 2126 et
948 2062 1134 2132 similitudi.

96 2191 204 2234 ‚nem
226 2167 428 2240 nostrm²32
451 2166 484 2231 in
508 2165 685 2230 novissimis
708 2167 905 2254 temporibus
926 2174 1133 2262 semetipsum

89 2277 301 2342 manikstsns
315 2275 508 2349 bominibus,
521 2273 551 2338 ei
567 2273 622 2359 qui
637 2274 675 2338 ab
693 2271 797 2338 Adam
814 2297 916 2342 eeeus
932 2291 1000 2344 erat
1018 2280 1134 2350 lorma·
1250 2297 1254 2310 '

85 2386 133 2450 rit
145 2387 311 2451 visionem.
326 2386 365 2449 Et
378 2393 511 2473 propter
522 2381 586 2446 boe
598 2379 778 2468 Scriptura,
794 2382 975 2470 signilicans
987 2391 1073 2475 quod
1087 2391 1134 2458 su·

83 2507 196 2560 turum
215 2506 299 2570 erat,
314 2495 374 2569 ait,
389 2489 580 2558 abscondito
595 2487 699 2556 Adam
718 2503 851 2579 propter
872 2492 1136 2576 inobedientiam,

81 2605 262 2671 Dominum
283 2607 409 2671 venisse
432 2625 562 2692 vespere
586 2601 738 2677 adeum,
764 2613 796 2666 et
818 2625 967 2672 evocasse
989 2629 1076 2686 eum,
1101 2623 1135 2680 et

81 2715 199 2781 dixisse
220 2716 251 2780 ei
275 2737 284 2780 :
303 2742 316 2773 ι
340 2713 402 2779 Ubi
424 2711 501 2778 es⁸l
523 2712 620 2776 »Hos
641 2723 701 2787 est,
726 2711 877 2797 quoniam
899 2713 932 2780 iu
954 2719 1131 2788 novissimis

80 2823 283 2912 temporibus
296 2823 441 2911 idipsum
450 2819 538 2908 'venit
552 2816 695 2886 Verbum
709 2818 768 2884 Dei
779 2820 935 2888 advocare
951 2825 1131 2908 bominem,

79 2955 380 2999 recommemorans
395 2951 582 3018 sumopere
598 2951 667 3004 sua,
681 2928 714 2993 in
730 2929 846 3016 quibus
862 2931 980 3022 degens
996 2939 1141 3032 abseon.¹

80 3043 168 3109 ditus
185 3043 291 3108 luerat
306 3043 462 3107 Domino.
478 3038 757 3120 Quemadmodum
774 3040 860 3106 enim
875 3053 955 3112 tune
969 3047 1011 3112 ad
1026 3047 1131 3118 eldam

83 3175 210 3242 respere
225 3151 360 3218 loeutus
375 3163 426 3216 est
441 3149 607 3238 exquirens
620 3145 709 3214 illum
721 3148 825 3222 Deus;
841 3149 887 3216 sic
902 3151 935 3216 in
951 3156 1134 3226 novissimis

81 3265 278 3354 temporibus
295 3285 358 3353 per
380 3260 529 3327 eamdem
547 3279 660 3325 roeem
679 3259 815 3326 visitarit
838 3262 1006 3349 exquirens
1029 3289 1132 3356 genus

84 3397 160 3461 rjus.

114 3529 124 3564 ι
141 3531 217 3583 Joau.
231 3547 269 3592 rx,
282 3547 307 3596 7.
321 3555 355 3566 -
366 3524 379 3560 ²
392 3525 487 3576 Gener.
495 3541 513 3583 ι,
525 3524 564 3573 ιδ.
575 3551 606 3561 -
617 3521 731 3573 ⁸Genrs.
740 3541 779 3583 ιιι,
790 3540 815 3588 9.
