2546 4614
182 265 248 342 tle
349 288 374 330 s.
401 267 718 330 nummicolam
743 283 895 331 aaaoaaa
918 286 964 331 ar
985 286 1126 332 mucia.

23 437 35 455 ·
180 401 274 479 δοιιι.
291 425 389 472 unam
402 419 437 472 et
450 404 597 492 mandem
614 425 674 493 per
688 416 862 492 utramque
877 403 1189 474 intelleetmlisasiua

180 535 261 582 mea
280 515 408 607 protero
426 515 661 608 eogitationem.
690 515 927 608 operationem
945 517 1023 605 ejus
1042 517 1194 584 mistmtm

180 627 360 699 naturalem
379 626 465 696 nalla
487 627 611 694 ntione
629 625 802 694 ostendens
828 649 904 694 eam
925 625 1041 716 lingua
1061 625 1108 694 uel
1125 651 1194 696 nam

180 737 368 806 naturaliter
380 751 496 812 ortam,
512 737 570 804 sed
583 759 645 804 nee
665 735 815 804 etteuam
833 759 952 804 mrum
974 736 1026 804 rel
1043 739 1197 806 tenna

179 848 364 936 gitationem
379 861 510 938 propter
524 847 595 936 ejus
613 871 654 914 ex
668 859 803 936 unaque
820 849 1127 918 manifestationn.
1142 849 1197 918 lie-

179 979 274 1044 guam
286 957 370 1024 euim
386 955 435 1024 vel
450 977 583 1024 manum
594 957 796 1046 cogitativam
813 959 985 1047 sapienter
999 962 1089 1027 norit
1105 985 1195 1028 nemo:

179 1065 260 1134 sieut
275 1091 336 1136 nee
346 1069 579 1136 sanctissimam
595 1067 654 1134 nat
672 1087 897 1156 earnem,pro
907 1093 952 1134 eo
965 1071 1056 1158 quod
1066 1083 1195 1160 anenata
1260 1147 1268 1171 .

176 1179 228 1252 sit.
240 1189 272 1244 et
289 1199 347 1267 per
361 1198 432 1246 οειιι
453 1175 560 1245 divina
576 1179 621 1245 sit
633 1179 777 1267 operatio
789 1175 879 1244 clara
897 1178 1034 1256 effecta,
1049 1183 1193 1248 malua

175 1297 322 1354 naturam
344 1288 563 1359 eoudtriuem.
589 1287 654 1354 Sed
682 1288 734 1377 pie
766 1287 950 1356 confitetur
976 1293 1116 1367 medas,
1136 1292 1188 1380 quit

172 1407 304 1487 propter
323 1399 459 1467 salutem
480 1412 633 1475 notham,
648 1409 734 1466 utut
750 1401 790 1466 ad
813 1401 1142 1470 inconversibilitatem
1156 1402 1184 1468 li

172 1519 261 1598 garet
280 1512 530 1588 universitatem,
549 1513 770 1578 universorum
790 1511 961 1580 Conditor
974 1537 1014 1580 eu
1027 1515 1179 1582 mutua

174 1641 300 1709 semper
314 1621 436 1711 virgine
449 1621 546 1688 llaria
565 1641 623 1710 per
640 1621 890 1711 eouoeptionem
914 1622 1103 1690 inridalilun
1115 1625 1169 1688 n'ar

173 1731 440 1800 conversibilitate
459 1733 672 1800 substantians
694 1732 823 1802 sihimet
843 1735 998 1802 animam
1018 1732 1170 1801 nausea

174 1841 239 1908 lem
251 1865 329 1910 xsuarm
340 1839 489 1912 sensitiva
502 1865 648 1933 uespere,
660 1855 774 1910 natura
790 1844 895 1912 laetas
910 1858 966 1912 est
979 1847 1075 1914 homo
1084 1843 1181 1913 mnia

172 1951 294 2020 alienus
307 1965 413 2022 :totus
425 1953 510 2022 Deus
524 1953 605 2045 ipse,
618 1965 703 2020 totus
718 1951 817 2022 homo
829 1954 921 2021 idem
932 1957 1016 2046 ipse,
1029 1969 1107 2023 totns
1117 1956 1185 2022 lleus

169 2065 289 2152 pariter
303 2075 416 2130 natura
430 2074 463 2130 et
483 2063 581 2130 homo
593 2059 680 2128 idem
700 2062 767 2150 ipse
786 2085 794 2125 :
813 2059 937 2129 deitate
955 2064 1188 2153 quieuere·

169 2199 228 2266 per
240 2199 330 2244 suam
345 2177 443 2268 ipsius
454 2163 683 2242 nudissimum
695 2162 826 2244 earnem
836 2197 905 2241 non
917 2178 1086 2246 existentia
1094 2189 1187 2246 natura

169 2287 272 2354 caruis
285 2309 431 2377 operans,
443 2283 640 2351 humanitate
654 2307 730 2348 vero
743 2283 884 2349 humana
897 2307 967 2350 non
980 2289 1188 2355 existentiam

167 2408 239 2462 tura
251 2395 385 2462 deitatis.
402 2393 451 2462 llil
464 2391 606 2460 divinum
621 2391 743 2458 nudum
760 2413 896 2481 corpore
915 2409 1083 2483 operatur,
1095 2397 1187 2466 nsshu

166 2527 297 2571 manum
308 2505 395 2570 idem
410 2505 476 2592 ipso
492 2501 648 2594 privatum
664 2501 826 2568 divinitate
841 2523 975 2592 gerens,
994 2531 1118 2576 servam
1130 2511 1184 2576 nti

164 2628 230 2682 met
245 2613 376 2682 modum
393 2611 569 2681 seeundum
585 2625 756 2702 utrumque
767 2609 1026 2694 immutabilem,
1042 2643 1173 2710 paruum

164 2736 311 2814 operatus
326 2736 375 2790 est
390 2736 524 2811 utraque
537 2721 662 2788 decenti
676 2743 779 2797 more,
789 2721 832 2788 ad
846 2727 1166 2818 approbationrnptr

163 2834 254 2900 lectae
272 2858 310 2901 ae
321 2857 415 2912 verae,
431 2829 572 2922 nihilque
587 2829 733 2896 habentis
751 2832 913 2919 pravitatis
931 2834 1177 2906 inhumanationis

106 2953 115 2967 “
162 2967 236 3010 suae.
252 2943 363 3034 ltaque
373 2941 456 3010 Bere
467 2937 597 3030 quidem
608 2940 655 3006 sio
666 2961 699 3004 se
710 2937 846 3017 hahens,
861 2953 899 3006 ut
915 2942 999 3022 dixi,
1014 2947 1180 3037 operadou'u

161 3053 299 3120 monade
312 3053 463 3120 deitatem
482 3049 599 3118 Christi
610 3060 643 3118 et
658 3048 893 3116 humanitatem
910 3055 1100 3122 natanalitn·
1108 3052 1183 3126 aad

161 3164 371 3240 confundens,
385 3175 417 3229 et
428 3163 566 3253 partiens
577 3157 798 3249 personaliter,
812 3161 958 3229 dissolvit
972 3167 1094 3234 vitam:
1108 3169 1185 3258 iguo

158 3291 232 3340 rans
255 3271 351 3340 solius
380 3282 491 3340 eontra
514 3267 707 3336 naturalium
736 3293 951 3360 personarum
986 3275 1186 3343 mnuatunlis

156 3379 327 3452 identitatis
342 3383 487 3454 eamdem
502 3381 602 3470 ipsam
617 3371 837 3469 operationem
853 3405 926 3451 esse
940 3385 1183 3477 significativam.

452 3667 926 3703 -------·-ι·ιιιιιιιι-----ἡ
