2614 4628
504 333 666 380 ouranos.
1054 315 1094 379 85

62 480 115 524 nas
131 455 332 527 terminum
347 455 402 543 qui
421 455 616 523 nativitatem
632 459 780 526 omnibus
797 469 936 548 prostat,
953 459 1012 525 sibi
1028 483 1098 548 per-

64 568 240 656 petuitatem
249 591 260 638 ;
281 567 339 653 qui
354 577 429 630 anta
442 567 597 634 mundum
613 569 708 635 suerit
723 571 783 635 sibi
799 570 866 658 ipsa
880 591 939 658 pro
956 570 1093 642 mundo;

65 679 113 765 qui
123 676 266 741 uniuersa
280 698 498 764 quacumque
509 689 596 754 sunt,
610 682 707 746 verbo
719 681 822 769 jubet,
835 680 958 745 rationo
973 680 1097 768 dispen-

68 799 122 864 sat,
135 789 244 852 virtuto
259 800 482 853 consummat.
501 789 561 854 Hic
575 813 637 856 nac
654 791 753 856 videri
771 801 886 879 potest,
902 791 970 855 visu
982 789 1099 855 clarior

72 897 561 986 ast;naecomp1·ehendipotast,
573 911 660 965 tuctu
673 901 851 989 puriorost;
866 923 925 966 nac
936 899 1095 976 aestimari,

72 1009 195 1073 sensibus
206 1009 323 1096 major
338 1020 401 1084 ast,
418 1008 571 1085 infinitus,
587 1011 773 1088 immensus,
790 1024 822 1077 at
833 1009 890 1077 soii
906 1011 977 1088 sihi,
991 1023 1097 1076 tantus

68 1133 188 1208 quantus
211 1131 279 1196 ost,
299 1131 400 1184 notus
416 1141 424 1182 τ
443 1121 534 1185 nobis
549 1143 624 1186 vero
639 1121 679 1186 ad
695 1120 892 1188 intellectum
913 1134 1023 1210 pectus
1038 1144 1092 1185 an·

71 1241 180 1318 gustum
191 1241 261 1303 ast;
281 1241 317 1294 at
330 1229 403 1294 ideo
417 1229 550 1295 siceum
564 1231 658 1320 digne
673 1233 878 1307 aestimamus,
891 1232 967 1296 dum
983 1231 1097 1297 inaesti-

70 1337 207 1404 mobilem
225 1337 381 1405 dicimus.
403 1337 543 1427 Eloquar
557 1341 827 1429 quamadmodum
844 1342 962 1406 santio:
980 1341 1098 1429 magni·

66 1449 201 1515 tudinem
219 1450 299 1526 Dei,
317 1450 372 1537 qui
388 1471 422 1516 su
436 1463 526 1538 putat
540 1473 645 1528 nossa,
663 1452 800 1517 minuit:
817 1451 947 1541 quinon
963 1449 1100 1530 vuitffimi·

64 1582 170 1634 unere,
190 1583 260 1626 non
284 1561 385 1626 novit.
405 1559 473 1626 Neo
498 1583 615 1628 noman
630 1561 698 1627 Deo
718 1585 855 1650 quaeras,
873 1562 959 1627 Deus
981 1583 1099 1626 nomen

65 1681 132 1734 ast:
153 1667 217 1736 illio
230 1667 398 1736 vocabulis
414 1693 493 1759 opus
516 1683 564 1736 ast
581 1694 656 1737 oum
671 1669 883 1760 persingulas
898 1670 1034 1760 propriis
1049 1691 1101 1756 ap

66 1777 273 1867 pollutionum
284 1779 462 1869 insignibus
479 1779 651 1846 multitudo
667 1781 843 1848 dirimenda
858 1792 906 1846 est
922 1803 930 1844 :
951 1779 1032 1854 Deo,
1046 1777 1101 1866 qui

69 1887 150 1954 solus
160 1903 221 1966 ast,
230 1891 289 1956 Dei
299 1889 494 1957 vocabulum
505 1902 609 1956 totum
620 1903 668 1958 ast
682 1915 690 1957 ε
701 1893 831 1980 quamsi
842 1904 967 1981 patrem
979 1891 1104 1966 dixero„

74 2010 234 2064 terrenum
255 2001 407 2088 opines-iss
432 2000 457 2065 si
474 2025 593 2091 ragom,
616 2000 775 2068 carnalem
791 2001 976 2092 suspicaris:
999 1999 1101 2066 sido-

81 2109 214 2185 minum‚
228 2109 373 2200 inteiligas
387 2111 496 2199 utiquo
510 2109 688 2176 mortalem.
706 2111 804 2178 Aufer
816 2109 1030 2176 additamenta
1046 2133 1102 2176 no·

80 2220 213 2296 minum,
228 2231 261 2285 et
270 2221 434 2310 perspicias
446 2223 515 2309 ojus
528 2219 715 2286 oiaritatam'.
734 2219 845 2300 Quid?
861 2221 1101 2307 quodomnium

78 2329 114 2396 da
136 2331 195 2396 isto
214 2331 316 2398 haheo
330 2330 547 2398 consensum?
563 2329 668 2397 tudio
691 2328 815 2420 vulgus,
835 2352 910 2396 oum
930 2329 971 2394 ad
985 2329 1104 2395 ooelum

73 2463 179 2508 manus
198 2441 349 2518 tendunt,
367 2440 446 2508 nihil
470 2440 555 2506 aliud
577 2463 675 2530 quam
693 2440 800 2504 Deum
816 2439 939 2513 dicunt,
955 2449 1000 2514 at,
1018 2439 1103 2504 Deua

70 2575 208 2642 magnus
228 2568 293 2628 est,·
317 2565 370 2628 et,
397 2553 487 2617 Dauo
504 2575 603 2618 uerus
620 2567 686 2630 est5
717 2564 762 2628 at,
790 2551 820 2615 si
845 2549 934 2614 Deus
962 2549 1099 2614 dederit.

68 2659 157 2752 vulgi
186 2661 247 2727 ista
269 2659 422 2728 natus-aiis
444 2685 548 2728 sermo
569 2674 630 2739 est,
654 2686 695 2728 an
722 2660 893 2727 Christiani
919 2657 1101 2725 confitentis

1 2859 2 2864 ἵ
66 2769 1100 2863 oratioi’EtquiJovemprinoipemvoiunt,fallunturinnomino‚

66 2885 118 2951 aad
134 2885 176 2951 da
192 2907 257 2950 una
273 2896 431 2974 potestate
446 2885 658 2950 consentiunt.

109 2995 190 3062 XIX
206 2994 315 3062 Audio
339 3001 450 3083 poiitas
466 3018 593 3084 quoquo
613 3017 713 3060 unum
735 3007 857 3084 patrem
883 2995 992 3060 divum
1008 3003 1104 3078 atquo

66 3108 235 3174 hominum
258 3105 481 3194 praedicantas‚
499 3117 530 3172 et
552 3104 648 3171 talam
663 3127 730 3170 assa
749 3103 932 3170 mortalium
948 3113 1102 3172 mentem,

64 3216 192 3309 qualem
214 3240 333 3308 parens
355 3216 501 3280 omnium
528 3215 614 3280 diem
640 3215 773 3280 duxerit.
805 3213 893 3294 Quid
915 3213 1104 3278 Mantuanus

62 3327 174 3400 Maro?
190 3350 302 3394 nonna
318 3323 473 3414 apertius,
489 3325 675 3414 proximius,
687 3323 812 3388 venitis?
828 3349 841 3382 a
856 3321 1026 3410 Principio,
1038 3319 1101 3386 ait,

63 3437 209 3506 »coeium
224 3450 258 3504 et
274 3451 377 3502 tomas
396 3453 427 3501 at
442 3451 557 3504 sutoro
575 3435 697 3500 mundi
709 3437 860 3498 mambra
878 3431 1004 3520 spiritus
1020 3429 1104 3495 intus

64 3580 77 3612 ι
93 3548 160 3626 alit,
178 3566 211 3615 et
231 3547 337 3614 infusa
359 3569 450 3612 mans
465 3547 559 3636 agitat
577 3569 585 3610 ε
603 3545 677 3612 inda
692 3543 860 3610 hominum
882 3541 1105 3630 pecudumque

65 3659 228 3751 »ganus‘‚
246 3688 259 3720 ι
279 3669 314 3723 et
332 3656 489 3745 quidquid
504 3655 588 3721 aiiud
607 3651 802 3721 animalium.
825 3651 914 3718 idem
934 3651 996 3717 alio
1015 3649 1101 3725 ioco,

66 3785 207 3840 mantem
220 3771 316 3836 istam
333 3785 365 3832 at
380 3767 525 3856 spiritum
537 3765 641 3833 Daum
653 3764 814 3837 nominat:
832 3762 900 3829 haec
910 3765 998 3827 anim
1009 3762 1104 3826 sorbo

68 3895 159 3948 sunt:
182 3909 194 3942 ι
210 3881 320 3950 Deum
337 3901 476 3964 namquo
491 3878 535 3944 iro
547 3901 605 3966 par
621 3898 730 3941 omnes
747 3885 906 3962 terrasque
924 3884 1105 3962 tractusque

100 4009 207 4074 attigit.
222 4009 327 4059 AEnsitt
345 4023 378 4063 n,
396 4005 449 4072 7²⁴·
