2452 4602
208 254 274 344 395
520 281 694 341 eumne
717 281 927 326 murmur

207 391 1194 490 Deindeinuugitundnrrrdardudelectaturinquamurrgu

209 518 283 570 rm
302 505 468 572 meir
485 506 725 596 propheticum,
746 507 826 574 dum
851 508 972 574 Aaron
992 503 1190 576 honorahr1u¹¹

208 611 346 702 Oportet
359 626 468 680 antem
480 638 556 680 eum
569 616 625 703 qui
637 639 656 680 a
678 613 858 704 Padrgogc
868 627 957 680 mete
978 613 1143 692 instituitur,
1158 639 1194 682 ru

206 745 376 812 perquem
390 724 628 812 paxhahitarit‚
643 725 740 791 etiam
754 723 915 813 cumpilis
930 725 993 792 suis
1006 749 1192 817 pacemrperu

209 831 296 910 Quid
311 855 376 899 non
393 833 490 922 igitur
503 833 689 900 admiserint
705 833 845 899 immine
859 832 902 900 ad
919 831 1079 900 libidinem
1094 857 1195 924 proper-

207 964 264 1017 n.
276 941 356 1008 dum
366 943 474 1010 rident
485 945 567 1010 riroe
583 943 656 1010 talia
667 943 807 1010 audere?
817 943 888 1009 lmo
901 967 976 1010 rero
989 944 1010 1009 ii
1025 967 1086 1010 nou
1097 943 1193 1022 rinnel

207 1050 305 1118 hatali
318 1065 351 1116 et
365 1052 529 1120 loerninelli
544 1053 673 1122 dicendi
686 1065 774 1130 suut,
790 1075 928 1143 qnorum
943 1075 1037 1119 voces
1055 1064 1120 1119 aunt
1134 1075 1193 1120 cou-

207 1185 322 1251 preese
337 1175 370 1228 et
386 1163 532 1252 graciles,
548 1165 643 1232 restis
660 1178 769 1230 autern
790 1187 866 1231 cnm
886 1174 989 1238 tactu,
1013 1175 1079 1230 turn
1097 1163 1193 1231 huuc

208 1272 275 1360 ipra
289 1284 338 1338 eet
350 1272 554 1340 ell'oemimta.
573 1274 621 1340 Ex
635 1273 778 1340 moribus
792 1283 901 1338 autem
917 1273 1056 1339 externis
1070 1285 1191 1361 apertear

207 1394 351 1470 gnuntur
363 1381 397 1448 hi
410 1382 570 1458 homines,
585 1409 626 1450 ex
639 1385 774 1461 amictu,
789 1381 947 1459 calceatu,
961 1382 1086 1458 hahitu,
1097 1384 1191 1458 luceru,

208 1505 317 1568 tonsu,
331 1503 484 1582 aspectu:
503 1521 518 1555 r
532 1495 580 1559 Ex
589 1505 719 1584 aspectu
735 1495 826 1558 enim
835 1492 883 1558 vir
893 1505 1110 1581 cognoscetur,
1123 1491 1200 1574 iord.

209 1629 225 1664 r
237 1602 428 1691 Scriptura,
447 1615 531 1670 etex
541 1627 678 1670 occursu
690 1603 827 1670 hominis
836 1602 935 1669 homo
950 1612 1135 1692 agnoscetur.
1143 1597 1192 1666 l'a·

208 1739 224 1774 r
236 1712 314 1778 titus
334 1712 406 1788 riri,
427 1725 462 1778 et
475 1735 599 1802 gressus
614 1712 718 1802 pedis,
732 1722 765 1777 et
784 1711 867 1777 risus
885 1710 1033 1777 dentium
1047 1709 1085 1775 de
1098 1711 1188 1797 ipsuu-

210 1822 426 1890 »nuntiabith
443 1853 458 1886 r
472 1825 498 1891 li
513 1825 612 1902 enim,
624 1825 684 1890 etei
697 1821 765 1890 aliie
776 1821 846 1912 pilis
861 1823 999 1889 maxime
1016 1822 1086 1888 cani
1098 1821 1186 1894 elate

208 1955 282 1999 rum
304 1934 358 2021 qui
378 1947 453 1999 eunt
471 1934 505 2000 in
528 1933 632 2022 capite
654 1931 855 1999 solummodo
877 1953 991 1998 curam
1014 1941 1118 2019 gerunt
1128 1926 1188 2000 rith,

208 2065 274 2110 non
288 2065 380 2108 saeue
394 2065 433 2109 ae
448 2042 598 2121 immine,
614 2065 722 2110 comae
741 2041 975 2132 propemodum
989 2039 1142 2130 alligante
1155 2036 1189 2104 ll·

208 2175 273 2242 que
286 2149 394 2220 leones
415 2153 546 2242 quidem
560 2153 602 2220 de
622 2153 714 2220 hirtis
737 2153 801 2219 suia
819 2151 891 2241 pilis
909 2174 944 2217 ee
965 2152 1101 2240 jactant:
1121 2145 1191 2214 seli

209 2265 375 2354 pugnacis
393 2278 569 2331 armantur.
583 2265 661 2354 Apri
679 2285 807 2352 quoque
822 2263 880 2352 ipsi
895 2262 1073 2352 gloriantur
1086 2253 1193 2350 jubent

210 2397 265 2440 eor
280 2374 351 2464 pilio
367 2375 621 2442 inhorrescentes
635 2375 866 2464 pertimescunt
880 2381 1060 2438 venatores.

307 2528 456 2605 lanigero}
467 2547 586 2606 quoque
597 2547 668 2586 oves
679 2503 770 2586 denso
781 2539 848 2584 sunt
861 2524 969 2584 vellere
980 2534 1089 2582 onustae
1100 2544 1107 2577 :

208 2679 295 2766 atqui
311 2703 423 2746 eorum
437 2703 565 2770 quoque
579 2679 660 2770 pilos
678 2677 897 2770 multiplicarit
919 2677 1077 2768 benignus
1093 2667 1193 2740 Paret

207 2800 350 2866 tuum‚o
370 2789 481 2869 homo,
503 2815 610 2869 usum,
627 2791 705 2856 dum
726 2803 758 2856 te
779 2787 893 2856 vellera
914 2789 1051 2855 tondere
1065 2777 1194 2854 docuirt

209 2923 248 2968 ex
261 2902 408 2991 gentihus
427 2903 558 2991 quidem
573 2901 655 2969 Galli
670 2915 705 2970 et
724 2900 851 2990 Scythae
867 2922 993 2969 comem
1015 2897 1150 2968 nutriunt,
1160 2881 1202 2955 tl.

208 3038 275 3082 non
289 3037 323 3080 se
337 3026 453 3080 ornant
470 3038 478 3080 :
496 3026 529 3080 et
547 3014 687 3082 terribile
709 3012 860 3103 quiddam
882 3033 948 3100 prae
970 3033 1006 3076 se
1027 3009 1085 3076 lert
1102 3005 1191 3071 densuu

208 3124 337 3190 barbari
351 3121 550 3212 capillitium‚
565 3137 598 3188 et
611 3121 711 3190 ssavus
726 3119 779 3188 ille
794 3118 882 3186 color
897 3116 1021 3185 bellum
1038 3115 1191 3186 minatum

209 3235 264 3324 qui
279 3233 423 3300 rideatur
436 3235 657 3323 cognationem
672 3233 791 3300 hahere
806 3253 881 3297 cum
903 3228 1066 3318 sanguine.
1082 3211 1191 3292 Amtoli

210 3346 336 3411 barbari
351 3343 459 3410 luxum
476 3345 550 3412 odio
563 3344 693 3412 hahent.
711 3345 846 3432 Apertos
862 3352 958 3406 testes
973 3339 1131 3430 proferent,
1141 3329 1191 3396 co-
1209 3287 1211 3358 l

210 3478 323 3522 manue
345 3455 474 3544 quidem
493 3453 655 3531 Rhenum,
675 3453 796 3542 Scytha
816 3475 892 3518 vero
914 3447 1097 3541 plaustrum.
1118 3437 1211 3521 Qut!

210 3587 307 3652 quam
334 3589 564 3654 nonnunquam
584 3584 712 3655 quoque
734 3562 839 3629 evenit
860 3572 897 3626 ut
923 3558 1045 3648 Scytha
1065 3519 1211 3664 plrulfflffl!

93 3655 97 3664 Ι
210 3685 395 3740 contemnat
413 3700 423 3740 τ
439 3677 553 3742 diritiae
569 3677 717 3750 barbaro,
734 3673 803 3762 ejus
818 3693 886 3737 esee
901 3669 1029 3738 videtur
1042 3654 1190 3754 magnitudo.
1209 3669 1211 3690 ¹

210 3794 245 3856 el
262 3779 381 3858 ‚relictis
397 3784 516 3852 deliciis
531 3787 629 3852 vitam
651 3784 714 3874 agit
735 3779 888 3872 frugalem
905 3803 913 3844 :
932 3779 1063 3864 domurn
1078 3767 1190 3841 sufficio
1209 3763 1211 3770 ’

1206 4171 1211 4280 r

1209 4361 1211 4400 l

1209 4409 1211 4444 l

246 3944 252 3977 ¹
267 3943 446 4008 Puni-crum,
461 3965 482 3996 a.
494 3945 544 3985 -2
556 3945 632 3997 Eccli.
646 3962 696 4006 m,
707 3962 745 4010 ²9,
759 3945 798 3994 50.
