2448 4610
378 269 628 316 irrorartortrs.
956 248 1018 325 485

6 399 77 460 spus
90 379 308 460 personarum,
323 399 423 457 quaero
435 399 472 438 an
485 385 549 438 Deo
560 379 686 458 placeat,
695 379 746 457 qui
759 393 874 436 omnem
887 377 1022 436 similitu-

5 471 96 530 linem
110 482 198 529 vetat
210 469 290 543 lieri,
303 483 411 547 quanto
425 470 515 547 magis
528 469 660 548 imaginis
673 472 772 528 suat»
783 469 924 547 Origenes
936 467 1023 550 opiam

5 583 20 620 ι.
38 581 81 632 rr,
99 559 173 618 adr.
192 560 268 619 Cels.
286 561 357 618 dicit
373 561 448 618 inter
464 560 581 619 Judaeos
602 559 712 620 nullum
732 560 819 619 luisse
835 584 847 611 ιι
866 559 1022 638 pictorem,

5 667 53 706 nec
69 649 275 724 statuarium,
291 649 402 728 legibus
418 661 513 708 totum
526 649 582 708 hoc
595 669 685 728 genus
699 649 879 722 arcentibus,
896 670 933 706 ne
953 668 1012 726 qua

5 740 119 798 nomio
141 742 319 796 Molohtn'oe
340 740 519 819 praeberetur
539 739 707 800 hominibus
730 740 868 798 crassis.»
888 738 923 796 Id
943 756 1021 814 prae-

4 847 49 887 rea
61 829 305 906 chrysostomus
319 829 457 902 affirmat,
471 829 544 888 alios
557 840 590 886 ut
606 841 785 908 praeteream.
800 833 1022 896 Verumtamen,

4 915 233 976 etnadmodum
250 917 358 976 ludaris
377 918 457 996 signa
478 932 507 977 et
527 918 667 996 imagines
683 919 715 977 in
732 917 842 996 templo
859 909 1021 975 Salomonis

4 1019 71 1078 ant,
90 1008 137 1066 ita
159 1028 218 1066 nec
237 1009 370 1086 praedicti
386 1014 486 1068 Patres
505 1029 539 1068 ea
557 1007 659 1068 illicita
674 1028 737 1068 esse
753 1005 922 1084 judicabant
939 1017 1022 1064 extra

4 1097 107 1156 riuum
134 1099 251 1157 cultum
276 1112 307 1158 et
328 1098 502 1158 idololatriae
522 1099 695 1177 periculum.
714 1099 842 1158 Proinde
864 1094 1022 1155 Tertullia-

2 1204 22 1243 Β
42 1198 204 1244 memorat
223 1190 355 1263 picturas
376 1190 496 1244 calicum
520 1204 687 1258 sacrorum,
707 1185 737 1244 in
763 1184 869 1262 quibus
890 1181 1021 1240 Christus

2 1276 101 1334 storis
120 1274 233 1333 habitu
248 1294 307 1335 una
325 1294 391 1334 cum
408 1295 463 1334 ove
481 1275 607 1353 insculpi
626 1272 753 1345 solebat,
776 1273 825 1331 lib.
845 1272 880 1330 de
897 1271 1020 1331 Pudicit.

2 1383 30 1444 p.
50 1384 101 1422 vu
125 1377 160 1423 et
176 1385 213 1423 x.
228 1369 267 1424 Et
282 1365 413 1424 Clemens
430 1364 528 1443 liguris
546 1364 636 1422 variis
650 1363 772 1422 annulos
788 1361 1019 1421 Christianorum

2 1452 90 1511 scribi
111 1454 266 1531 permittit
287 1455 399 1531 Paedag.
417 1453 468 1512 lib.
487 1473 545 1524 ιιι,
561 1471 624 1531 cap,
643 1473 685 1510 xr.
704 1458 770 1525 Qua
786 1447 1021 1528 vero‘patientia

2 1543 120 1602 ,Patres
139 1541 290 1617 ejusmodi
305 1542 404 1620 figuris
422 1542 552 1601 divinum
570 1541 678 1600 cultum
696 1540 856 1600 tribuentes
867 1558 917 1598 eos
931 1557 1019 1596 cons-

1 1628 126 1688 xissent
140 1631 197 1708 qui
212 1649 244 1688 se
257 1630 435 1690 Christianos
447 1630 639 1709 profitentur?

274 1811 410 1876 Artior.
440 1805 512 1899 (a),
540 1828 618 1900 pag.
647 1829 728 1898 29⁰·

10 2001 118 2070 Persa,
128 2017 243 2076 nempe
256 2001 376 2056 Xerxes.
386 1997 544 2055 Athenaeus
554 1994 606 2054 lib.
619 2015 681 2068 xiv,
689 2015 757 2074 cap.
769 2015 848 2054 rvru
861 2017 867 2052 :
880 1996 1019 2054 «Carica-

19 2114 23 2136 ι
40 2118 54 2138 ιι
77 2106 116 2145 ex
135 2086 236 2144 Attica
247 2103 381 2162 magnum
395 2085 521 2163 pretium
537 2084 601 2142 tuit.
612 2086 710 2142 Dinon
728 2086 759 2142 in
773 2084 893 2143 Persicis
906 2083 1020 2153 scribit,

38 2197 102 2236 nsae
131 2177 227 2253 regiae
248 2175 356 2252 apponi
371 2175 456 2232 solita
467 2174 595 2245 cibaria,
611 2174 806 2252 primitiarum
821 2176 923 2247 instar,
937 2167 1019 2253 ‹puae-

29 2289 127 2346 mque
141 2266 282 2343 regiones
291 2265 444 2343 proferunt
456 2264 518 2344 ejus
527 2265 633 2324 ditioni
643 2264 778 2338 subditae,
788 2266 940 2343 peregrino
949 2284 1020 2324 vero

16 2369 41 2414 ιι
54 2357 132 2416 cibo
147 2367 203 2414 aut
218 2367 291 2434 potu
305 2353 361 2413 sibi
376 2354 518 2414 utendum
529 2373 681 2432 nunquam
693 2373 775 2432 reges
794 2355 908 2434 priores
921 2355 1021 2413 existi-

0 2478 12 2499 ι
28 2492 29 2495 ,
68 2469 102 2520 e,
119 2445 316 2526 promulgato
330 2444 431 2503 de'illo
442 2445 575 2503 instituto
589 2457 691 2524 postea
702 2447 784 2523 lege:
802 2459 831 2504 at
843 2465 910 2504 cum
922 2463 959 2505 cx
971 2465 1022 2503 eu·

3 2539 104 2596 rolris
118 2536 250 2614 quidam
264 2537 342 2596 inter
360 2537 473 2614 reliqna
483 2535 604 2594 bellaria
619 2537 730 2596 caricas
744 2559 781 2596 ex
791 2537 882 2595 Attica
896 2537 957 2616 regi
968 2557 1022 2616 ap-

1 2658 26 2677 ‚.
49 2630 168 2700 uisset,
183 2638 388 2705 percontatum
404 2627 483 2685 unde
499 2639 607 2699 assent3
621 2625 673 2684 ubi
688 2630 804 2688 rescivit
819 2630 928 2687 Atticas
944 2648 1022 2700 esse,

9 2717 130 2776 etuisse
161 2726 314 2793 emptores
333 2732 431 2774 rerum
452 2716 483 2772 in
504 2718 569 2774 loro
588 2718 737 2776 renalium
755 2717 914 2796 quidquam
931 2737 967 2775 ex
985 2717 1021 2776 iis

8 2809 124 2869 samri
149 2809 201 2866 vel
216 2826 328 2879 emere,
342 2808 434 2867 donec
447 2807 502 2866 sibi
523 2821 634 2866 tantum
649 2822 797 2888 sumptum
812 2810 914 2868 suisset
927 2828 1022 2886 quan-

0 2918 53 2955 om
76 2897 187 2955 vellet.
206 2898 293 2954 Fama
313 2909 356 2955 est
373 2896 410 2955 ab
431 2897 564 2955 eunucho
580 2898 616 2956 de
638 2898 779 2958 industria
800 2900 828 2957 iel
849 2900 971 2972 lactum,
990 2910 1023 2956 ut

13 3038 14 3041 ,
25 2986 204 3066 peditionis
217 3005 315 3064 regem
327 2990 598 3060 commonefaceret,
610 3009 696 3066 quam
710 2989 872 3068 destinabat
883 2989 1023 3048 adversus

35 3094 232 3134 calenses.»

193 3223 199 3238 ι
284 3184 421 3252 Auctor.
447 3181 519 3274 (3),
546 3205 624 3278 pag.
654 3181 734 3253 382.

7 3367 80 3424 ttaec
99 3365 195 3422 lsaiae
212 3365 303 3423 verba
321 3385 379 3424 non
400 3367 437 3424 de
460 3367 592 3446 passione
610 3367 733 3440 Christi,
749 3366 798 3424 sed
813 3365 940 3424 naturali
954 3385 1022 3423 cor-

23 3453 49 3510 is
63 3451 252 3510 infirmitate
266 3455 496 3532 interpretantur
510 3476 574 3514 oum
590 3456 638 3514 alii
652 3461 763 3526 Patres,
780 3467 841 3512 tum
855 3457 941 3512 etiam
956 3454 1025 3514 Cle-

20 3572 24 3593 ι
50 3585 64 3614 ,
77 3548 273 3602 stromatum
289 3565 315 3602 11
331 3557 360 3602 et
373 3545 425 3604 lib.
443 3567 494 3604 111.
509 3546 717 3617 Tertullianus,
734 3545 770 3603 de
789 3545 938 3604 Idololatr.
960 3564 1023 3624 cap.

1 3637 46 3691 atr
65 3635 110 3692 de
129 3634 254 3693 Christo
275 3634 366 3694 dicit:
387 3661 399 3686 ιι
414 3637 519 3708 Vultu,
539 3637 680 3715 denique,
697 3649 725 3696 et
739 3648 856 3713 aspectu
870 3635 1023 3714 inglorius,

10 3723 72 3780 'cut
83 3723 197 3780 Esaias
208 3723 454 3798 pronuntiaverat.
467 3751 479 3778 ιι
492 3725 572 3783 Idem
587 3725 653 3784 adv.
668 3729 684 3782 J
687 3725 783 3784 udaeos
797 3745 858 3802 cap.
872 3745 943 3784 xrv:
957 3729 1025 3784 «Ne

1 3844 20 3859 ,ι
27 3823 125 3889 pectu
137 3808 260 3887 quidem
271 3809 417 3870 honestus.
429 3815 641 3872 Annuntiamus
650 3814 737 3886 enim,
746 3815 849 3891 inquit,
860 3814 896 3872 tle
905 3815 956 3874 illo
968 3814 1025 3873 sic-

4 3913 28 3958 ·t
44 3900 214 3980 puerulus,
228 3902 302 3962 sicut
315 3901 399 3963 radix
414 3903 443 3962 in
458 3917 534 3964 terra
549 3905 671 3979 sitienti,
684 3917 713 3965 et
729 3919 859 3966 nouerat
874 3908 900 3966 ci
913 3907 1025 3986 specics
