2412 4596
113 307 117 316 ¹
195 236 256 301 118
504 257 677 302 ιιιιιιιιιιι
702 255 913 302 ιιιιιιιιιιιιιιι

189 404 231 448 ne
247 381 519 458 condemnentur,
541 393 576 454 et
593 393 771 449 metuentes
793 387 834 450 ne
855 381 1010 472 supplicio
1031 381 1168 448 afficiantur.

192 489 365 572 Quomodo
381 489 477 557 etiam
492 511 543 556 res
557 501 605 556 est
616 488 727 566 libere,
742 490 984 580 intemperantia
998 502 1031 555 et
1045 491 1123 579 turpis
1132 513 1171 554 ιιι

189 598 266 665 moi
280 597 387 664 Omnis
401 598 480 662 enim
487 621 563 685 ,qut
558 597 693 684 pectet,
709 609 753 664 est
766 599 892 664 sersus¹
906 599 1029 688 ,inquit
1041 597 1193 722 Aposolns

191 706 255 772 Sed
270 705 430 793 quomodo
446 708 543 773 vitam
558 731 598 772 ex
612 706 704 774 Deo
695 708 849 784 sustituit,
865 709 921 796 qui
936 709 1068 796 seipsum
1081 669 1193 796 praluit

191 813 370 880 dedititium
389 815 489 880 cuivis
499 815 799 902 concupiscentiae?
818 839 894 882 cum
915 817 1026 881 dixerit
1042 817 1193 880 Dominus:

191 921 264 1009 Ego
277 934 375 1004 optem
390 921 477 999 dico,
494 947 531 988 ne
546 922 733 1008 concupiscas
746 921 768 988 ².
784 921 900 990 Vultne
920 936 1025 989 autem
1038 922 1129 1012 aliquis
1140 947 1172 988 sn

190 1041 302 1117 sponte
317 1053 471 1118 peccare,
487 1042 520 1096 et
535 1031 707 1096 decernere
727 1029 884 1114 adulteria¹
895 1054 964 1096 esse
979 1031 1171 1104 committenda,

190 1135 468 1226 voluptatibusque
484 1149 517 1204 et
539 1137 658 1205 deliciis
678 1161 711 1204 se
731 1137 945 1227 explendum,
964 1138 1172 1206 etaliorumsio

191 1243 283 1313 landa
299 1247 521 1322 matrimonia,
538 1270 613 1314 cum
629 1245 762 1312 aliorum
776 1247 890 1323 etiam,
904 1248 959 1334 qui
975 1248 1057 1314 insiti
1067 1260 1170 1337 peccant

190 1355 420 1420 misereamur?
433 1354 529 1436 Quod
547 1356 571 1420 si
588 1355 620 1420 in
636 1367 802 1422 externum
819 1356 979 1422 mundum
994 1357 1171 1442 venerint,pi

193 1463 225 1529 in
238 1461 341 1529 alieno
358 1486 423 1528 non
439 1463 556 1528 luerint
571 1461 699 1541 fideles,
716 1487 827 1530 verum
847 1487 911 1530 non
926 1463 1091 1531 habebunt.
1105 1461 1170 1529 iffi

193 1583 299 1638 autem
314 1570 430 1660 hospes
448 1570 558 1660 aliquis
577 1573 661 1638 cives
676 1571 889 1649 contumelia,
905 1584 939 1638 et
954 1573 999 1638 eis
1015 1553 1169 1660 injuriant

193 1680 256 1752 cit;
277 1693 310 1746 et
326 1703 391 1745 non
410 1681 514 1768 potius
535 1691 569 1745 ut
586 1680 789 1769 peregrinus,
807 1692 899 1746 utens
914 1680 1102 1754 necessariis,
1115 1679 1170 1750 siti,

195 1789 279 1853 cives
291 1811 355 1854 non
369 1788 552 1854 offendens?
564 1789 736 1870 Quomodo
748 1801 854 1856 autem
864 1839 874 1866 ,
883 1811 959 1856 cum
970 1787 1072 1854 eadem
1082 1787 1169 1858 tun,

196 1919 235 1963 ac
256 1897 298 1973 ii,
321 1921 401 1983 quos
419 1897 536 1964 Gentes
556 1897 629 1962 odio
649 1896 786 1974 heltent,
811 1897 898 1985 quod
919 1894 1037 1986 legibus
1056 1898 1170 1982 oltmpe

195 2028 266 2071 rnre
285 2003 407 2082 nolint,
434 2029 550 2095 nempe
574 2006 694 2094 iniqui,
722 2017 755 2072 et
781 2006 1035 2081 incontinentes,
1057 2017 1085 2070 et
1105 2003 1170 2074 anri.

196 2123 229 2176 et
244 2110 396 2190 adulteri,
419 2113 530 2180 dicunt
551 2137 584 2180 se
606 2112 689 2180 solos
706 2114 810 2180 Deum
827 2115 941 2180 nosse?
957 2115 1108 2204 Oporteret
1119 2111 1171 2176 euin

196 2243 269 2296 eos,
287 2241 362 2286 cum
377 2222 409 2287 in
424 2219 532 2288 alienis
544 2223 680 2300 adsunt,
697 2234 785 2288 recte
795 2223 918 2298 vivere,
937 2235 973 2288 ut
988 2245 1084 2290 revers
1096 2240 1171 2308 septu

197 2326 338 2394 indolem
355 2330 568 2396 ostenderent.
579 2331 659 2396 'lam
675 2353 749 2396 vero
764 2341 797 2396 et
810 2329 967 2398 humanos
981 2328 1171 2421 legislatores

197 2436 337 2503 divinem
355 2435 456 2526 legem
467 2437 587 2504 habent
602 2439 661 2504 sibi
673 2439 845 2515 infensam,
864 2462 941 2506 cum
956 2440 1056 2528 inique
1066 2449 1090 2502 et
1101 2444 1172 2524 prete

197 2542 282 2634 leges
300 2546 403 2610 vivere
415 2546 616 2614 instituerint.
633 2548 663 2612 ls
676 2560 781 2624 certe,
795 2547 851 2636 qui
862 2559 1061 2614 scortatorem
1071 2541 1170 2634 consoli„

197 2678 216 2720 a
232 2654 301 2718 Deo
316 2654 387 2744 pius
400 2678 467 2720 esse
483 2655 658 2721 ostenditur
672 2656 705 2722 in
720 2656 866 2723 Numeris
877 2655 899 2719 ¹.
918 2657 985 2720 «Et
1001 2656 1025 2720 si
1038 2652 1172 2721 dixeriuu.

198 2760 321 2848 »inquit
335 2761 470 2829 Ioannes
487 2763 518 2828 in
534 2763 678 2851 epistole,
695 2764 781 2852 quod
792 2763 976 2829 societatem
989 2763 1171 2830 habemuseu

201 2893 281 2947 seo,
298 2893 400 2958 nenpe
416 2872 502 2948 Deo,
518 2883 551 2938 et
562 2873 594 2936 in
608 2873 747 2937 tenebris
760 2869 977 2948 ambulamus,
992 2871 1144 2940 mentimur,
1154 2875 1172 2926 tl

201 2979 387 3045 »veritatem
399 3003 463 3046 non
475 2979 618 3046 lecimus.
634 2980 667 3046 si
679 2991 786 3045 autem
794 2980 826 3044 in
839 2977 911 3046 luce
923 2979 1114 3050 ambulamus,
1123 2974 1172 3038 titt

201 3098 256 3151 »et
270 3087 336 3176 ipse
348 3099 396 3152 est
408 3088 440 3152 in
456 3086 546 3164 luce,
562 3087 748 3153 societatem
763 3087 917 3154 habemus
934 3111 1008 3155 cum
1018 3089 1171 3178 ipsese

203 3195 293 3284 »guis
312 3196 388 3260 lesu
404 3194 461 3261 lilii
481 3197 552 3285 ejus
573 3195 725 3262 emundat
740 3219 797 3262 nos
812 3209 978 3287 apeccato
994 3195 1038 3262 ’.ι
1055 3185 1171 3276 Quoudt

201 3327 277 3392 ergo
293 3315 367 3370 sunt
384 3302 417 3369 hi
433 3302 530 3392 hujus
541 3305 654 3370 mundi
665 3303 846 3371 hominsssus
857 3304 1020 3382 meliores,
1034 3304 1079 3392 qui
1091 3293 1171 3366 haul*

201 3411 310 3489 ciunt,
323 3424 355 3477 et
365 3410 414 3477 vel
425 3413 566 3500 pessimis
577 3411 674 3501 hujus
685 3413 795 3479 mundi
808 3426 883 3479 sunt
893 3412 1006 3479 similes
1015 3413 1027 3476 l
1037 3411 1102 3477 Sunt
1109 3404 1170 3472 cult,

201 3531 239 3583 ut
255 3521 409 3596 arbitror,
422 3518 538 3585 similes
553 3532 685 3597 natura,
702 3522 755 3609 qui
771 3533 845 3588 sunt
860 3521 951 3587 sactis
967 3517 1079 3587 similes.
1092 3512 1171 3594 llud·s

201 3637 309 3692 autem
327 3651 360 3693 se
381 3651 449 3693 esse
480 3641 612 3694 censent
635 3627 799 3695 nobilitate
822 3630 1016 3719 superiores,
1035 3649 1081 3692 eos
1096 3621 1172 3686 tetat

201 3733 298 3799 etiam
313 3757 462 3824 superare
478 3737 637 3810 moribus,
665 3750 700 3801 ut
723 3737 823 3802 vitent
843 3761 884 3802 ne
899 3736 1084 3805 includantur
1094 3730 1118 3794 in
1130 3745 1172 3788 tit

243 3881 388 3947 'llom.v1,
408 3885 603 3937 nst-'Maon
617 3905 641 3951 v,
655 3889 697 3938 28.
709 3887 915 3953 -¹Num.xxv,
927 3893 950 3940 ll.
961 3917 989 3927 -
1003 3887 1010 3910 '
1022 3887 1095 3937 1tons.
1106 3876 1170 3936 ulti·
