2478 4594
365 285 553 331 sraoaaruu
577 288 637 332 nra.
656 288 685 331 v.
981 266 1021 344 aa

17 421 49 472 nt
63 410 99 472 sit
112 406 239 477 amnti
253 379 387 484 modus,
404 407 505 474 finem
524 408 686 496 imponam
703 405 856 482 orationi,
878 430 919 472 ne
936 405 969 472 id
985 430 1045 473 nu-

17 517 60 582 bis
74 535 198 603 quoque
213 516 337 582 eveniat
348 514 435 603 quod
450 515 525 582 dicit
540 515 664 604 Agatho
680 515 842 604 tragicus:

107 663 167 737 Qui
182 671 305 722 caeteras
322 683 369 723 res
382 675 415 722 ut
426 666 597 743 potissimas
611 661 741 736 habent,
871 727 875 736 ,

105 763 144 821 et
159 761 347 842 negligenter
361 763 441 842 quod
452 765 643 844 potissimum
657 773 819 842 estaguut.
923 785 925 792 ·

13 899 88 965 Cum
114 923 191 989 ergo
219 913 346 989 aperte,
372 912 406 965 ut
432 900 593 976 arbitror,
615 913 777 966 ostensum
797 899 855 974 sit,
879 899 1066 987 quomodo,

11 1007 93 1096 quod
108 1009 189 1098 sures
201 1033 218 1074 a
231 1007 369 1074 Domino
383 1008 460 1074 dicti
471 997 588 1073 fuerint
600 1007 702 1074 Graeci
716 1058 725 1083 ,
738 1008 777 1072 sit
788 1004 1042 1095 intelligendum,

11 1113 106 1181 libens
121 1116 332 1206 praetermitto
349 1115 496 1204 dogmata
512 1114 785 1205 philosophorum.
801 1115 881 1182 Nam
894 1114 919 1179 si
931 1137 1044 1182 eorum

11 1246 132 1312 qaoque
143 1227 239 1290 verba
251 1245 532 1312 persequeremur,
544 1247 620 1291 mox
632 1221 936 1290 commentariorum
948 1223 1044 1287 innu-

11 1329 193 1396 merabilem
204 1328 425 1420 colligeremus
436 1329 688 1407 multitudinem,
702 1329 904 1396 ostendentes
916 1353 1044 1398 omnem

11 1452 135 1527 quaeest
150 1440 233 1529 apud
249 1439 378 1506 Graecos
389 1441 595 1529 sapientiam,
612 1463 680 1506 esse
696 1465 714 1506 a
727 1441 868 1507 Barbara
884 1452 1043 1528 sumptam

11 1545 215 1636 Philosophia.
245 1547 350 1628 Quam
374 1547 675 1637 contemplationem
704 1547 907 1614 nihilosecius
935 1559 971 1612 ut
994 1571 1044 1612 res

11 1653 175 1744 postulabit
191 1656 403 1745 attingemus,
421 1657 547 1744 quando
564 1656 750 1745 colligemus
773 1656 938 1745 opiniones
954 1656 1043 1723 Grae-

11 1783 115 1829 mrum
131 1787 202 1851 quae
223 1764 370 1829 feruntur
392 1763 431 1828 de
450 1763 625 1852 principiis.
646 1763 711 1829 Sed
730 1763 794 1828 hoc
809 1786 937 1850 quoque
953 1765 1043 1829 nobis

11 1893 38 1934 ex
54 1869 92 1935 iis
110 1894 180 1958 quae
196 1871 281 1937 dicta
297 1883 372 1936 sunt
387 1869 462 1936 licet
476 1870 574 1935 tacite
589 1869 815 1946 considerare,
833 1871 1043 1959 quemadmo-

11 1976 78 2042 lum
102 1978 165 2044 sint
188 1976 312 2068 legendi
328 1976 401 2043 libri
421 1977 628 2054 Graecorum,
651 1978 679 2042 ai
697 1977 750 2064 qui
766 1977 826 2044 scit
842 1989 967 2046 tranare
986 2001 1044 2044 eo-

11 2107 72 2152 ·um
89 2085 219 2154 fluctus.

105 2236 223 2293 Diviaae
236 2235 347 2291 mentis
362 2231 495 2312 possedit
504 2233 555 2308 qui
570 2231 668 2302 bona,
686 2231 776 2305 felix,

12 2379 25 2432 t
39 2367 175 2434 videtur
190 2388 229 2430 ex
245 2365 400 2433 sententia
415 2361 626 2452 Empedoclis.

105 2511 166 2571 Sed
182 2515 348 2583 miserest,
366 2510 524 2570 tenebrosa
537 2512 636 2569 Deum
647 2513 694 2568 cui
711 2513 815 2590 opinio
826 2529 916 2570 carae.

11 2647 225 2738 rognitionem
241 2660 272 2712 et
289 2647 539 2736 ignorationem,
558 2645 715 2714 felicitatis
726 2660 759 2713 et
771 2646 961 2714 infelicitatis
973 2672 1041 2716 esse

11 2780 73 2822 nes
101 2754 206 2820 divine
229 2755 426 2844 significavit.
449 2754 609 2842 aOportet
631 2755 717 2820 enim
739 2754 911 2821 multarum
930 2780 1040 2824 rerum

11 2885 84 2928 esse
103 2885 217 2951 gnaros
230 2861 313 2928 viros
325 2860 529 2950 philosophos
535 2845 573 2958 'a
593 2883 633 2930 ex
647 2860 798 2927 Heracliti
818 2863 992 2940 sententia,
1008 2876 1041 2929 et
1144 2903 1145 2908 κ

11 2989 107 3033 evera
124 2988 252 3030 necesse
269 2977 318 3030 est
424 2953 429 2982 ³

98 3095 160 3169 Qui
174 3097 279 3174 querit
290 3095 388 3153 bonus
399 3111 479 3165 esse,
493 3105 525 3152 ut
536 3095 667 3153 multum
679 3095 785 3154 devius
794 3106 885 3155 erret.

11 3255 32 3298 x
48 3231 93 3294 iis
113 3251 189 3318 ergo
203 3253 274 3319 quse
290 3229 377 3317 prius
390 3228 475 3293 dicta
489 3240 564 3293 sunt
577 3231 642 3318 jam
655 3241 702 3295 est
713 3230 804 3296 nabis
815 3230 1037 3318 perspicuum,

11 3365 56 3407 ase
70 3351 230 3407 aeternam
245 3339 304 3408 Dei
320 3337 586 3414 beneficentiam,
603 3352 636 3405 et
651 3361 724 3406 vere
741 3339 893 3429 aequalem
909 3352 1039 3407 natura-

12 3473 51 3521 m
68 3447 255 3540 justitiam,
273 3472 290 3514 a
305 3448 452 3537 principii
467 3437 597 3536 experte
611 3449 768 3537 principio
783 3499 792 3524 ,
810 3472 868 3537 pro
884 3450 1039 3514 uniuscu-
1136 3517 1140 3524 ,
1226 3441 1228 3484 ³

11 3579 113 3646 isque
129 3555 253 3644 generis
274 3556 444 3644 dignitate,
462 3555 503 3622 ad
518 3577 628 3620 omnes
643 3556 853 3644 processisse,
869 3581 939 3646 quae
954 3582 1038 3624 nun-

11 3687 91 3733 ram
103 3664 290 3752 coepitesse.
305 3663 414 3750 Neque
423 3663 508 3728 enim
520 3662 616 3752 hujus
629 3663 716 3749 quod
727 3675 852 3730 estesse
864 3665 1037 3733 Dominum

11 3801 14 3835 ι
41 3776 200 3846 bonum,
223 3771 414 3859 principium
437 3771 559 3860 accepit
580 3772 685 3847 Deus,
709 3771 762 3858 qui
786 3784 835 3838 est
855 3797 979 3864 semper
1005 3776 1039 3842 id

11 3884 83 3951 uod
103 3893 162 3949 est.
182 3880 247 3949 Sed
261 3905 364 3969 nequo
381 3881 517 3962 cessabit
535 3905 674 3970 unquam
694 3883 896 3961 benefacere,
915 3884 1038 3969 etiamsi
