2570 4614
387 313 587 370 ruuseooes,
612 312 671 358 un.
699 313 734 358 ιι.
1015 317 1074 386 spi

39 449 100 512 tes.
116 436 140 502 ii
159 435 218 524 qui
235 447 313 503 sunt
327 433 410 526 gule
425 434 543 510 dediti,
565 435 705 501 obsoniis
721 435 846 502 inhient
855 460 865 510 t
889 461 903 496 s
919 457 1080 525 qureeum⁴

39 570 131 636 sque
150 545 259 622 tellus,
277 559 313 613 et
329 544 485 636 profunde
503 545 606 634 ponti,
629 545 846 634 immensoque
868 543 924 610 ulit
945 544 1080 612 latitudo
1182 630 1186 636 ⁸

37 659 160 733 »sirim
177 686 190 722 s
206 655 359 746 ingluviei
373 679 409 723 ea
424 677 489 722 sum
500 665 732 745 comparantes.
753 655 911 722 Videntur
926 677 1035 724 revers
1047 656 1081 724 bi

37 766 247 844 isrsutiebiles¹
258 779 292 834 et
302 765 428 833 solliciti
437 765 585 832 ciborum
597 765 857 853 indagatores,nd
870 763 998 832 delicias
1009 788 1081 832 suus

36 876 203 944 mundum
213 875 353 950 irretire,
366 873 567 942 sibilantibus
575 875 786 964 sartaginibus
799 875 939 963 undique
947 875 1084 942 circum·

35 997 235 1075 strepentes,
258 995 292 1050 et
315 985 403 1050 cirea
424 981 574 1054 cochleas
593 997 626 1051 et
651 984 839 1050 mortarium
858 997 960 1051 totum
987 986 1084 1054 vitum

34 1116 134 1163 suum
152 1105 393 1170 consumentes,
412 1095 636 1184 edoceantque
655 1095 736 1162 adeo
754 1097 909 1162 omnivori
924 1095 1083 1174 homines,

35 1206 212 1272 materiam
230 1204 315 1294 ignis
330 1204 429 1271 instar
447 1205 733 1293 upprehendentes.
757 1205 941 1285 Quinotium
959 1207 1085 1275 facilem

36 1316 168 1391 eibum.
189 1336 309 1402 nempe
332 1335 459 1403 punem.
480 1312 690 1390 elloeminnnt,
713 1315 746 1380 id
764 1315 851 1402 quod
874 1316 907 1381 in
925 1315 1085 1382 frumento

39 1425 182 1494 maxime
201 1424 307 1490 nutrit
331 1425 559 1500 ercribrnnteo,
585 1424 666 1490 odeo
688 1435 724 1489 ut
740 1422 929 1492 alimentum
948 1427 1087 1494 maximo

37 1535 264 1603 muscarium
282 1532 339 1600 liet
352 1534 507 1622 probrum
517 1531 697 1621 voluptatis.
713 1532 808 1622 Apud
819 1517 964 1601 homines
977 1548 1087 1601 nutem

34 1644 169 1712 nullum
182 1644 286 1711 bsbot
300 1643 475 1710 terminum
490 1640 623 1729 deliepte
638 1640 792 1731 ingluvies
806 1664 815 1708 r
829 1643 863 1708 in
876 1643 938 1710 libe
951 1645 1037 1710 eni'm
1050 1669 1088 1714 sc
1192 1628 1194 1632 ¹

33 1755 209 1846 placentas
224 1765 378 1843 provecto
392 1765 454 1830 est,
476 1750 681 1819 belleriorum
705 1751 943 1819 multitudinem
959 1753 1088 1843 excogi-

34 1881 128 1942 tuns,
142 1887 257 1932 omnes
268 1865 391 1954 saporis
405 1862 733 1951 consectutospeeies.
748 1863 790 1930 At
806 1861 884 1928 mibi
895 1862 1026 1951 quidem
1040 1865 1089 1928 vi-

37 1978 144 2043 detur
157 1975 259 2042 bomo
273 1975 330 2064 qui
343 1985 393 2040 est
405 1973 577 2062 ejusmodi,
594 1971 672 2038 nihil
687 1996 756 2040 esse
770 1972 857 2040 uliud
874 1993 970 2062 quem
985 1976 1088 2042 bucce

39 2094 104 2150 aut
118 2070 258 2150 mamili.
284 2108 298 2144 ι
315 2083 366 2150 lle
381 2081 541 2150 desideres
554 2092 675 2155 nutem,
690 2081 802 2166 inquit
812 2082 1002 2178 Scriptura,
1013 2085 1090 2152 edu·

39 2221 57 2254 ι
74 2191 122 2258 lin
138 2191 296 2258 divitum¹
314 2214 323 2257 r
342 2191 509 2258 see‘enim
519 2190 591 2256 vitre
602 2211 667 2255 non
679 2211 761 2254 verre
777 2201 810 2254 et
823 2191 910 2280 turpi
924 2193 1089 2280 conjuncti

39 2313 137 2368 sunt.
154 2299 210 2370 llli
222 2301 307 2368 enirn
319 2301 398 2367 dunt
409 2323 539 2390 operum
554 2298 709 2372 obsoniis,
724 2319 795 2387 quae
807 2297 902 2366 fimus
913 2297 1008 2390 poulo
1020 2315 1092 2390 post

37 2411 168 2500 excipit
184 2433 194 2476 ε
217 2411 311 2478 nobis
327 2423 435 2476 nutem
450 2410 559 2476 eibum
575 2405 740 2476 coelestem
759 2409 948 2476 venantibus
963 2431 1092 2478 necesse

34 2531 93 2588 ess
108 2520 230 2597 uentri,
251 2518 308 2608 qui
322 2532 371 2585 est
393 2521 454 2586 sub
469 2517 564 2594 cmlo,
580 2518 750 2607 impurare,
767 2529 802 2584 et
815 2518 917 2586 multo
938 2521 1036 2612 magis
1055 2523 1094 2588 iis
1146 2583 1152 2590 .

32 2653 113 2720 quae
129 2631 162 2696 ei
187 2629 296 2696 amico
319 2641 352 2695 et
373 2641 462 2719 grets
482 2640 570 2704 sunt,
593 2649 667 2715 qam
683 2628 774 2695 licus
793 2629 967 2710 abolebit²,
991 2633 1094 2722 inquit

31 2736 240 2829 Apostolus,
258 2759 389 2806 voraces
404 2735 486 2828 gulae
501 2737 692 2827 cupiditates
710 2739 780 2826 jure
800 2763 962 2810 execrans.
979 2747 1094 2812 «Esco

31 2879 48 2912 s
61 2850 162 2916 enim
176 2849 300 2925 ventri,
316 2875 329 2912 s
347 2850 518 2938 exquibus
535 2849 604 2916 bsee
619 2847 754 2916 curnulis
770 2863 802 2916 et
813 2852 946 2921 exitialis
964 2856 1026 2922 ritu
1043 2857 1096 2922 de·
1121 2903 1127 2914 ,

30 2959 185 3048 pendet,
210 2981 308 3047 quum
330 2961 450 3028 sudent
468 2959 614 3027 nonnulli
640 2961 770 3050 Agspen
792 2984 919 3042 vocure,
935 2965 1096 3033 ell'rronetr

29 3067 157 3158 lingua
179 3079 324 3144 utentes,
343 3092 458 3158 nempe
477 3071 624 3158 quaedum
641 3071 971 3160 prandiolo-nidorem
990 3089 1023 3141 et
1044 3078 1095 3164 jus

29 3174 236 3244 mdnleutis
258 3199 268 3240 s
290 3198 416 3245 socrum
430 3199 565 3268 agapen,
588 3178 760 3268 pulchrum
785 3205 823 3248 ce
844 3183 981 3250 solutore
998 3183 1117 3253 Verbi.

29 3312 143 3380 opus,
156 3285 234 3353 ollis
248 3288 356 3354 neseio
375 3289 503 3377 quibus,
516 3301 550 3356 et
564 3290 684 3379 liquido
696 3292 767 3380 jure
779 3291 1006 3360 dedecorantes
1019 3317 1027 3358 :
1042 3319 1098 3386 po-

31 3415 169 3487 tuque,
187 3396 327 3475 deliciis,
339 3411 373 3466 et
384 3399 473 3466 fumo
484 3399 563 3466 illud
579 3423 695 3467 nomen
708 3404 828 3490 probro
839 3401 1024 3482 efficientes,
1037 3405 1096 3472 ssl-

32 3510 167 3578 luntur
181 3507 348 3597 opinione,
360 3521 396 3574 ut
412 3511 466 3598 qui
483 3511 543 3576 Dei
558 3511 750 3600 promissum
767 3511 939 3600 prandiolis
957 3537 989 3580 se
1007 3536 1098 3606 posse

29 3639 162 3686 emese
177 3619 428 3706 cxpeemverint.
445 3619 525 3699 Quae
536 3621 623 3686 enim
636 3619 753 3688 laetitise
764 3643 858 3687 cause
872 3621 954 3689 fiunt
964 3647 1099 3718 congre-

28 3731 220 3823 gstiones,
236 3729 296 3818 ipsi
315 3747 443 3816 quoque
461 3729 652 3824 allegoriter,
670 3742 704 3797 et
721 3731 875 3810 coenulss,
894 3745 927 3801 et
948 3739 1098 3825 prandia,

27 3855 71 3910 et
85 3837 227 3930 epulas,
240 3838 329 3905 bunc
339 3851 460 3906 ectum
471 3841 543 3930 jure
557 3843 786 3920 vocaverimus,
800 3843 954 3914 rationem
964 3871 1101 3938 sequen·-

74 3971 87 4004 1
103 3965 377 4040 Pronurus-²
391 3968 473 4019 lcor.
487 3971 574 4031 r1,25.

918 4087 968 4169 ³⁹·
