2570 4614
217 211 282 276 add
530 229 704 276 emanans
727 229 938 276 sruxianum

214 366 283 410 esse
301 343 451 412 «benum
473 316 511 412 iri
530 345 670 434 ingratos
693 357 727 410 et
754 345 786 411 in
808 346 988 434 improbos:
1014 357 1079 410 aet
1101 355 1266 434 precem

213 449 291 518 dum
315 451 415 518 dicit:
433 477 448 512 ι
469 450 579 538 Eptote
601 452 835 530 misericordes,
863 453 946 518 sicut
967 452 1061 518 Pater
1083 465 1200 519 vester
1215 465 1263 518 est

213 589 226 623 ι
243 562 421 630 misericors
430 561 453 628 ¹.
472 561 686 642 »Quinetiam
708 563 835 652 quando
857 573 967 653 aperte
989 563 1068 630 dicit
1088 585 1098 627 :
1120 589 1135 623 ι
1154 563 1262 630 Nemo

213 673 345 738 »bonus
362 671 422 738 nisi
443 671 537 739 Pater
560 693 663 748 meus,
682 673 737 760 qui
759 684 807 737 est
830 671 863 737 in
881 670 981 738 eolis.
1000 700 1014 734 ι
1034 671 1166 738 Deinde
1188 696 1262 738 rur-

214 803 280 857 sus,
298 780 429 858 aPater,
445 781 570 869 inquit,
587 803 680 848 meus
693 779 798 848 solem.
808 803 902 846 suum
919 777 1089 870 splendere
1108 782 1194 848 iacit
1207 805 1260 847 su-

214 911 302 984 sper
322 892 466 963 omues².
491 894 579 960 aHic
601 893 779 962 notandum
801 905 864 970 est,
885 891 971 980 quod
992 893 1124 959 Patrem
1148 917 1260 970 suurn,

214 1001 268 1090 quai
290 1001 394 1068 liunus
411 1013 472 1079 est,
488 1002 637 1092 opificem
652 1024 780 1091 quoque
794 1014 827 1068 et
841 1014 1019 1068 creatorem
1034 1025 1106 1068 esse
1124 1001 1257 1067 fatetur.

215 1111 426 1206 Quodautem
433 1113 535 1201 justos
547 1113 587 1179 sit
598 1124 735 1187 creator.
746 1109 832 1178 nulla
841 1123 888 1178 est
900 1111 1131 1178 controversia.
1141 1112 1260 1178 Etrur-

214 1242 286 1292 sus:
298 1221 411 1288 «Pater
423 1245 526 1297 meus,
539 1223 664 1310 inquit,
675 1219 757 1311 pluit
767 1243 862 1310 super
873 1222 973 1310 justos
984 1231 1017 1286 et
1027 1220 1195 1308 injustos⁸
1212 1244 1222 1286 :
1238 1249 1252 1284 ι

214 1342 248 1396 et
262 1342 417 1419 quatenus
433 1331 563 1420 quidem
577 1330 671 1422 pluit,
682 1343 731 1399 est
745 1354 900 1421 aquarum
916 1343 950 1398 et
966 1332 1106 1398 nubium
1123 1331 1254 1421 opifex:

138 1520 144 1535 x
216 1451 372 1528 quatenus
396 1452 503 1508 antem
525 1464 621 1531 super
639 1463 763 1518 omnes,
783 1441 867 1529 juste
880 1452 913 1506 et
927 1463 1002 1507 cum
1018 1439 1144 1507 vimute
1159 1438 1255 1529 dilgia

215 1550 428 1641 aequilibrium
443 1575 452 1618 ε
471 1565 622 1640 tanquam
637 1553 741 1618 bonus
759 1563 880 1628 autam,
896 1573 1019 1643 rsuper
1036 1552 1145 1639 justos
1162 1563 1199 1616 et
1209 1552 1254 1617 in-

217 1692 231 1726 ι
245 1664 369 1753 justos»
384 1660 538 1729 similiter.
551 1662 756 1752 Apertissime
770 1685 846 1754 ergo
861 1685 960 1728 unum
971 1677 1005 1729 et
1018 1661 1180 1731 eumdem
1194 1684 1253 1727 esse

218 1775 322 1846 Deum
333 1773 573 1842 ratiocinatione
584 1772 773 1864 colligimus,
784 1773 848 1841 hoc
858 1773 955 1840 modo
972 1771 1152 1840 :avidano
1163 1770 1253 1838 coelos

219 1915 232 1950 a
246 1909 340 1976 opera
350 1884 698 1976 digitorumtuorum⁸=
709 1898 775 1960 set,
787 1882 1123 1966 rQuicraaviteoelos,
1132 1883 1252 1950 inooelis

218 2024 236 2060 a
249 1995 473 2073 habiturust,
484 1994 629 2064 ‹Coelum
640 1996 804 2072 sedestua‚
813 1995 971 2085 »Spiritus
980 2005 1114 2061 sanctus
1125 1995 1253 2062 cecinit:

217 2103 374 2175 Dominus
390 2116 497 2172 autem
515 2105 593 2172 dicit
607 2106 640 2172 in
655 2105 861 2195 precatione:
878 2103 999 2170 «Pater
1013 2114 1140 2177 noster.
1158 2105 1214 2192 qni
1226 2127 1252 2169 es

222 2245 235 2280 a
250 2217 283 2283 in
306 2214 393 2283 coelis
406 2213 418 2250 ⁸
431 2238 444 2280 a
458 2244 472 2278 ι
488 2215 560 2284 coeli
575 2228 685 2284 autem
697 2227 771 2282 sunt
787 2216 856 2305 ejus
871 2215 925 2303 qui
940 2213 1102 2282 mundum
1120 2215 1250 2281 meavit:

223 2325 398 2394 contradici
413 2349 489 2417 ergo
499 2337 688 2417 nonpotest‚
705 2327 782 2416 quin
793 2325 948 2392 Dominus
959 2325 999 2390 sit
1010 2322 1097 2390 lilius
1110 2323 1249 2414 Opilieis.

223 2433 355 2514 Quodsi
366 2436 556 2501 anteemnia
568 2435 601 2500 in
613 2433 757 2502 confesso
768 2446 831 2512 est,
840 2435 960 2522 justum
971 2455 1039 2499 esse
1048 2433 1248 2500 Creatorem:

220 2543 354 2633 Opificis
366 2555 473 2610 autem
485 2542 568 2611 lilius
580 2555 627 2610 est
638 2543 793 2612 Dominus
808 2545 901 2633 sajus
916 2565 992 2633 ergo
1003 2543 1059 2630 qui
1076 2556 1132 2610 est
1142 2544 1251 2632 justus,

221 2649 306 2718 filius
316 2664 364 2717 est
377 2653 543 2719 Dominus.
563 2653 722 2738 Quocirca
736 2652 853 2720 Paulus
868 2676 994 2741 qnoque
1009 2652 1091 2746 dicit
1105 2675 1116 2716 a
1139 2683 1154 2715 ι
1169 2654 1251 2722 Nunc

220 2771 355 2830 »autem
367 2763 435 2830 sine
446 2762 529 2852 Lege
542 2763 662 2852 justitia
673 2763 731 2830 Dei
742 2763 939 2830 manifestata
950 2775 999 2828 est
1012 2760 1034 2828 ’.
1049 2791 1063 2826 ι
1077 2763 1124 2829 Et
1136 2787 1250 2837 rursus.

220 2883 257 2938 ut
270 2873 370 2962 magis
389 2872 493 2939 Deum
513 2894 673 2960 censeas:
696 2873 848 2938 :lustitia
869 2884 975 2937 autem
997 2872 1057 2940 Dei
1076 2896 1140 2961 per
1161 2871 1251 2940 fidem

220 3011 234 3048 a
249 2981 327 3049 lesu
336 2981 452 3048 Christi
461 2983 493 3048 in
503 3004 613 3052 omnes
625 2981 802 3050 credentes.
815 2981 886 3049 Non
897 2981 1037 3048 estenim
1049 2981 1246 3049 distinctio.»

221 3094 264 3160 Et
275 3104 429 3184 praeterea
447 3092 551 3160 serena
572 3092 790 3160 testimonium
810 3094 946 3168 veritati,
967 3092 1062 3183 paulo
1084 3108 1161 3184 post
1179 3097 1251 3161 sult-

222 3203 348 3295 jungit:
366 3230 384 3270 ι,
394 3203 431 3271 ln
447 3201 613 3270 tolerantia
627 3204 686 3270 Dei
702 3227 710 3268 :
729 3204 770 3270 ad
785 3204 997 3272 ostensionem
1011 3205 1100 3294 quod
1114 3207 1157 3272 sit
1171 3205 1251 3272 idem

223 3340 236 3374 ι
251 3313 367 3402 justos,
382 3326 416 3380 et
430 3313 606 3402 justificans
621 3337 696 3381 eum
710 3315 764 3403 qui
779 3328 879 3382 estex
893 3311 1114 3392 lide‚Jesus⁸.
1133 3345 1146 3378 ι
1161 3314 1251 3396 Quod

224 3435 330 3492 autem
343 3425 466 3514 justum
475 3437 536 3503 est,
550 3426 582 3492 id
592 3426 714 3492 honum
725 3448 793 3492 esse
806 3447 897 3490 nosse
913 3437 1055 3514 apparet,
1067 3449 1147 3498 cum
1158 3425 1249 3493 dicit:

234 3529 369 3610 ‹Quere
389 3531 453 3600 Lex
475 3531 604 3622 quidem
626 3543 747 3609 sancta,
770 3542 801 3597 ct
824 3544 1018 3621 praeceptum
1040 3546 1202 3611 sanctum,
1224 3545 1252 3597 et

265 3719 349 3772 ¹lruc.
366 3739 400 3784 rr,
418 3725 460 3787 3⁵,
472 3725 668 3777 se-uaaru.
685 3741 709 3787 v,
723 3725 765 3784 45.
775 3723 822 3764 -3
834 3723 902 3776 lbid·
912 3751 944 3764 -
953 3723 963 3758 '¹
973 3723 1039 3774 l’nl.
1050 3739 1107 3786 rur,
1118 3725 1141 3774 'a
1151 3721 1202 3761 -5
1215 3723 1249 3772 1²2

223 3811 252 3916 ¹¹62
262 3791 287 3856 t;
300 3811 334 3857 ιι,
345 3795 369 3856 4;
382 3813 437 3859 cru,
449 3816 486 3866 ις.
500 3801 551 3842 --⁸
564 3801 655 3854 Matth.
667 3817 702 3862 ιι,
714 3817 741 3868 9.
757 3827 787 3840 -
801 3800 896 3853 ⁷Rem.
907 3818 946 3862 ιιι,
962 3814 1001 3859 aa,
1014 3815 1054 3876 ιι.
1066 3826 1097 3840 -
1107 3799 1118 3833 ¹
1129 3797 1201 3849 lbid.
1213 3798 1250 3856 ιδ,

223 3883 236 3917 2
255 3901 261 3914 .
