2412 4596
291 241 479 286 srnouarou
503 241 564 284 trs.
592 243 639 284 ιιι.
923 219 982 284 aad

14 359 73 428 ndu
91 358 269 448 cupiditates
282 411 291 435 ,
305 372 338 425 et
353 382 417 425 non
441 371 489 425 est
508 357 641 448 mplius
663 358 835 426 vivendum
857 357 985 426 indill‘e-

14 482 83 545 ster,
109 491 207 555 neque
229 481 277 534 est
306 467 509 558 impudenter
537 464 738 533 serviendum
768 464 923 533 vilissimis
953 479 986 532 et

14 576 168 668 lectissimis
193 576 308 642 nostris
335 577 494 665 partibus,
520 575 623 640 ventri
644 586 676 640 et
703 575 880 664 pudendis,
908 575 986 640 dum

13 685 123 774 piditate
139 684 223 750 ducti
233 696 345 750 nostro
364 682 545 750 blandimur
562 682 717 776 cadaveri.
736 683 883 750 Nutritur
899 683 986 748 enim

17 791 172 860 vivificatur
193 791 369 880 cupiditas,
387 792 466 857 dum
487 793 516 857 ei
536 790 714 881 voluptates
737 791 983 857 ministrantur:

13 902 221 968 umadmodum
235 925 345 968 rursus
360 902 385 968 si
400 901 591 991 impediatur
601 913 634 967 at
645 901 892 977 interturbatur,
907 899 987 967 llae-

13 1011 63 1076 ttit.
86 1009 248 1090 Quomodo
274 1021 381 1074 autem
410 1008 477 1074 lieri
503 1021 629 1098 potest,
652 1009 761 1096 utqui
786 1009 887 1075 vietus
904 1019 986 1074 esta
1024 1056 1026 1064 ‚

13 1115 161 1208 luptatibus
175 1118 340 1208 corporis,
356 1118 494 1184 Domino
509 1116 717 1194 assimiletur,
733 1128 789 1184 ant
800 1116 859 1182 Dei
869 1115 987 1183 babeat

13 1225 183 1314 gnitionem?
194 1225 309 1292 Omnis
332 1225 419 1292 enim
438 1223 607 1315 voluptatis
623 1225 816 1314 principium
835 1236 883 1290 est
900 1224 987 1312 eupi-

13 1333 219 1422 tas:aupiditas
243 1345 353 1400 autem
368 1346 416 1400 est
441 1332 606 1410 molestia,
629 1346 662 1399 et
684 1331 886 1407 sollicitudo,
915 1355 986 1420 quae

13 1455 86 1530 apter
108 1453 274 1531 egestatem
296 1441 419 1532 aliquid
434 1443 563 1533 appetit.
586 1444 694 1528 Quare
713 1439 792 1510 nibil
809 1441 894 1508 aliud
907 1440 986 1507 milri

13 1549 117 1627 lentur,
132 1551 184 1638 qui
199 1550 286 1619 bane
307 1551 379 1618 ritae
392 1552 548 1618 rationem
564 1552 759 1640 suscipiunt,
781 1574 877 1639 quam
901 1549 988 1639 quod

13 1658 91 1734 dm,
609 1663 611 1668 .

65 1827 134 1888 Ultra
146 1831 346 1909 ignominiam
358 1831 469 1892 sentire
480 1831 599 1902 dolores
613 1851 622 1902 ;

13 2004 70 2091 tqui
85 2003 226 2074 malama
246 2030 281 2073 se
299 2007 510 2083 accersitum,
537 2029 625 2073 nunc
650 2019 684 2072 et
703 2007 736 2070 in
754 2017 916 2094 posterum
937 2004 978 2070 eli

12 2123 53 2177 ut.
68 2112 96 2178 Si
115 2136 186 2203 ergo
209 2115 316 2180 omnia
343 2111 485 2192 licerent,
508 2137 570 2180 neo
592 2115 771 2180 timendum
793 2127 891 2191 esset,
916 2137 990 2180 nea

12 2220 235 2320 avercideremns
251 2235 388 2313 propter
403 2221 503 2290 malas
517 2223 679 2298 actiones,
699 2234 781 2288 esset
801 2222 930 2288 sortasse
946 2222 991 2286 eis

12 2325 74 2416 iquis
88 2343 269 2418 praetextus,
289 2356 346 2399 our
356 2329 439 2398 male
455 2333 589 2398 viverint
607 2344 640 2398 et
655 2329 885 2398 miserabiliter.
906 2329 992 2410 Quo

12 2433 55 2502 ltn
74 2450 169 2504 autem
192 2441 255 2507 rita
282 2441 373 2508 beatu
400 2440 493 2507 nobis
511 2453 636 2507 ostensa
659 2452 708 2507 est
731 2463 789 2529 per
812 2449 991 2529 praeeepta,

12 2563 64 2609 oon
81 2559 195 2634 oportet
215 2571 329 2615 omnes
352 2560 536 2636 sequentes,
557 2571 618 2615 nec
640 2545 759 2635 aliquid
776 2569 906 2622 eornm,
923 2569 993 2633 quae

12 2649 54 2717 icta
67 2667 148 2731 sunt,
168 2678 338 2746 perperam
359 2653 587 2746 intelligentes,
604 2678 665 2721 neo
681 2677 811 2731 eorum,
827 2677 897 2743 quse
913 2677 993 2719 eon-

12 2757 69 2835 uit,
80 2759 206 2851 aliquid,
222 2776 257 2830 et
269 2763 294 2830 si
308 2764 347 2828 sit
359 2761 408 2829 vel
423 2764 610 2841 minimum,
625 2773 886 2838 contemnentes,
903 2762 992 2850 sequi

12 2887 40 2930 oo
51 2866 138 2958 Logos
161 2869 250 2939 ducit
265 2895 274 2936 τ
289 2872 362 2959 quia
378 2871 403 2936 si
424 2874 464 2937 ab
482 2895 523 2938 eo
538 2872 807 2947 aberraverimus,
824 2871 856 2935 in
871 2868 992 2936 malum

12 2976 137 3043 mortale
148 2980 325 3047 incidamus
339 3001 468 3046 necesse
484 2991 549 3053 ests
571 2980 597 3045 si
613 2980 752 3046 divinam
767 2991 875 3046 autem
892 2979 993 3066 scrip-

12 3069 71 3149 nan
91 3089 183 3153 secuti
198 3089 370 3165 fuerimus,
390 3111 449 3179 per
474 3110 569 3176 quam
591 3087 833 3178 ingrediuntur,
849 3088 904 3174 qui
928 3109 994 3152 ere-

12 3185 129 3272 lderunt,
155 3209 189 3262 ut
214 3198 370 3273 Domino,
393 3197 498 3285 quoad
522 3196 591 3262 lieri
610 3207 737 3285 potest,
761 3193 992 3270 assimilentur,

12 3319 40 3363 on
61 3313 101 3366 est
118 3305 285 3373 vivendum
308 3304 540 3382 indifferenter,
567 3304 624 3370 sed
641 3327 700 3393 pro
721 3303 839 3369 viribus
858 3302 995 3368 mundos

12 3409 43 3472 ue
61 3425 175 3500 oportet
196 3440 214 3482 a
235 3407 450 3504 voluptatibus
470 3426 503 3479 et
522 3413 768 3503 cupiditatibus,
786 3434 926 3499 curaque
948 3425 996 3478 est

12 3518 101 3586 sunda
122 3523 253 3600 animae,
279 3547 343 3612 qua
366 3522 453 3612 apud
476 3518 580 3588 solum
602 3521 707 3588 Deum
727 3520 993 3612 perseverandum

12 3623 120 3693 ttlleru
138 3632 241 3707 enim,
259 3654 329 3719 quae
344 3642 392 3696 est
410 3629 531 3696 munda
551 3640 584 3693 et
603 3630 644 3695 ab
662 3626 748 3695 omni
776 3627 851 3695 vitio
870 3625 992 3705 libera,

12 3739 28 3794 tt
43 3735 262 3820 quodammodo
289 3751 362 3829 apta
382 3739 427 3805 ad
446 3747 636 3828 potestatem
658 3736 718 3802 Dei
742 3736 992 3825 suscipiendam,

12 3859 48 3906 tn
66 3843 161 3913 divina
180 3848 211 3914 in
232 3873 269 3916 ea
293 3859 435 3938 assurgat
454 3847 576 3937 imago:
598 3845 668 3912 «Et
689 3845 881 3936 quicumque
893 3844 995 3913 babet
