2570 4614
220 311 282 378 270
467 299 470 306 Δ
531 303 703 354 ΕΕΙΠΕΜῚΕ
728 304 938 350 tcssxtttumtu

217 454 231 489 ι
245 443 469 515 possessorem,
483 434 517 487 et
529 424 635 490 asinus
650 445 790 513 praesepe
803 419 932 487 Domini
946 419 1015 498 sui3
1032 418 1133 488 lsrael
1147 431 1262 486 autem

217 557 297 601 rme
312 555 377 600 non
392 531 540 622 cognovit
555 530 579 598 ¹.
598 559 610 594 a
628 529 802 611 Quomodo
815 530 902 595 enim
918 551 983 594 non
1000 539 1049 594 est
1071 525 1254 617 indignum,

217 645 241 710 si
254 643 307 732 qui
322 644 410 710 norit
424 642 541 717 Deum,
558 665 622 708 non
638 653 810 732 cognoscat
825 641 1019 708 Dominum:
1035 639 1093 706 sed
1108 641 1170 706 bos
1190 640 1257 727 qui·

97 757 99 764 '
216 755 291 820 dem
301 753 334 819 et'
344 753 463 829 asinus,
477 774 547 840 quae
558 764 632 818 sunt
647 752 759 818 inertie
774 764 807 818 et
822 751 915 818 stulta
931 749 1092 828 animalia,
1105 752 1257 818 noverint

216 885 290 929 eum
307 863 360 951 qui
380 862 446 952 ipsa
465 860 534 938 alit,
551 860 647 927 lsrael
664 873 772 927 autem
787 861 824 928 iis
839 884 857 926 a
873 861 995 927 rctionc
1013 859 1152 928 alienior
1165 861 1260 926 inre-

216 971 342 1040 uiuturi1
357 973 398 1039 Et
412 994 487 1038 cum
498 992 556 1059 per
571 971 763 1036 Hieremiam
778 968 922 1060 pluribus
938 968 978 1035 de
988 968 1111 1059 populo
1123 983 1256 1056 questus

215 1092 308 1158 esset,
325 1079 510 1169 subjungit:
524 1078 557 1144 Ε
558 1094 571 1144 t
584 1102 637 1144 mc
650 1080 866 1168 reliquerunt,
879 1081 961 1145 dicit
977 1081 1148 1146 Dominus
1163 1079 1189 1144 ².
1207 1080 1255 1146 ln

215 1189 346 1259 sectatio
364 1200 473 1254 autem
487 1199 535 1253 est
550 1172 712 1286 invectiva
722 1190 911 1280 increpatio,
930 1190 979 1256 vel
998 1189 1157 1258 invehens
1175 1191 1256 1256 vitu·

87 1359 89 1363 ,
213 1298 345 1389 petatio.
364 1297 432 1364 Hoc
447 1296 543 1363 etiam
558 1297 793 1366 medicamento
816 1321 890 1366 usus
913 1313 961 1367 est
979 1301 1180 1391 Paedagogua
1199 1323 1255 1390 pe·

213 1406 351 1480 Esaiam,
369 1405 499 1472 dicens:
519 1431 532 1466 r
548 1404 603 1470 vn
617 1405 674 1472 titii
690 1406 866 1476 defectores
877 1413 885 1476 1
898 1410 969 1478 haec
983 1412 1063 1479 dicit
1074 1412 1249 1478 Dominus:

213 1515 375 1583 »Fecistis
398 1513 566 1582 consilium
588 1537 653 1582 non
673 1540 731 1607 per
750 1542 815 1596 me,
837 1529 871 1586 et
891 1532 983 1611 pacta
1006 1532 1170 1588 conventa
1189 1543 1250 1586 uon

213 1658 227 1693 ι
244 1627 456 1719 perspiritum
467 1625 608 1698 meum⁸.
622 1654 636 1689 ι
648 1627 862 1696 Acerhissimo
876 1643 983 1697 autem
993 1631 1250 1720 constipamente

105 1795 109 1804 .
213 1741 246 1807 in
262 1736 391 1829 singulis
406 1737 518 1812 utitur,
530 1757 646 1826 nempe
658 1750 761 1815 metu,
776 1761 835 1828 per
849 1741 953 1830 ipsum
967 1737 1062 1809 simul
1077 1763 1115 1808 os
1132 1739 1248 1830 populo

214 1849 440 1940 comprimens,
456 1859 489 1912 et
509 1869 584 1913 eum
598 1861 787 1916 convertens
804 1849 993 1918 adsalutem
1009 1873 1019 1916 t
1039 1851 1247 1940 quemadmo-

213 1963 290 2028 dum
308 1959 387 2026 lauae
399 1980 525 2047 quoque
539 1980 610 2046 quae
628 1957 794 2048 tinguntur
808 1958 911 2027 solent
929 1961 1104 2050 constringi
1120 1983 1162 2028 ac
1175 1983 1246 2026 eon-

212 2069 333 2159 atipari,
350 2069 428 2135 dum
443 2079 637 2159 apparantur
649 2067 691 2132 ad
705 2066 846 2134 colorem
864 2068 977 2136 melius
991 2067 1244 2158 suscipiendum.

211 2179 403 2270 Redargutio
418 2191 526 2245 autem
545 2189 594 2244 est
608 2179 731 2267 peccati
747 2177 895 2270 prolatio,
910 2181 1015 2272 ipsum
1031 2181 1202 2271 proferens
1216 2182 1247 2246 in

211 2291 354 2358 medium
368 2301 547 2380 peccatum.
566 2289 613 2354 Eo
626 2300 778 2378 tanquam
793 2291 929 2356 maxime
943 2290 1126 2356 necessario
1137 2289 1246 2356 Paeda·

210 2403 310 2493 gogiae
327 2401 423 2467 modo
440 2400 551 2476 utitur,
576 2410 743 2489 propterea
759 2400 848 2487 quod
868 2411 1016 2466 euervata
1036 2410 1070 2464 et
1085 2397 1193 2464 soluta
1208 2399 1243 2464 sit

210 2509 442 2602 permultorum
455 2509 544 2575 fides.
562 2508 647 2575 Dicit
657 2508 743 2574 enim
755 2531 814 2599 per
827 2508 952 2576 Esaiam
968 2531 977 2573 τ
996 2535 1009 2570 ι
1023 2506 1243 2596 Dereliquistis

209 2619 431 2695 »Dominum,
457 2630 491 2683 et
515 2616 554 2683 ad
585 2616 835 2708 indignationem
859 2620 1072 2689 concitaristis
1094 2632 1244 2686 sanctum

209 2757 222 2794 ι
235 2726 359 2797 Israelis
373 2727 396 2794 ¹.
416 2755 429 2791 ι
449 2726 534 2794 Dicit
548 2727 644 2793 etiem
659 2748 718 2817 per
732 2729 946 2796 Hieremiam:
958 2730 1114 2820 «Stupuit
1126 2729 1242 2798 celon

209 2851 365 2932 ‚propter
378 2838 453 2915 hoc,
469 2850 502 2904 et
516 2850 600 2904 terra
614 2836 717 2905 multo
731 2840 830 2928 magis
841 2839 967 2906 horruit
983 2863 990 2904 :
1009 2841 1167 2928 quoniam
1181 2841 1242 2908 duo

208 2949 318 3018 »mola
336 2950 411 3016 lecit
431 2948 485 3015 hio
500 2945 636 3040 populus
653 2970 661 3012 :
680 2969 732 3015 me
754 2947 990 3036 dereliquerunt
1011 2946 1139 3014 fontem
1156 2972 1243 3037 sque

208 3062 326 3136 trive,
348 3072 381 3126 et
399 3059 549 3126 foderunt
567 3056 655 3124 lacus
669 3057 837 3134 contritos,
857 3059 912 3146 qui
932 3082 1049 3148 aquam
1075 3061 1241 3127 continere

208 3197 221 3235 ι
236 3195 300 3238 non
311 3180 462 3260 poterunt
471 3167 493 3233 ⁶.
508 3169 571 3234 »Et
584 3191 693 3235 rursus
704 3191 762 3257 per
777 3149 925 3236 eumdem
940 3193 948 3234 ι
961 3169 1160 3238 «Peccatum
1172 3195 1244 3263 με·

207 3282 320 3349 soavit
338 3277 548 3355 Hierusalem,
564 3291 732 3368 propterea
753 3279 787 3344 in
805 3281 1056 3348 commotionem
1076 3282 1164 3350 facta
1179 3297 1237 3350 est.

206 3390 356 3458 »Omnes
378 3390 432 3479 qui
452 3386 673 3479 glorificabant
694 3411 782 3465 eam,
801 3401 987 3479 spreverunt
1012 3389 1136 3478 ipsam,
1158 3415 1241 3480 qno-

205 3529 219 3564 »
236 3502 321 3568 niam
332 3501 479 3568 viderunt
487 3499 558 3589 ejus
569 3498 800 3587 turpitudinem
810 3497 833 3564 ⁸.
849 3497 1120 3586 »Redargutionis
1133 3513 1240 3566 autem

207 3609 412 3677 acerbitatem
438 3621 471 3676 et
491 3607 727 3676 vehementiam
748 3627 807 3695 per
830 3604 1036 3674 Salomonem
1058 3605 1239 3684 consolans,

207 3719 302 3796 dicit,
318 3715 424 3788 ¹tacite
456 3718 637 3809 significans
666 3715 857 3807 Paedagogiae
885 3719 919 3788 in
943 3715 1029 3786 lilios
1058 3741 1200 3786 amorem
1227 3742 1238 3782 :

123 3909 130 3914 -
224 3873 585 3936 ,¹lsu.=,2,3.-²ter.1,
601 3875 695 3937 16‚17;
712 3873 983 3939 u,13,19.-⁸Paal.
999 3890 1060 3935 ιιι,
1077 3873 1236 3924 1.-⁴1ni.

207 3969 226 4013 ι,
235 3950 261 4009 l.
270 3977 300 3989 -
313 3949 324 3984 ⁸
335 3948 389 4000 Jcr.
402 3966 432 4011 rr,
444 3963 482 4009 ιι,
495 3947 763 4015 19.-⁸Ttrsn.1,8.
