2596 4624
216 263 276 328 {58
524 281 696 326 armannum
721 280 932 349 ιιιιιιιιιιιιιιιι

212 421 310 490 quem
325 399 403 489 ipse,
421 397 582 486 quomodo
597 395 805 486 Ganymeden
820 407 911 462 antea
926 392 1065 484 Jupiter,
1083 409 1297 461 commera-

213 507 267 573 rit.
288 506 355 574 Nec
368 505 474 584 enim¹¹
492 505 647 596 cupiditas
668 529 705 571 ea
727 504 861 572 modum
882 502 974 570 facile
997 517 1108 570 tenere
1133 512 1297 592 potest,

214 639 285 704 quae
299 613 386 682 nullo
404 627 493 682 metu
508 627 684 682 coercetur.
703 615 814 705 ltaque
829 637 926 681 sacrae
937 614 1068 682 Antinoi
1085 623 1230 680 noctes
1247 610 1297 674 ab

214 723 398 791 hominibus
413 725 509 791 hodie
523 723 618 791 cultu.
634 711 744 791 divino
755 722 971 800 celebrantur,
987 745 1128 814 quarum
1158 719 1297 808 turpi-

215 833 333 901 tudinis
348 834 408 900 sibi
420 845 543 900 amator
557 835 623 923 ipse
634 833 780 902 conscius
791 845 873 910 erat,
884 833 939 924 qui
951 833 1045 901 simul
1063 857 1146 902 cum
1163 851 1296 922 puero

215 943 473 1035 vigilaret.‘Quid
487 945 566 1012 mihi
581 945 679 1012 relars
694 946 778 1011 inter
793 943 882 1022 deos,
899 945 951 1010 cui
966 944 1140 1034 praemium
1161 939 1293 1030 stupri

213 1053 353 1122 honores
374 1054 620 1146 persolvuntur?
634 1078 694 1124 cur
708 1067 817 1123 autem
830 1077 907 1122 cum
921 1055 1040 1143 jussisti
1061 1051 1180 1144 lugeri
1204 1062 1292 1116 tan-

214 1187 312 1254 quam
323 1163 448 1230 filiunt
459 1187 518 1232 cur
534 1165 603 1254 ejus
621 1163 892 1256 pulchritudinem
908 1163 1059 1232 enarras?
1070 1161 1213 1252 Turpis
1235 1172 1292 1225 est

213 1272 420 1365 pulchritudo
439 1299 509 1365 qum
528 1298 585 1366 per
601 1273 828 1342 contumeliam
848 1275 1015 1344 emarcuit.
1041 1273 1090 1342 lle
1114 1270 1289 1361 tyranni-

216 1386 291 1452 dem
314 1409 475 1463 exerceas,
496 1409 516 1452 o
535 1385 648 1482 homo,
673 1385 706 1453 in
727 1381 1017 1475 pulchritudinem
1034 1369 1076 1452 iae
1098 1386 1287 1474 probrum

216 1493 331 1562 inseras
347 1493 474 1562 florenti
495 1492 687 1562 adolescenti
701 1517 710 1560 ι
725 1495 826 1584 ipsam
842 1518 954 1586 puram
964 1519 1067 1573 serra.
1081 1508 1122 1560 ut
1135 1495 1184 1561 sit
1206 1491 1283 1584 pul-

144 1692 150 1704 ·
213 1601 303 1670 chra.
318 1601 567 1670 pulchritudinis
582 1627 639 1670 rex
649 1616 730 1683 esto,
744 1627 810 1671 non
821 1616 986 1694 tyrannus.
1000 1607 1097 1674 Liber
1111 1615 1279 1676 maneam

217 1714 363 1782 sictuam
374 1707 647 1804 pulchriludinem
658 1702 842 1805 agnoscam,
861 1717 934 1804 quia
952 1740 1064 1807 puram
1080 1714 1279 1783 servaveris

217 1825 399 1916 imaginem.
415 1824 469 1891 Sic
484 1847 592 1891 veram
602 1824 743 1912 adorabo
757 1824 1042 1916 pulchritudinem,
1056 1851 1133 1916 quae
1149 1824 1279 1916 primi-

216 1937 347 2028 genium
360 1934 570 2026 pulchrorum
586 1935 730 2002 omnium
744 1935 907 2026 exemplar
917 1949 965 2004 est
982 1948 1015 2004 et
1032 1937 1153 2004 forma.
1171 1937 1277 2004 Nunc

220 2047 360 2115 catamiti
377 2046 474 2136 hujus
494 2044 697 2135 sepulcrum}
718 2047 850 2114 Antinoi
872 2044 1028 2137 templum
1047 2060 1081 2114 et
1099 2047 1276 2138 oppidmn

220 2171 278 2226 est.
288 2159 458 2225 Enimvero
469 2155 576 2233 simili,
591 2169 626 2224 ut
644 2158 770 2246 opinor,
784 2156 903 2247 templa
915 2156 1128 2250 sepulcraque
1140 2158 1275 2225 suntin

151 2257 155 2271 ⁸
219 2269 446 2336 admiratione:
457 2265 640 2356 Pyramides
651 2267 782 2357 quippe,
791 2265 964 2344 Mausolea,
976 2266 1192 2356 labyrinthi,
1206 2264 1271 2331 alia

204 2379 367 2468 ¹quaedam
381 2388 455 2444 sunt
470 2375 588 2468 templa
599 2387 813 2454 mortuorum,
824 2376 1096 2464 quemadmodum
1107 2373 1170 2440 illa
1187 2375 1273 2440 deo

221 2501 295 2557 rum
303 2487 458 2579 sepulcra.
471 2487 652 2576 Magistram
664 2488 750 2555 vobis
761 2486 892 2560 afferam
902 2485 1064 2552 fatidicam
1076 2483 1267 2573 Sibyllam:

301 2622 368 2679 Non
379 2617 476 2677 oracla
487 2617 605 2694 quidem
619 2617 714 2677 dantis
727 2617 875 2678 mendacia
888 2617 1008 2690 Phoebi,
1021 2583 1025 2654 l

303 2721 399 2791 Quem
413 2716 513 2776 dixere
526 2715 630 2790 deum,
642 2737 729 2796 quem
746 2718 819 2778 salso
830 2720 947 2778 nomine
962 2721 1036 2780 vatis

302 2817 379 2876 Vani
388 2817 572 2897 appellarunt
585 2817 734 2893 homines;
743 2821 795 2880 sed
806 2821 925 2880 numina
935 2821 1000 2882 veri

303 2923 410 2998 Magna
420 2918 490 2991 Dei,
503 2937 589 2996 quem
601 2938 661 2977 non
674 2919 824 2978 hominum
835 2940 937 2980 manus
946 2920 1007 2979 ulla
1019 2919 1143 2998 dolavit,

304 3018 398 3099 Signis
406 3017 585 3078 consi-milam
596 3020 692 3091 mutis,
701 3039 830 3100 saxoque
839 3021 946 3101 politis.

225 3130 305 3196 llaec'
315 3125 445 3215 quidem
464 3126 572 3193 ruinas
594 3125 787 3216 templorum
807 3127 965 3216 preadicit,
989 3129 1056 3195 sore
1077 3129 1267 3219 significans

181 3322 185 3326 Ι
224 3251 260 3305 ut
274 3234 429 3326 templum
443 3233 587 3325 Ephesia
602 3235 710 3302 Dianae
726 3248 817 3302 terrm
831 3237 972 3304 motibus
986 3236 1199 3328 hiatibusque
1214 3240 1266 3306 ab

223 3351 404 3423 sorbeatur,
420 3345 469 3412 his
484 3347 608 3414 verbis:

306 3481 344 3535 At
357 3474 500 3552 lacrymas
513 3475 644 3554 Ephesus
656 3474 798 3536 recubans
812 3476 849 3534 ad
862 3477 962 3536 littora
974 3478 1085 3550 fundet,
1157 3452 1161 3464 ⁸

305 3579 344 3634 Et
354 3575 435 3652 quod
449 3575 505 3635 erit
515 3595 657 3656 nusquam
668 3575 809 3655 templum
820 3577 1000 3655 gemebunda
1013 3578 1156 3656 requiret.

226 3685 350 3754 Fanum
364 3702 439 3748 vero
450 3659 540 3751 lsidid
550 3671 583 3751 et
595 3683 754 3775 Sarapidis
769 3685 803 3753 in
819 3684 957 3782 AEgypto
972 3685 1040 3756 solo
1051 3686 1261 3776 aequandum,

225 3805 260 3862 et
274 3788 421 3859 incendio
435 3793 668 3863 absumendum
684 3794 782 3863 dicit:

257 3921 343 3974 *vide
355 3919 387 3972 D.
395 3920 505 3984 Gnidon,
513 3939 540 3988 p.
554 3924 611 3977 38³.
