2412 4596
291 283 477 330 eunome!
499 283 561 328 tm.
589 287 623 328 11.
933 291 974 356 79

2 407 197 479 &aaronem
214 403 455 495 Apostolorum,
472 403 570 471 fidem
589 406 630 473 ad
648 407 782 472 verbum
798 407 927 472 Domini
942 419 975 474 et

2 518 69 586 iiam
77 518 128 583 llei
139 512 273 582 attollit?
286 514 434 582 Nondum
449 498 653 603 intelligimus
670 514 975 582 demonstrationem

2 649 30 694 ee
46 627 162 692 verbum
183 622 319 690 Domini.
339 622 621 707 Quemadmodum
633 645 709 712 ergo
721 621 852 711 sphaeree
864 622 975 702 lusus,

2 757 28 802 tn
44 732 133 800 solum
147 732 301 822 dependet
323 733 362 798 ah
378 753 439 806 eo,
460 731 514 819 qui
534 731 633 796 mittit
649 755 689 796 ex
709 743 779 798 erte
794 731 950 821 sphaeram
965 783 975 809 ,

2 841 116 911 delium
130 842 222 908 etiam
237 841 386 928 requirit,
410 840 463 929 qui
479 838 566 907 illam
581 863 749 906 numerose
769 842 924 931 excipiat,
940 855 977 908 ut

2 968 9 1016 t
27 951 138 1039 spherae
157 948 277 1040 legibue
300 961 469 1038 peragatur
487 947 553 1014 ludi
576 949 761 1028 exercitatio
782 973 790 1015 ε
815 951 858 1017 iu
879 950 976 1017 etiam

2 1039 90 1124 lerina
104 1068 166 1124 tum
186 1053 316 1123 demum
332 1056 394 1121 fide
413 1057 506 1146 digne
526 1079 595 1122 esse
616 1055 778 1134 cernitur,
794 1057 922 1146 quando
935 1055 977 1124 ii-
1007 1062 1009 1066 ’

3 1191 143 1244 eaerum,
158 1170 209 1258 qui
227 1169 380 1245 audiunt,
400 1191 472 1256 que
485 1177 534 1233 est
548 1191 618 1245 are,
636 1181 672 1232 ut
687 1169 730 1234 ita
742 1168 866 1246 dicem,
881 1182 977 1236 natu-

4 1275 47 1352 ts,
58 1277 91 1344 ed
100 1301 166 1346 eam
177 1276 362 1344 discendam
375 1277 511 1343 confert.
526 1275 620 1342 Haud
635 1276 727 1343 aliter
738 1271 866 1366 adjuvat
881 1279 977 1346 etiem

3 1404 40 1461 ea
51 1384 146 1450 fertilis
157 1385 197 1452 ad
212 1386 373 1452 seminum
389 1383 611 1476 dejectionem.
628 1385 739 1474 Neque
753 1386 839 1452 enim
851 1387 979 1480 optimae

4 1495 97 1570 utrina
106 1505 149 1559 eet
161 1491 266 1583 aliqua
283 1493 422 1573 utilitas,
439 1494 497 1560 nisi
509 1493 563 1583 qui
579 1493 691 1570 discit,
707 1495 808 1583 probe
823 1516 896 1562 eam
908 1519 980 1562 sus-

6 1598 66 1690 piat;
80 1625 173 1691 neque
184 1603 361 1692 prophetiae
373 1653 381 1678 ,
394 1603 454 1669 nisi
473 1623 596 1668 morem
612 1615 741 1692 gerant,
757 1603 815 1692 -qui
833 1627 904 1671 eam
920 1629 978 1670 au-

7 1721 57 1774 ant.
73 1711 244 1790 Quinetiam
261 1708 521 1786 aristatonem,
540 1734 610 1798 quoe
629 1722 704 1777 sunt
712 1724 833 1800 paratae
853 1712 893 1778 ad
910 1735 979 1778 sue-

9 1816 120 1904 piendam
135 1820 212 1909 ignia
230 1821 318 1896 vim,
342 1817 464 1900 facilins
479 1819 700 1886 accenduntur
717 1843 726 1884 a
743 1831 777 1885 et
790 1819 869 1910 lapis
885 1820 983 1910 vulgo

8 1921 119 1992 elcbertus
136 1927 256 1993 serrum
282 1926 379 1994 trehit
400 1937 531 2016 propter
548 1940 669 1993 naturae
685 1929 929 2017 cognationem,
949 1942 982 1995 et

4 2021 90 2119 ’'loryna
104 2035 221 2101 succini
250 2033 382 2101 attrahit
409 2033 564 2110 festucae,
589 2047 623 2100 et
633 2034 789 2106 electrum
805 2050 984 2106 commovet

10 2135 70 2206 dees.
84 2143 127 2208 Eia
142 2156 249 2210 autem
269 2155 401 2232 parent,
423 2165 493 2232 quae
514 2142 685 2210 trahuntur
702 2143 829 2211 occulto
846 2144 984 2236 quodem

11 2243 64 2312 iritu
74 2261 164 2318 tracta
177 2302 186 2329 ,
204 2275 274 2318 non
287 2263 322 2316 ut
331 2234 522 2341 principales
535 2274 655 2328 causae,
669 2252 726 2318 sed
737 2264 773 2318 ut
784 2253 980 2341 adjuvantes.

282 2389 569 2458 ARTIGULUS
591 2389 638 2456 ll.

344 2539 420 2582 rane
443 2537 584 2582 nonnus.

15 2637 52 2705 Ex
65 2634 128 2708 lide
145 2639 311 2737 plurimae
328 2651 529 2708 nascuntur
545 2642 713 2725 virtutes,
727 2661 876 2737 nempe:

20 2782 51 2854 1⁰.
64 2761 301 2857 poenitentiae

16 2909 168 2987 llieienim²
184 2916 358 2984 crediderit
372 2939 441 2982 esse
455 2927 639 3005 peecatum,
659 2939 723 3006 quo
743 2916 830 3004 prius
852 2919 984 2986 tenebe-

7 3021 191 3094 euoenon
208 3023 422 3092 dimovebitur
437 3046 445 3090 τ
460 3035 492 3088 et
503 3023 563 3088 nisi
578 3021 771 3100 crediderit,
788 3024 817 3092 ei
833 3024 984 3111 quidem,

7 3125 184 3224 tidelnquit,
201 3133 389 3224 impendere
405 3124 595 3222 supplicium
611 3156 619 3197 :
638 3144 780 3222 paratam
796 3143 904 3200 autem
916 3155 985 3197 esse

7 3227 139 3319 irenei,
164 3242 219 3331 qui
236 3265 276 3308 ex
293 3241 460 3334 preceptis
479 3239 573 3317 vivit,
594 3263 634 3306 ne
660 3240 706 3306 eie
728 3239 860 3328 quidem
878 3251 986 3308 muta·

5 3341 54 3410 stur.

18 3477 54 3550 α’.
64 3486 166 3581 Spcs²
184 3515 192 3556 :

11 3617 66 3689 lem
83 3637 184 3693 autem
201 3651 272 3716 spes
292 3650 419 3718 quoque
435 3627 580 3694 consistit
591 3648 629 3691 ex
648 3623 722 3691 fide.
742 3621 905 3692 Definiunt
923 3625 985 3694 ita-

7 3735 69 3812 ¹1¹³a-
80 3750 134 3812 ⁴43-
723 3751 725 3756 ’

6 3827 371 3908 'vuen.cnauon,pag.395.

7 3915 66 3983 'Pte-
79 3923 123 3984 did
133 3939 217 3995 etseq.
