2478 4594
145 267 208 352 298
456 289 629 334 comm
654 289 864 336 luxuum

142 423 295 478 semum
316 412 414 480 habet
435 413 693 506 intelligentiam,
714 428 749 482 et
767 415 855 504 quod
870 414 908 480 fit
929 416 964 480 in
985 415 1187 490 uentum

144 521 177 586 in
206 521 349 610 partibus
375 524 420 588 rei
447 517 725 614 uniuscujusque,
750 525 970 613 inspiciendo,
998 525 1188 612 circumspi-

143 629 278 705 ciendo,
294 643 327 695 et
347 630 441 696 simul
464 633 665 721 aspiciendo,
687 632 753 699 boc
768 633 874 698 evenit
895 633 930 697 in
955 633 1038 697 Deo.
1059 633 1188 698 lseuim

146 736 240 803 simul
256 740 363 806 omnia
380 763 416 806 ac
435 741 684 832 unumquodque
700 743 798 808 etiam
816 739 983 830 sigillatim
996 741 1111 829 aspicit
1127 765 1188 805 uno

146 845 262 912 intuitu
276 897 285 922 ,
299 871 364 912 non
377 861 483 914 tamen
496 849 602 914 omnia
617 874 676 940 per
690 848 866 937 principale
878 849 1080 916 institutum.
1095 847 1187 914 ttutu

143 953 228 1019 enim
244 979 283 1019 ex
298 955 334 1020 iis
349 979 420 1045 quae
437 967 509 1024 sunt
534 959 566 1022 in
582 957 662 1033 rita,
678 982 738 1048 per
750 955 930 1025 humanam
955 957 1118 1022 rationem
1141 982 1186 1021 or-

143 1071 211 1128 tum
235 1063 418 1152 accipiunt,
451 1089 525 1133 cum
551 1065 700 1132 divinitus
726 1065 916 1156 acceperint
944 1065 1183 1130 suscitabnlum

144 1169 227 1236 Ecce
244 1171 330 1237 enim
343 1153 459 1238 sanitas
475 1197 531 1261 per
546 1173 758 1250 medicinam,
779 1186 812 1238 et
828 1175 917 1240 bona
940 1173 1087 1264 corporis
1103 1173 1184 1238 habi-

142 1277 221 1344 tudo
236 1303 293 1367 per
309 1279 486 1369 nlipticam,
503 1292 535 1345 et
551 1273 665 1346 diviliae
675 1305 734 1370 per
749 1281 1013 1372 negotiationem
1031 1283 1180 1354 orirmtor,

142 1403 176 1456 et
201 1387 315 1455 adsunt
327 1441 336 1464 ,
349 1415 407 1480 per
423 1389 561 1456 divinam
583 1390 714 1478 quidem
729 1389 999 1466 Providentiam,
1013 1415 1118 1456 serum
1135 1389 1181 1455 bn

143 1524 237 1567 mana
253 1523 349 1590 opera
365 1511 587 1570 concurrente.
610 1498 638 1566 A
655 1497 723 1566 Deo
740 1512 849 1566 autem
876 1511 931 1564 est
959 1499 1061 1565 etiam
1078 1499 1179 1566 intelb-

142 1610 258 1700 gentia.
291 1607 394 1696 Atque
427 1607 538 1674 divinae
565 1591 694 1698 quidem
721 1607 877 1674 voluntati
908 1609 1057 1674 maxime
1083 1610 1173 1674 obedit

145 1719 303 1786 bonorum
329 1717 468 1784 virorum
492 1715 628 1788 liberum
651 1715 786 1806 eligendi
814 1717 1025 1783 arbitrium:
1044 1718 1169 1805 quoniam

145 1829 304 1894 bonorum
316 1825 445 1912 quidem
466 1834 499 1892 et
514 1823 671 1890 malorum
686 1823 853 1890 hominum
870 1823 987 1891 multa
1012 1838 1080 1890 sant
1096 1849 1174 1890 oom-

145 1935 240 2002 moda
253 1933 433 2001 communia
447 1957 454 1997 :
469 1933 550 1998 liunt
565 1945 672 1999 tamen
689 1931 777 1998 utilia
795 1932 867 2000 solis
887 1935 994 2000 bonis
1015 1947 1047 2000 et
1067 1934 1173 2022 probis.

145 2068 281 2134 quorum
294 2045 481 2110 causaDeus
495 2041 565 2108 hacc
578 2041 662 2108 lecit.
684 2043 735 2110 Ad
756 2067 848 2110 usum
858 2043 956 2110 enim
974 2046 1125 2110 bonmum
1141 2043 1174 2106 ri

144 2164 357 2220 rorumenata
372 2165 420 2219 est
430 2154 475 2218 vis
490 2175 621 2228 eorum,
634 2175 705 2242 quae
727 2153 799 2220 data
815 2166 891 2218 sunt
909 2151 1078 2218 divinitus.
1091 2153 1168 2233 Quin

143 2263 239 2330 etiam
265 2285 378 2328 eorum
404 2261 608 2352 cogitationes
633 2262 686 2350 qui
707 2273 783 2328 sunt
804 2263 925 2328 virtute
960 2263 1103 2352 praediti,
1120 2283 1169 2350 per

143 2370 286 2437 divinam
303 2371 386 2438 fiunt
408 2369 662 2460 inspirationem,
677 2393 751 2437 cum
768 2371 873 2460 anima
894 2353 1127 2459 quodammodo
1139 2369 1173 2432 sit

144 2479 316 2572 disposita,
332 2493 364 2546 et
380 2479 484 2546 divina
503 2477 647 2546 voluntas
663 2479 695 2545 in
711 2479 869 2546 humanas
890 2481 1019 2546 animas
1035 2479 1173 2546 transmit

143 2601 249 2664 tatur,
264 2589 358 2654 oertis
372 2589 430 2655 Dei
446 2587 596 2655 ministris
608 2639 616 2663 .
633 2587 673 2653 ad
689 2586 762 2655 talia
779 2589 962 2656 ministeria
983 2613 1071 2678 opem
1082 2589 1171 2652 semn-
1237 2573 1238 2622 Q

143 2697 238 2763 tibus.
257 2697 338 2763 llam
348 2721 408 2787 per
422 2710 532 2787 gentes
547 2709 579 2761 et
594 2697 735 2764 civitates
754 2709 829 2764 sunt
853 2697 1030 2764 distribute
1046 2693 1169 2784 ,togate
1237 2713 1238 2728 ¹

141 2827 215 2874 rum
233 2807 446 2896 praelecturae:
461 2805 592 2872 sortasse
614 2819 721 2874 autem
738 2809 884 2874 etiamen
903 2807 941 2874 iis
955 2821 1028 2872 sunt
1040 2804 1174 2896 deputati
1236 2795 1238 2807 ⁴

143 2913 283 3005 singolis.
309 2915 419 2984 Pastor
440 2915 547 3004 itaque
561 2927 594 2980 et
610 2915 804 3006 singularum
826 2917 937 2982 ovium
959 2940 1070 2984 curam
1086 2913 1172 3005 gerit:

142 3023 180 3088 ris
193 3034 299 3089 tamen
315 3023 451 3090 maxime
472 3021 659 3111 providendi
681 3037 714 3089 et
740 3024 861 3090 visendi
877 3037 970 3090 tonet
989 3048 1065 3090 cum
1092 3047 1175 3095 cura,

144 3131 199 3220 qui
215 3143 331 3196 suntet
354 3127 506 3220 praeclaro
526 3131 673 3220 ingenio,
690 3143 722 3196 et
744 3130 866 3222 populo
890 3131 1033 3198 multum
1058 3143 1178 3221 possut
1236 3209 1237 3216 ἵ

143 3237 301 3332 prodesse.
316 3237 342 3304 Ii
358 3251 465 3305 autem
485 3250 559 3307 sunt
572 3239 669 3328 quiet
685 3239 726 3303 ad
745 3240 925 3328 regendum
945 3253 980 3305 et
1004 3241 1178 3306 docendmn
1236 3227 1237 3230 Ἴ

143 3357 217 3409 sunt
230 3343 313 3434 apti,
325 3369 383 3434 per
394 3367 473 3434 quos
484 3343 690 3410 Providentiae
702 3345 858 3412 evidentia
871 3358 982 3434 aperte
993 3347 1179 3420 ostenditur,

142 3451 271 3542 quando
293 3451 341 3517 vol
362 3477 418 3542 per
437 3451 636 3528 doctrinam,
662 3451 709 3518 vel
728 3477 786 3542 per
805 3455 1028 3544 magistratum
1044 3453 1180 3521 et'admi

142 3559 382 3636 nistrationem,
398 3557 556 3626 vultDeus
573 3559 760 3626 benefacere
775 3559 979 3636 hominibus3
999 3560 1067 3628 nult
1082 3576 1180 3628 autem

143 3691 286 3756 semper,
306 3681 337 3733 et
353 3669 425 3734 ideo
440 3680 546 3734 movet
561 3669 681 3757 eosqui
698 3681 771 3735 sunt
786 3670 850 3758 apti
868 3669 908 3734 ad
928 3693 966 3735 cn
983 3667 1178 3735 utilitereffi-

42 3767 46 3776 ¹
144 3775 255 3843 cienda
272 3801 342 3864 qum
358 3777 517 3865 pertinent
537 3777 578 3844 ad
596 3801 707 3866 pacem
731 3790 764 3843 et
785 3777 937 3843 virtutem
953 3789 986 3844 ct
1001 3777 1179 3844 beneficen-

144 3886 231 3952 tiam.
249 3887 414 3974 Quidquid
428 3898 532 3952 auton)
548 3899 595 3952 est
612 3888 729 3954 virtuto
743 3887 1108 3975 praeditumctasirtute
1121 3886 1179 3950 ori—
