2546 4614
130 276 194 352 458
314 299 317 308 ·
547 301 571 342 s.
599 291 768 344 nrrronrrr

174 418 215 484 ll.
231 417 339 508 Neque
354 420 416 486 hoc
430 403 648 486 tantummodo
660 421 851 510 dignitatem
866 443 963 508 aque
978 419 1106 492 evincit,
1120 423 1163 484 sed

131 539 164 594 et
179 532 266 618 quod
286 534 434 600 omnibus
454 531 521 598 aliis
539 533 633 598 rebus
655 544 703 597 est
724 529 955 606 venerabilius,
980 530 1086 618 opifex
1105 555 1164 596 our·

132 642 223 708 nium
236 643 380 710 Christus
390 644 504 734 pluviae
515 643 548 708 in
560 642 699 709 morem¹
715 642 894 718 descendit,
908 653 946 704 ut
960 639 1036 705 sons
1046 640 1058 673 ²
1070 653 1164 735 estco

133 753 251 840 gnitus,
266 766 415 842 tanquam
426 752 567 822 ssumen³
580 777 648 820 sese
663 753 804 827 diffudit,
816 764 851 820 et
865 752 899 816 in
916 751 1065 816 Jordane
1081 752 1163 839 bapti

133 842 287 926 zatus-est.
302 863 373 927 Jam
384 863 470 928 enim
480 861 606 927 audiisti
618 862 704 950 quod
715 862 756 927 ad
766 862 930 927 loannem
942 861 1034 924 venit
1046 860 1166 926 Jesuset

134 970 324 1060 baptismum
335 973 376 1036 ab
386 996 425 1036 eo
437 974 575 1062 suscepit
584 972 606 1037 ⁶.
622 971 711 1038 Ores
727 971 930 1060 dignissimas
944 971 1163 1038 admiratione!

134 1080 220 1145 urbis
231 1080 287 1145 Dei
298 1079 441 1158 Deliciae,
454 1081 614 1150 inlinitum
629 1081 765 1148 Flumen
780 1082 894 1172 exigua
908 1078 1058 1146 abluitur
1071 1106 1162 1170 aqua:

132 1189 215 1255 Fons
237 1190 578 1278 incomprehensibilis,
595 1217 664 1282 quae
685 1193 783 1259 vitam
813 1192 969 1258 omnibus
994 1192 1163 1258 hominibus

132 1301 359 1390 progerminat,
390 1314 422 1368 et
448 1301 582 1368 termino
609 1315 709 1379 caret,
736 1327 754 1367 a
779 1303 885 1391 parvis
913 1315 948 1366 et
977 1304 1164 1390 temporariis

132 1409 220 1498 aquis
235 1411 402 1476 obruitur:
417 1412 471 1500 qui
489 1412 605 1502 ultique
619 1436 756 1502 praesens
775 1424 823 1478 est
839 1435 902 1478 nec
920 1436 1059 1501 usquam
1073 1415 1160 1486 abest,

132 1521 457 1611 incomprehensibilis
477 1524 617 1614 Angelis,
634 1537 666 1592 et
681 1527 720 1592 ab
742 1524 916 1593 hominum
933 1538 1102 1612 compecw
1115 1549 1157 1589 re-

130 1643 251 1710 motus,
265 1633 306 1698 ad
317 1634 510 1722 baptismum
522 1635 658 1710 accedit,
673 1647 708 1698 ut
719 1634 779 1730 ipsi
794 1631 930 1721 placuit.
943 1633 1014 1698 flac
1023 1655 1086 1697 cunr
1096 1656 1148 1694 au-

131 1740 193 1817 dis,
211 1739 337 1816 dilecte,
354 1764 396 1808 ne
412 1740 546 1809 naturali
560 1767 649 1810 more
660 1744 744 1816 dicta
760 1743 883 1831 accipe,
901 1743 964 1808 sed
980 1766 1034 1830 per
1047 1742 1154 1829 dispen-

131 1853 286 1918 sationem
302 1855 443 1943 apposita
460 1855 621 1949 suscipito.
636 1853 775 1942 Ideoque
787 1876 849 1919 nec
864 1876 967 1942 aquas
984 1851 1073 1918 latuit
1086 1853 1164 1940 quod

132 1962 287 2030 Dominus
298 1987 337 2028 ex
351 1987 459 2030 amoro
475 1965 507 2030 in
524 1965 669 2036 homines
681 1986 714 2027 se
726 1962 900 2027 demittens
912 1961 946 2026 in
959 1958 1088 2027 occulto
1099 1985 1164 2050 ope

130 2073 278 2145 rebatur3
298 2075 457 2140 viderunt
473 2074 559 2143 enim
574 2096 649 2140 cum
664 2096 759 2158 aquae
773 2087 804 2138 ot
823 2069 1044 2136 tirnuerrrnt‘.
1058 2070 1167 2136 Parum

131 2183 231 2248 abfuit
247 2184 323 2270 quin
346 2195 534 2277 exurgerent
555 2195 649 2270 atque
665 2181 820 2248 limitibus
843 2180 909 2245 suis
929 2180 1043 2270 positis
1066 2203 1168 2245 erum·

131 2305 253 2382 perant.
274 2293 365 2362 Unde
379 2295 538 2384 Propheta
552 2293 647 2383 longo
664 2293 807 2382 temp'ore
819 2304 895 2357 ante
913 2292 980 2358 hoc
995 2292 1106 2357 ridens
1118 2313 1166 2356 eas

132 2404 306 2494 interrogat
318 2417 352 2473 et
363 2405 426 2470 ait:
446 2431 459 2466 ι
471 2404 559 2485 Quid
572 2417 620 2476 est
634 2405 705 2480 tibi,
717 2427 818 2478 mare,
831 2403 922 2492 quod
937 2402 1071 2492 fugisti?
1081 2415 1112 2467 et
1124 2416 1164 2475 tu,

133 2513 320 2589 »lor-danis,
334 2515 420 2602 quod
435 2537 606 2584 conversus
624 2538 657 2580 es
676 2527 852 2580 retrorsum
862 2511 873 2546 ⁸
884 2512 925 2578 l»
941 2510 1011 2588 lllae
1026 2536 1099 2578 vero
1112 2536 1165 2577 ras-

130 2624 294 2714 pondent:
314 2624 468 2693 Omnium
481 2647 588 2694 rerum
601 2625 806 2694 Conditorem
823 2624 857 2689 in
875 2622 984 2688 forma
998 2623 1081 2688 sarri
1095 2623 1160 2687 ridi-

131 2755 216 2808 mus‚
230 2744 264 2798 et
282 2733 345 2802 hoc
369 2734 557 2822 mysterium
573 2732 813 2822 dispensationis
837 2755 912 2798 cum
936 2733 1151 2820 ignoraremus,

130 2867 197 2934 prae
208 2855 297 2910 metu
308 2856 476 2910 commotae
488 2841 626 2908 sumus⁷.
711 2831 722 2849 ⁶

176 2953 232 3020 lll.
246 2953 309 3020 Nos
320 2976 394 3019 vero
406 2953 521 3039 quibus
530 2953 706 3020 oeconomia
718 2951 770 3018 illa
779 2952 907 3042 cognitu
914 2953 985 3040 jam
995 2963 1057 3026 est,
1067 2951 1164 3017 adorr-

132 3083 201 3131 mus
215 3063 284 3149 ejus
300 3061 563 3136 misericordiam,
580 3063 666 3150 quod
679 3062 763 3128 venit
780 3073 943 3128 serratum
960 3074 1094 3135 terram,
1107 3083 1167 3124 non

133 3171 321 3258 judicatum.
345 3171 435 3238 Unde
456 3173 551 3238 etiam
572 3172 916 3261 ‹loannespraecursor
933 3171 1079 3246 Domini,
1099 3191 1169 3234 cum

131 3281 195 3348 hoc
206 3281 392 3372 mysterium
403 3282 490 3369 quod
509 3279 685 3346 nesciverat
701 3293 794 3346 antea
808 3281 946 3346 edoctus
959 3281 1169 3368 cognovisset,

132 3392 219 3479 quod
236 3415 309 3458 vere
327 3392 481 3458 Dominus
503 3403 598 3465 esset,
616 3388 802 3456 exclamavit
822 3389 864 3456 ad
882 3390 942 3456 hos
963 3390 1018 3476 qui
1038 3387 1174 3452 adeum

134 3501 313 3591 baptizandi
336 3513 487 3568 venerant
508 3524 516 3564 ε
538 3502 715 3590 Progenies
728 3499 948 3590 viperarum⁸
971 3499 1051 3587 quid
1071 3499 1104 3562 in
1120 3519 1175 3560 me

133 3621 198 3680 tam
213 3611 416 3684 vehementer
433 3609 621 3681 intuemini}j
633 3635 702 3677 raon
712 3635 787 3678 aum
800 3608 971 3676 Christus·
985 3630 994 3670 τ
1010 3608 1170 3680 minister,

169 3817 248 3866 ¹Dse.
262 3834 297 3878 vr,
315 3819 337 3868 3.
356 3847 387 3856 —
398 3818 409 3852 ²
421 3819 496 3868 Joan.
510 3835 548 3881 rr,
565 3818 645 3878 il.-
660 3817 670 3853 ⁸
683 3817 723 3867 ld.
737 3833 786 3877 ιιι,
797 3815 839 3864 38.
855 3843 886 3852 —
898 3815 909 3846 ί
920 3815 1016 3863 ttarrh.
1030 3833 1073 3875 ιιι,
1090 3813 1128 3860 13.
1143 3837 1171 3847 -·

133 3893 220 3943 ⁵Paal.
233 3908 298 3952 exrv,
308 3893 331 3940 3.
344 3922 374 3932 -
388 3893 477 3945 ttbid.
488 3897 512 3943 ⁵.
522 3893 645 3944 -⁷Phtt.
663 3912 693 3952 ιι,
707 3909 731 3957 7.
747 3919 778 3929 -
789 3891 799 3924 ⁸
810 3891 902 3940 Matth-
915 3907 955 3947 ιιι,
969 3891 1006 3939 rt.
1019 3917 1051 3931 -
1066 3889 1163 3938 ’loen

135 3989 153 4030 ι,
168 3985 203 4018 ao.
