2522 4608
237 261 302 330 366
548 283 721 333 ctsusrrrs
745 287 956 336 rusurrensi

237 427 292 470 eos
304 402 346 470 sd
359 398 488 468 stultam
502 393 668 492 impellens
682 401 914 494 lippitudinem.
939 404 1043 496 Atque
1062 429 1118 474 eos
1129 409 1231 498 ,qutun

236 516 292 603 qui
308 526 381 580 sunt
400 511 546 588 condidi,
563 525 595 579 ct
609 537 676 580 non
695 515 780 582 intus
796 515 982 594 adulterini,
994 518 1136 586 candidis
1147 533 1174 586 ct
1188 523 1231 588 nri-

235 628 320 693 nime
336 625 468 692 curiosis
485 646 524 691 uc
534 625 686 713 ,operosis
700 627 840 696 vestibus
857 629 903 696 uti
919 629 1229 696 convenientissimum,

233 741 350 830 Aperte
373 751 460 806 certe
477 751 511 804 et
527 761 608 828 pure
624 740 737 808 Daniel
760 744 915 833 propheta
929 767 965 812 :r
984 742 1082 810 Positi
1104 755 1183 820 sunt,
1195 745 1231 809 is·

232 851 344 936 spuit,
363 851 483 926 throni.
495 862 528 916 ct
547 850 630 916 sedit
647 874 743 942 super
760 854 844 942 ipsos
864 867 1016 944 tanquam
1036 856 1231 945 autiquutdio

232 987 346 1039 srumr
364 977 396 1031 et
411 966 481 1055 ejus
495 965 718 1033 vestimentum
736 966 846 1036 elbum
868 969 951 1036 sicut
968 968 1054 1039 uix¹.
1067 999 1082 1032 ι
1096 967 1158 1036 Tsli
1170 983 1229 1036 uste

232 1087 375 1142 utentem
386 1075 573 1153 Dominum,
588 1076 622 1144 in
637 1077 757 1146 visione
769 1102 803 1145 se
815 1080 931 1147 vidisse
943 1079 1020 1148 dicit
1036 1079 1226 1170 Apocalypsis:

182 1232 186 1240 .
239 1212 254 1245 ι
266 1183 340 1252 Vidi
361 1187 481 1254 animas
492 1211 607 1256 eorum
625 1189 680 1278 qui
694 1200 789 1256 testes
803 1190 930 1257 suerunt
947 1193 1007 1257 sub
1026 1189 1131 1268 ulturi,
1140 1203 1168 1257 et
1178 1191 1227 1258 lrtr

113 1314 116 1322 ’
229 1299 481 1389 sestunicuique
492 1300 728 1367 vestiscsndidu
737 1299 761 1365 ².
775 1300 896 1381 ›Quod
910 1303 935 1368 si
951 1299 1226 1392 oporteutctismrli

231 1431 327 1498 quem
341 1406 439 1475 ulium
460 1409 601 1479 colorem
616 1434 758 1500 querere
768 1461 778 1488 ‚
790 1410 948 1480 naturalis
967 1412 1109 1479 tinctura
1125 1412 1225 1478 rodult

226 1543 284 1608 per
306 1543 339 1586 se
360 1519 488 1586 sufficit.
510 1518 621 1588 Vestes
644 1533 844 1612 cutemque
871 1533 947 1590 suut
966 1520 1103 1588 floribus
1127 1520 1222 1596 similes,

227 1630 392 1698 Bacchicis
407 1631 498 1721 nugis
514 1643 548 1696 et
564 1630 733 1698 luitiorum
743 1632 903 1722 mysteriis
924 1630 1141 1721 relinquendis
1154 1643 1219 1698 sunt:

226 1739 341 1806 deinde
357 1761 432 1806 vero
446 1763 607 1830 purpura,
624 1754 656 1809 et
673 1765 745 1810 vasu
764 1743 931 1833 argenteus.
950 1755 986 1810 ut
1001 1745 1083 1812 dicit
1099 1743 1219 1816 Comicus,

270 1943 274 1950 -
383 1903 509 1962 Multum
522 1903 657 1983 tragoedis
670 1905 838 1979 conserunt,
851 1905 918 1963 vitae
934 1905 1014 1964 nihil.

223 2048 294 2116 Vite
309 2059 417 2114 eutem
432 2061 539 2113 nostru
558 2049 681 2138 quidvis
696 2051 814 2140 potius,
830 2073 926 2140 quem
940 2075 1073 2142 pompa,
1090 2064 1135 2118 est
1146 2047 1219 2115 eristi-

224 2158 350 2226 ruendo.
367 2155 519 2244 Tinctura
531 2157 637 2247 itaque
648 2158 854 2248 Sardyniacu‚
871 2172 904 2224 ct
919 2158 978 2226 alin
995 2159 1173 2250 omphaciur
1184 2178 1221 2221 seu

222 2269 376 2358 oleagino,
392 2280 425 2334 et
443 2267 503 2334 eliu
523 2269 644 2346 viridis,
661 2291 803 2346 rosacea,
818 2282 851 2336 et
864 2271 1011 2346 coccina,
1029 2281 1062 2334 et
1078 2268 1142 2336 uliae
1152 2268 1218 2333 iuro

220 2376 387 2448 merebiles
406 2377 564 2452 tincturae,
584 2379 767 2468 excogitate
784 2390 859 2446 suut
878 2403 896 2444 a
914 2379 1103 2469 perniciosis
1120 2375 1221 2444 delecte

212 2490 360 2566 ,tionibus
374 2513 382 2554 ι
396 2513 462 2579 quo
473 2487 522 2565 lit,
536 2499 572 2554 ut
582 2489 623 2555 ud
633 2489 735 2558 visum
747 2489 930 2558 conseretur
941 2491 1006 2578 jam
1018 2485 1221 2567 vestissent

220 2602 485 2690 integumentum.
503 2597 584 2680 Quae
598 2611 705 2670 autem
727 2623 767 2666 ex
787 2623 866 2668 auro
883 2599 1003 2666 affabre
1024 2598 1120 2675 sacta,
1135 2610 1163 2662 et
1174 2615 1221 2685 que

221 2731 360 2800 purpura
379 2709 477 2774 tincto
493 2720 579 2785 sunt,
595 2721 628 2775 et
643 2709 693 2774 hae
713 2706 899 2774 animalium
914 2729 984 2796 quae
999 2719 1096 2776 vento
1108 2705 1221 2772 feruntur

221 2818 354 2895 delicis,
370 2831 404 2884 et
423 2817 476 2884 ille
490 2819 659 2908 unguentis
675 2817 834 2886 delibutus
849 2830 1014 2894 crocotus‚
1029 2829 1062 2884 et
1078 2815 1220 2904 suscipien-

220 2931 333 3000 dorum
341 2927 633 2997 membranulerum
646 2928 747 3019 pretia
758 2928 909 3018 ingentis,
922 2941 956 2993 et
971 2927 1133 3017 variegatas
1148 2933 1221 2990 rests

220 3047 290 3130 quae
309 3041 341 3106 in
358 3061 498 3129 purpura
512 3028 638 3105 ¹hub'out
656 3035 815 3114 animalia,
827 3037 982 3126 cumipse
998 3047 1067 3102 arto
1077 3032 1172 3100 valere
1184 3031 1221 3118 ju-

220 3151 324 3220 benda
343 3162 427 3218 sunt.
447 3149 564 3231 «Quid
580 3149 668 3216 euim
689 3147 865 3239 prudenter
887 3169 925 3214 ec
946 3144 1095 3236 praeclnre
1114 3141 1221 3210 iecerint

113 3297 118 3312 ·
220 3261 397 3330 »mulieres
419 3285 502 3351 quae,
520 3277 557 3327 ut
570 3264 620 3326 ait
637 3259 819 3334 Cotnoedia,
843 3257 978 3324 lloribus
993 3257 1110 3330 tinctu,
1132 3253 1221 3319 circu

219 3403 232 3438 s
246 3374 382 3442 crocotis
398 3386 492 3462 atque
507 3372 620 3439 tuontae
632 3370 743 3437 sedent
753 3369 767 3434 i
777 3398 790 3432 s
800 3371 919 3458 Aperte
932 3369 1039 3456 itaque
1053 3364 1157 3432 suadet
1169 3362 1221 3427 Pu

220 3483 378 3572 dugogus:
390 3483 452 3548 «ln
463 3480 582 3549 amictu
596 3481 690 3547 vestis
703 3502 743 3546 ne
753 3477 910 3570 glorieris,
924 3501 1029 3568 neque
1038 3477 1070 3542 in
1080 3497 1160 3542 omnr
1153 3467 1249 3582 'glo

218 3622 231 3655 s
248 3594 293 3658 riu
307 3616 381 3679 quse
397 3608 443 3658 est
459 3607 580 3682 proetrr
595 3591 688 3680 leges,
703 3589 876 3658 efferaris&
893 3589 984 3656 »llos
1002 3583 1220 3654 certoirridens,¹

219 3724 273 3788 qur
264 3699 431 3767 mollrbus
441 3703 579 3768 vestibus
589 3701 693 3772 rudutr
705 3713 790 3778 sunt,
803 3700 880 3768 dicit
892 3697 1111 3802 inllvangclio·
1103 3695 1219 3761 wileve.

219 3811 301 3901 squi
316 3811 348 3877 in
363 3812 478 3878 vestitu
491 3811 630 3902 glorioso
646 3824 679 3880 et
693 3810 813 3880 deliciis
828 3795 961 3901 degum,
978 3809 1092 3878 suntin
1107 3801 1219 3874 terreris

250 3963 384 4012 tuam
378 3979 474 4028 r‚.·-9
485 3962 611 4030 ²Aperui.
625 3981 648 4014 vr
652 3981 697 4032 ,9
713 3981 796 4016 rr.-
766 3964 941 4016 -³Ecctt.n
946 3965 989 4026 ,.4
