2448 4610
217 261 282 340 aas
529 279 702 330 clausuris
725 281 936 352 auaxsspsrss

218 404 329 468 »bona
342 421 454 467 eorum
474 421 546 488 que
566 401 650 468 dicta
672 400 790 470 luerint
812 401 985 479 memoria,
1004 399 1216 490 babitusquost

217 539 231 574 s
246 521 350 578 motus
362 511 416 599 qui
427 507 547 578 nullam
558 533 647 599 spem
661 511 801 600 praebeat
816 510 993 599 impudicis.
1008 508 1150 575 Resideat
1167 544 1169 553 ι

216 649 230 686 s
243 621 318 688 dem
332 622 364 686 in
384 620 472 687 vultu
487 621 604 710 pudor,
622 634 655 687 et
667 622 770 688 virum
784 633 914 712 aspectu
929 643 995 710 prae
1009 644 1042 686 se
1063 619 1149 685 ferat.
1171 626 1174 651 '

216 724 297 796 »cul
323 741 434 796 autem
465 729 547 796 absit
576 727 828 820 myropolarum,
858 730 1044 804 aurificum,
1068 727 1183 794 unffi..
1214 745 1217 790 2

216 845 493 927 s'cetorarumque
513 837 713 905 officinarum
734 839 849 930 caligo,
870 840 904 906 in
926 841 1041 929 quibus
1065 861 1150 904 more

215 947 369 1014 »retrioio
392 961 524 1024 ornate,
542 957 693 1036 tanquam
713 949 858 1016 sedentes
880 951 912 1016 in
933 947 1125 1038 prostibulo,
1157 982 1177 1003 ι·
1216 937 1217 940 “

215 1083 228 1119 ι
246 1055 330 1120 diem
347 1056 561 1145 transigunt.»
578 1055 687 1146 Neque
702 1079 777 1145 ergo
798 1057 867 1132 viri,
887 1057 921 1122 in
940 1057 1105 1122 tonstrinis
1117 1069 1146 1120 et
1201 1082 1203 1088 ·

213 1165 306 1254 ponis
327 1177 498 1242 versantes,
515 1163 659 1250 futiliter·
675 1166 827 1254 garriant,
843 1178 875 1231 et
902 1165 1078 1232 assidentes
1100 1189 1189 1230 mua
1211 1151 1213 1154 ⁵

214 1288 338 1344 cessent
356 1275 545 1365 quandoque
565 1277 690 1348 venari:
707 1277 762 1364 qui
786 1276 884 1343 ctiam
903 1287 940 1341 ut
960 1278 1064 1342 ιίιιιιιι
1085 1300 1134 1342 mo
1155 1310 1178 1333 ιι

215 1409 279 1452 ιιοιι
302 1398 427 1454 cessant
445 1385 591 1477 pluribus
611 1383 813 1456 maledicere.
837 1387 911 1455 «lam
931 1409 1008 1454 vern
1026 1387 1133 1477 ριο“ι

214 1519 341 1586 quoque
351 1508 400 1562 est
414 1506 604 1565 tesserarum
618 1497 712 1564 ludus
724 1521 734 1563 ε
748 1507 781 1564 et
793 1511 945 1588 praeterea
960 1521 1002 1564 ex
1015 1496 1149 1568 talorum
1164 1542 1167 1553 ι

214 1605 295 1687 lucri
309 1608 463 1684 studium,
476 1609 563 1696 quod
573 1607 719 1676 nonnulli
731 1611 846 1676 acriter
857 1621 1047 1698 sequuntur.
1063 1607 1139 1676 'l'rl‘n
1151 1652 1160 1661 ··
1176 1604 1184 1622 ⁶

214 1713 388 1804 improvida
408 1713 531 1782 luxuma
554 1714 613 1782 illis
634 1717 743 1784 otiosis
763 1715 974 1785 oblectamine
991 1715 1161 1806 suppedtat.
1212 1757 1218 1772 ι

215 1845 309 1893 causa
321 1825 407 1892 enim
417 1837 466 1891 est
476 1825 619 1893 desidias.
631 1827 748 1894 Amant
761 1839 868 1896 autem
879 1828 998 1905 inania,
1012 1829 1074 1917 qui
1085 1838 1163 1894 smta
1190 1870 1193 1875 ι

215 1935 307 2002 ritate
318 1935 453 2024 sejuncti
467 1959 476 2001 :
490 1959 593 2025 neque
602 1937 689 2003 enim
698 1936 791 2006 aliter
801 1951 933 2027 possunt
944 1961 1096 2006 recreare
1104 1938 1213 2005 anm

214 2047 333 2135 absque
352 2045 479 2114 amno.
504 2048 543 2114 ln
558 2048 721 2136 quibusvis
740 2060 850 2117 autem
872 2049 1059 2117 hominibus
1078 2051 1143 2115 ritae
1188 2045 1196 2064 “
1219 2045 1220 2048 '

213 2157 356 2224 animum
375 2179 486 2222 eorum
507 2157 658 2224 imitetur.
678 2159 848 2236 Ceterum,
867 2171 903 2224 ut
917 2170 966 2227 est
979 2167 1144 2226 conserte
1156 2188 1174 2211 ιι

213 2287 250 2332 en
273 2240 404 2333 demum
422 2266 557 2356 prodest
581 2269 867 2357 consuetudoque
888 2267 1060 2335 intercedit
1082 2291 1149 2336 cum
1175 2262 1194 2377 ’ἱ

48 2401 51 2410 ’
119 2428 122 2436 .
212 2377 316 2444 bonis.
332 2377 449 2444 Contra
464 2388 584 2454 autcun
600 2379 670 2444 ritae
688 2403 780 2446 usum
798 2402 874 2445 eum
889 2379 1042 2468 improbis
1060 2378 1165 2444 hona

213 2509 281 2554 osse
293 2485 386 2576 plane
400 2486 528 2554 suillum
542 2511 714 2578 agnoscens
729 2487 977 2577 sapientissimus
991 2510 1051 2576 per
1062 2487 1164 2553 bloscn
1179 2528 1185 2539 ·

214 2595 365 2687 dagogus,
381 2599 496 2665 seniori
516 2595 633 2688 populo
650 2601 759 2687 porcis
779 2597 863 2664 vesci
883 2597 1051 2686 probibuit
1070 2596 1109 2660 ¹:
1130 2630 1159 2675 «2

213 2727 288 2773 cans
309 2730 374 2774 non
393 2719 540 2796 oportere
561 2709 690 2797 eosqui
712 2708 815 2774 Deum
831 2707 994 2780 invocant,
1012 2731 1092 2773 cum
1133 2738 1163 2761 ιιι
1189 2787 1196 2797 Ι

212 2816 328 2882 versari
350 2817 544 2894 bominibus,
561 2818 615 2907 qui
636 2840 808 2908 porcorum
827 2817 926 2883 instar
944 2816 1160 2906 corporalibus
1179 2819 1202 2921 ’ὓ

122 2911 124 2916 ’
213 2923 398 3015 luptatibus,
417 2929 637 3018 obscenisque
653 2929 745 3004 cibis,
768 2941 802 2995 et
823 2929 992 3018 impudicis
1009 2927 1186 2994 suillum<

213 3037 401 3126 prurientes,
417 3041 568 3107 damnosa
588 3041 710 3106 veneris
727 3039 889 3130 voluptate
910 3039 1154 3130 perfunduntur.

215 3169 317 3236 neque
332 3173 345 3210 s
360 3145 514 3225 milvium,
531 3162 684 3238 raptoque
705 3160 885 3216 vescentem
900 3171 1005 3224 arem,
1020 3160 1053 3214 et
1070 3149 1142 3236 aqui
1159 3176 1170 3201 ¹·
1194 3194 1195 3197 ι

216 3255 293 3323 dicit
305 3279 373 3322 osse
388 3257 582 3324 comedenda
595 3255 607 3291 ¹
621 3280 629 3322 :
645 3259 715 3325 Non
737 3257 1003 3347 appropinquabis
1020 3257 1072 3331 iis.
1086 3257 1178 3344 inq·
1198 3261 1203 3269 “

215 3365 269 3452 qui
279 3367 387 3455 rapina
399 3365 517 3434 victum
529 3368 588 3435 sibi
600 3381 795 3457 comparant.
811 3367 910 3434 Porro
923 3377 1032 3434 autem
1042 3365 1106 3432 alia
1118 3391 1155 3454 qu
1165 3404 1168 3417 ι
1180 3398 1181 3417 ι

215 3473 358 3540 similiter
373 3476 518 3544 eamdem
533 3477 653 3546 babent
667 3476 858 3568 allegoriam.
878 3478 961 3544 Cum
974 3478 1188 3566 quibusnama

215 3591 282 3672 tem
297 3583 366 3650 vitre
380 3584 527 3654 habenda
542 3598 589 3655 est
603 3587 811 3677 conjunctio?
823 3587 905 3654 Cum
920 3587 1025 3676 justis,
1041 3607 1145 3652 rursm
1165 3610 1179 3639 ι
1195 3622 1199 3627 ι

216 3689 492 3783 perallegoriam:
510 3697 675 3788 Quidquid
695 3699 804 3766 renim
820 3697 951 3765 bifidam
964 3697 1065 3764 babet
1088 3734 1092 3751 ·
1110 3730 1137 3775 ιι,
1176 3742 1177 3749 ι
1196 3681 1202 3693 “

249 3909 257 3942 ¹
271 3910 351 3964 bavit.
363 3931 397 3976 ιι,
407 3934 431 3982 7.
445 3919 520 3970 Dant.
530 3936 581 3983 ιιι,
589 3919 614 3972 8.
625 3949 656 3961 -
668 3920 680 3956 ²
691 3921 771 3974 berit·
783 3937 819 3982 tr,
832 3921 871 3983 13,
882 3920 920 3980 tl.
932 3919 1008 3974 Deut-
1021 3935 1073 3980 ιιι,
1087 3936 1127 3970 aa.
