2382 4592
327 223 516 268 STBOHATUH
539 225 600 270 ΜΒ.
626 227 655 268 V·
947 227 1006 272 201

2 353 91 418 utem
106 338 224 410 Lunae:
242 341 393 410 umbrosa
410 343 525 434 nigris,
540 343 647 412 lucida
662 342 742 410 albis
756 343 873 434 plumis
889 347 1012 430 assimi-

2 462 51 518 mt.
71 450 150 516 Sunt
165 461 296 529 sutem,
315 451 368 542 qui
383 451 495 520 volunt
510 453 638 542 quidem
653 453 792 542 tropicos
809 454 978 544 significari
994 480 1013 524 u

2 559 123 636 unibus,
149 559 202 646 qui
227 561 432 637 custodiunt,
458 574 491 626 et
512 563 610 628 instar
635 563 808 650 janitorum
829 564 1010 641 observant,

2 671 136 734 etesium
159 665 234 734 solis
258 669 300 734 ed
315 682 456 736 nostrum
473 681 505 736 et
521 672 767 760 septentrionem
780 695 794 739 .:
807 672 1014 760 ‚equinoctio-

2 797 40 844 tm
57 785 179 852 nutem,
199 775 254 864 qui
270 789 321 843 est
341 776 422 844 ultus
440 791 472 844 et
487 791 650 868 perustus,
667 779 821 868 significet
840 781 1010 869 accipiter,

3 895 53 952 cut
64 884 121 952 ibis
139 883 310 972 obliquum
329 909 385 952 seu
400 888 594 978 signiferum.
613 889 742 956 Numeri
755 889 842 955 enim
855 890 1013 956 inventio-

3 993 68 1058 iset
81 1016 258 1071 mensumn,
280 996 419 1062 maxime
434 1019 474 1062 ex
488 996 697 1075 animalibus,
716 998 777 1065 ibis
790 999 914 1064 videtur
927 999 1013 1088 prin-
1045 1029 1053 1040 ³

3 1097 91 1190 ipium
105 1103 277 1190 prebuisse
290 1103 447 1194 AEgyptiis
458 1156 468 1182 ,
480 1105 564 1172 sicut
576 1131 616 1172 ex
629 1106 757 1176 circulis
771 1107 927 1196 obliquus.

25 1248 68 1345 7⁴.
80 1247 325 1322 Barbarorum
344 1250 528 1349 symbola²
546 1281 555 1324 ε

21 1399 177 1468 Sedenim
200 1425 267 1468 non
293 1383 417 1482 solum,
439 1406 492 1495 qui
514 1429 553 1472 ex
572 1404 726 1496 AEgyptiis
746 1405 776 1472 vi
799 1405 1009 1472 ratiocinandi

2 1505 138 1576 durimum
150 1509 297 1590 valuere,
312 1514 367 1578 sed
379 1537 418 1580 ex
429 1512 495 1582 eliis
507 1539 633 1606 quoquo
644 1515 788 1582 barbaris
800 1515 840 1591 ii,
853 1515 907 1605 qui
919 1528 1010 1581 erunt

4 1616 67 1682 editi
92 1618 192 1685 studio
212 1619 443 1711 philosophice,
467 1622 678 1712 symbolicum
700 1647 799 1714 genus
826 1635 899 1688 sunt
929 1646 1009 1689 con-

5 1726 87 1790 stati.
102 1727 200 1793 Aiunt
211 1729 345 1817 quidem
357 1743 444 1796 certe
454 1732 661 1798 ldenthurnm
674 1755 801 1820 quoque
816 1731 1008 1819 Scytharum

5 1855 91 1922 egem,
103 1847 137 1899 ut
152 1836 250 1902 refert
265 1838 466 1928 Pherecydes
482 1839 615 1928 Syrius,
630 1839 724 1904 Dorio
740 1840 794 1929 qui
810 1839 926 1904 Istrum
942 1851 1009 1905 tre-

5 1953 105 2021 ueret,
119 1941 243 2011 bellum
258 1946 452 2024 minentem,
469 1945 649 2036 symbolum
666 1947 786 2013 misisse
801 1971 860 2037 pro
875 1945 1006 2024 litteris,

5 2071 108 2128 rorem,
124 2075 259 2131 ranam,
277 2077 387 2132 avem,
404 2052 568 2144 jaculum,
582 2068 732 2122 metrum.
749 2055 831 2122 Cum
848 2067 953 2122 autem
968 2054 1008 2122 de

5 2155 40 2234 is,
54 2170 87 2222 ut
104 2173 173 2226 erat
193 2174 465 2240 consentancum,
484 2175 593 2230 exorta
608 2175 690 2228 esset
708 2163 881 2241 dubitatio,
901 2165 1008 2232 Oron-

3 2287 96 2355 tpugas
116 2269 250 2354 quidem
273 2270 419 2336 tribunus
439 2269 595 2349 militum,
617 2271 742 2337 dicebat
765 2295 819 2336 eos
839 2272 1007 2339 tradituros

5 2375 138 2461 uperium
149 2425 159 2452 ,
170 2378 362 2466 ,conjectans
381 2400 420 2444 ex
436 2401 527 2444 mure
549 2379 697 2467 quidem,
713 2378 946 2445 habitationes:
970 2404 1009 2445 ex

4 2501 48 2547 ms
61 2495 186 2561 nutem,
204 2508 301 2574 eques
316 2509 325 2551 t
338 2509 377 2552 ex
392 2510 447 2554 ove
461 2495 537 2554 ver'o
547 2538 557 2564 ,
569 2494 675 2554 adrem
690 2511 698 2551 ε
715 2510 754 2552 ex
763 2486 871 2576 jaculo
883 2498 1007 2564 autem,

4 2609 59 2655 rma
75 2615 83 2657 :
99 2614 139 2658 ex
153 2606 261 2660 aratro
275 2617 365 2671 sero,
382 2595 553 2685 regionem.
571 2595 753 2685 Xiphodres
771 2607 877 2663 autem
897 2607 1008 2662 contra

4 2707 27 2760 tt
40 2699 269 2790 interpretatus.
288 2703 423 2770 Dicebat
438 2703 524 2770 enim
539 2729 548 2770 ι
565 2705 631 2772 Nisi
648 2717 800 2791 tanquam
818 2727 889 2771 aves
906 2703 1009 2771 evole·
1067 2717 1072 2727 ‘

4 2805 128 2886 erimus,
149 2823 203 2876 aut
225 2825 375 2901 tanquam
394 2835 500 2878 mures
523 2825 658 2890 terram,
682 2811 730 2878 vel
753 2824 904 2902 tanquam
924 2835 1009 2878 ranas
1125 2865 1127 2870 .

4 2933 86 3000 quum
101 2919 305 2999 subierimus,
314 2919 441 2988 illorum
453 2920 515 2988 tela
526 2946 591 2989 non
603 2921 807 3011 effugiemus:
822 2945 886 2987 non
899 2945 1009 2986 sumus

4 3021 61 3088 uim
81 3024 199 3093 domini
223 3029 368 3120 regionis.
393 3029 589 3097 Anacharsin
609 3054 736 3120 quoqne
757 3029 911 3120 Scytham
934 3028 1011 3122 dicit

4 3125 329 3213 dormientemsinistra
341 3138 469 3226 quidem
477 3136 844 3228 continuissepudendn5
861 3148 1012 3203 osautem

5 3231 120 3318 butem,
146 3245 378 3334 significantem
401 3259 548 3336 oportere
575 3247 705 3336 quidem
732 3257 927 3332 utrumque,
955 3244 1011 3310 sed

5 3346 79 3434 nujus
92 3373 157 3418 esse
168 3403 177 3432 ,
187 3351 331 3446 linguam
347 3354 518 3434 cohibere,
534 3379 630 3446 quam
645 3353 851 3444 voluptatem.

33 3493 74 3566 8⁰.
87 3503 291 3576 Gneeorum
308 3503 514 3602 symbolv:

29 3625 147 3720 thuid
158 3660 238 3726 opus
248 3649 297 3704 est
307 3687 317 3715 ,
329 3649 366 3704 ut
376 3637 410 3706 in
420 3637 562 3706 herberie
573 3635 744 3705 referendis
755 3635 918 3713 immorer,
935 3657 1010 3703 eum
