2492 4610
341 341 531 388 snnouaacu
553 343 615 388 ua.
642 343 663 386 ι.
979 321 1021 409 67

15 459 458 559 agrotum,sedartisdietanle
467 459 1022 551 natione,pattesaliquasnosoindit,

15 595 126 646 canuae
151 585 259 664 partes
279 593 441 638 unacum
466 571 511 636 eis
534 571 709 648 intereant,
737 592 800 638 nec
822 581 929 638 tamen
954 575 1023 662 quis

15 668 98 752 dedici
112 695 214 748 artem
225 679 370 748 criminis
390 679 529 770 arguerit
547 703 556 746 a
571 679 683 745 animae
700 691 809 746 autem
824 681 925 770 gratia
934 729 944 760 ‚
957 705 1024 750 non

15 789 125 862 lmllltsn
142 789 353 858 tolerabimus
368 801 424 855 aut
439 787 550 864 exilia,
566 799 621 854 aut
641 786 794 866 mulctas,
811 802 866 856 aut
881 790 1022 870 vincula,

15 902 114 968 inodo
125 901 197 988 quis
212 923 255 965 ex
270 899 423 988 injustitia
438 898 479 964 sit
493 895 708 964 matituendus
719 897 752 964 in
767 898 943 986 jmtitiami’
958 901 1024 968 Lex

15 1012 71 1078 aim
83 1031 215 1085 eorum,
233 1009 291 1098 qui
305 1009 334 1073 ei
352 1017 485 1097 parent,
500 1027 611 1072 euram
626 1027 756 1095 genens,
777 1006 818 1074 ad
827 1007 980 1095 pietatem
992 1009 1025 1076 in

15 1123 86 1186 mun
95 1117 251 1193 instituit,
265 1128 298 1182 et
310 1115 411 1182 dictat
420 1138 470 1190 ea,
487 1125 638 1202 quaesunt
646 1112 803 1192 iacienda,
815 1127 848 1180 et
859 1113 1025 1206 propulsat

15 1226 237 1316 nemquodque
253 1236 446 1314 peccatum,
462 1245 573 1312 penas
587 1223 755 1312 imponens
771 1223 868 1292 etiam
880 1225 939 1301 iis,
956 1249 1026 1314 quae

15 1347 62 1400 unt
80 1335 212 1401 minora.
246 1333 331 1399 Gum
354 1345 462 1399 autem
481 1331 597 1399 viderit
615 1329 754 1420 aliquem
772 1331 815 1399 ita
833 1355 867 1398 ae
886 1331 1024 1410 habene,

15 1439 183 1509 tvideatur'
199 1438 465 1518 immedicabilis,
492 1451 604 1530 utpote
624 1439 680 1530 qui
698 1439 740 1506 ad
759 1451 933 1524 extaemam
953 1466 1027 1532 pro·

15 1562 94 1617 tectus
103 1552 141 1616 sit
155 1551 351 1640 injustitiam
364 1574 374 1616 a
391 1562 470 1615 tunc
481 1547 616 1616 alionum
626 1547 692 1636 jam
709 1571 820 1616 curam
835 1573 968 1639 genens,
985 1577 1026 1620 ne

15 1659 36 1725 lt
57 1661 117 1749 ipso
139 1671 412 1749 corrumpantur,
442 1669 596 1746 tanquam
617 1655 756 1746 aliquam
773 1669 934 1747 ·partema
957 1672 1026 1728 toto

15 1789 118 1858 mipene
139 1791 311 1844 resecans,
340 1769 385 1833 sic
415 1789 510 1843 eum,
536 1767 590 1856 qui
609 1778 657 1834 est
675 1766 879 1855 hujusmodi,
907 1767 1026 1838 salubri

15 1875 114 1942 aemilio
135 1877 234 1943 monti
259 1876 431 1966 adjudicat.
455 1873 625 1942 «iudicati
646 1887 755 1944 autem
771 1901 789 1943 a
804 1877 963 1956 Domino,
977 1882 1027 1946 ia

18 1984 276 2072 scottigenam,
298 1986 507 2075 castigamur,
531 2007 573 2052 ne
591 2007 666 2050 eum
681 1984 804 2052 mundo
828 1986 1027 2054 condemne-

17 2092 126 2159 sant»
144 2078 297 2164 praedixit
313 2095 398 2162 enim
411 2092 565 2184 propbeta
583 2117 591 2158 ι
610 2093 1026 2186 «Castiganscastigavitme

15 2199 179 2280 nunninus,
202 2205 303 2271 morti
331 2213 439 2270 autem
460 2226 525 2269 non
549 2201 681 2268 tradidit
702 2225 755 2270 me
780 2201 803 2270 ².
822 2203 866 2270 Ut
885 2205 971 2274 enim
993 2219 1026 2274 te

15 2329 99 2376 usuam
113 2313 243 2381 deceret
259 2313 432 2404 justitiam,
452 2313 613 2401 castigavit
629 2325 680 2390 te,
698 2313 813 2402 inquit,
831 2317 1024 2394 attentavit,

16 2430 54 2482 set
71 2420 143 2488 lame
163 2436 198 2489 et
225 2424 325 2492 sitite
347 2422 456 2490 afflixit
475 2422 509 2488 in
532 2423 669 2488 deserte
694 2422 735 2488 Ut
758 2437 1026 2512 cognomenantes·

16 2547 119 2594 somnes
132 2531 375 2620 justificationes
397 2542 429 2596 et
443 2529 563 2619 judicia
582 2532 651 2618 ejus
673 2530 707 2597 in
722 2531 820 2598 conde
837 2543 915 2610 tuo,
937 2558 1026 2623 quse·

17 2655 145 2727 sumque
158 2665 219 2732 ego
231 2641 291 2708 tibi
310 2639 459 2730 praecipio
474 2638 589 2715 bodie,
610 2649 644 2704 et
665 2639 744 2706 scias
769 2639 804 2708 in
824 2641 921 2708 cende
943 2655 1023 2721 tue,

18 2745 98 2828 squoe
111 2760 143 2812 ut
156 2749 181 2815 si
196 2751 270 2838 quis
283 2747 381 2818 bomo
389 2747 555 2837 castigabit
565 2745 668 2815 filium
679 2771 791 2825 suum,
805 2749 847 2816 ita
859 2751 1026 2841 castigabit

19 2851 197 2923 stellominus
203 2859 292 2924 Deus
300 2856 438 2922 nosten⁸.
452 2883 466 2917 ι
481 2855 579 2938 Quod
590 2854 904 2925 autemaliorumnoa
915 2882 1024 2928 exem-

23 2953 82 3040 plum
95 2968 248 3056 corrigat,
273 2965 379 3032 statim
396 2965 496 3032 dicit:
517 2965 678 3033 ‹Astutus
699 2965 807 3034 videns
822 2965 943 3034 malum
961 2993 1025 3058 pu·
1118 2977 1120 2985 ’

23 3065 77 3134 seiri
84 3073 168 3163 ,ipse
183 3075 391 3142 vehementer
401 3073 592 3165 castigatur
606 3075 850 3165 mmgenenatio
863 3077 1023 3167 sapientia

22 3179 159 3248 »aanor
169 3183 313 3251 Domini‘
315 3185 414 3254 »Est
422 3194 528 3248 autem
536 3183 1021 3282 maximumetpenleetissimum

19 3277 125 3365 Meum,
147 3293 275 3381 qsnndo
298 3315 315 3358 a
337 3289 565 3358 malefaciendo
585 3291 628 3358 ad
647 3291 814 3368 virtutem,
839 3292 1021 3384 bonamque

21 3385 89 3459 tilam
111 3401 204 3486 possit
229 3401 298 3489 quis
321 3397 457 3488 aliquem
483 3399 679 3476 traducem:
697 3399 785 3487 quod
804 3400 934 3491 quidem
955 3401 1021 3470 Lex

20 3489 81 3564 lttll
101 3504 241 3586 Quane
217 3532 242 3574 ιι
237 3508 332 3600 quis
347 3507 381 3573 in
396 3505 629 3574 immedicabile
642 3506 778 3612 aliquod
792 3507 913 3576 malum
936 3512 1021 3580 ceci-

22 3597 118 3670 lffll
88 3616 265 3704 ,mjustitiae
275 3627 314 3682 et
331 3615 467 3696 avaritia
481 3616 699 3708 mancipatus,
719 3617 876 3684 beneflcio
900 3619 1020 3694 allicie-

21 3715 119 3788 ιιι,ιί
143 3724 359 3792 interficiatur.
382 3725 447 3792 Len
469 3736 518 3790 est
539 3724 625 3792 enim
651 3723 820 3802 benefica,
843 3749 915 3815 quae
942 3727 1019 3798 alios

269 3857 501 3948 -'l’¹al.,cxvm
522 3857 608 3907 18.-
619 3853 788 3920 'mentun
803 3857 1018 3930 sybam...-
