2478 4594
207 263 269 330 aad
518 282 691 332 causaris
716 287 930 335 aurianum

206 404 549 474 ahamm¹280mnum
562 409 1048 496 acroutquemortem‚aanimi
1065 411 1187 480 &unua
1212 407 1213 416 ¹

203 517 237 582 in
256 537 371 605 eorpus
390 516 531 592 vocavit,
547 515 742 584 Heraclitum
763 530 902 584 secutus.
920 521 1046 585 Annon
1067 521 1100 584 id
1110 521 1187 609 Spiritu

204 624 245 690 de
255 625 421 692 servatore
438 644 547 689 nostro
563 625 690 690 Davidis
707 649 762 692 ore
774 627 937 714 praedixit,
952 627 1006 692 his
1019 629 1117 694 verbis
1129 632 1185 717 :alp

203 733 378 810 »dormivi,
398 745 430 798 et
444 746 608 824 soporatus
622 759 692 800 sum
700 759 710 808 3
725 737 891 812 exurrexi,
909 737 1072 824 quoniam
1095 737 1186 804 llonnn

202 842 374 930 »suscipiet
389 865 441 908 me
450 840 473 908 ².
488 871 502 904 a
519 843 584 910 Nec
602 843 688 908 enim
705 841 804 908 solam
817 843 935 908 Christi
950 845 1185 910 servatorisren

203 949 397 1026 rectionem,
422 973 569 1016 asomno
591 951 833 1028 excitationem,
860 951 1043 1017 sedetiam
1065 954 1185 1018 Danieli

201 1081 331 1126 earnem
355 1058 543 1124 descensum
570 1057 737 1148 allegorice
764 1083 900 1125 amanum
924 1059 935 1094 ⁸
960 1059 1112 1151 appellat.
1129 1062 1183 1150 ltpr

200 1166 279 1234 adeo
297 1167 446 1233 Servatur
468 1168 533 1256 ipse
549 1191 607 1232 nos
628 1179 662 1232 ut
676 1167 833 1257 vigilamus
854 1168 1030 1245 admonet,
1046 1169 1108 1236 hoc
1119 1181 1183 1244 etta

200 1275 239 1340 de
250 1275 312 1340 vita
328 1288 416 1342 reete
430 1260 621 1342 instituenda
634 1276 715 1342 serio
726 1277 921 1365 cogitemus,
937 1279 1180 1366 animumqnane

198 1396 284 1448 trum
307 1407 324 1449 a
351 1384 494 1473 corporis
520 1382 687 1473 complexu
722 1384 905 1450 abstrahere
941 1408 1107 1451 conemur.
1129 1387 1180 1452 loro

198 1491 282 1556 diem
293 1491 389 1557 etiam
399 1492 618 1568 Dominicmn,
630 1491 823 1582 Reipublicae
835 1493 975 1568 decimo,
986 1494 1039 1560 his
1050 1494 1180 1560 verlini

198 1601 323 1666 sinatur
337 1598 426 1667 Plato
445 1602 660 1692 :aPostquam
682 1625 722 1669 eo
741 1603 774 1668 in
792 1613 884 1691 prato
899 1601 1018 1691 singuli
1037 1603 1099 1668 dies
1112 1615 1175 1689 septu

198 1710 439 1786 »constiterint‚
462 1723 574 1776 octavo
596 1710 726 1776 demum
745 1711 819 1776 inde
841 1711 1003 1800 proficisci
1022 1723 1173 1799 oportere

198 1843 282 1910 aque
298 1819 457 1908 quatridui
473 1819 584 1884 itinere
602 1821 801 1908 pervenire.»
820 1819 978 1906 Equidem
995 1817 1174 1908 pratmttat

198 1927 355 2017 sphaeram
374 1926 518 1993 stabilem
535 1938 567 1991 et
580 1927 745 1994 immotam
764 1927 903 2016 accipio,
921 1927 976 2014 qui
999 1925 1177 1992 loeusestsu

195 2037 241 2102 vis
255 2036 426 2102 admodum
442 2045 474 2101 et
489 2034 650 2124 placidus,
664 2037 919 2124 Sanctorumque
931 2035 1023 2102 sedes
1036 2059 1045 2098 :
1058 2047 1086 2102 at
1093 2033 1172 2098 illude

163 2216 166 2226 Δ
194 2167 266 2208 rum
278 2145 474 2234 septenario,
492 2143 630 2234 singulos
644 2157 765 2234 septem
779 2143 980 2236 planetarum
998 2156 1106 2218 motus,
1116 2155 1173 2228 atqae

195 2275 323 2318 omnem
339 2252 497 2319 efficiendi
520 2265 620 2319 artem
638 2253 798 2343 intelligo,
817 2277 886 2342 quae
903 2253 945 2320 ad
962 2253 1097 2342 requietis
1114 2249 1171 2314 liam
1211 2237 1213 2324 l

193 2361 358 2428 contendit
374 2384 413 2428 ac
429 2374 589 2451 properat.
609 2363 714 2442 Quod.
724 2374 830 2428 autem
844 2374 915 2450 post
934 2373 1069 2426 errantes
1082 2357 1130 2423 ila
1139 2379 1172 2419 ar·
1211 2379 1213 2464 q

193 2471 249 2536 bes
274 2471 335 2537 iter
349 2471 534 2560 suscipitur,
559 2481 645 2535 recta
660 2471 808 2558 perducit
821 2471 853 2536 in
868 2467 1003 2542 coelum:
1022 2469 1047 2534 is
1061 2467 1124 2532 enin
1135 2485 1169 2526 ot·
1210 2469 1213 2548 l

191 2592 282 2645 savus
293 2591 342 2644 est
356 2591 462 2644 motus
477 2592 571 2667 atque
589 2579 665 2644 dies.
684 2579 829 2667 Denique
841 2579 961 2644 animos
973 2575 1168 2665 quatriduopre

191 2687 291 2754 ficisci
306 2687 383 2752 dum
400 2689 442 2754 ait
453 2738 462 2765 ,
475 2689 536 2752 iter
550 2685 628 2752 illud
639 2735 648 2762 ,
661 2688 747 2775 quod
758 2709 816 2776 per
826 2698 963 2774 quatuor
973 2684 1103 2751 Elementa
1109 2699 1166 2744 cen-

191 2794 313 2873 ficitur,
328 2795 477 2862 declarat.
496 2795 675 2886 Septimum
689 2817 816 2882 quoque
828 2794 913 2859 diem
924 2817 1042 2860 sacrum
1052 2806 1165 2862 osseum

191 2904 316 2971 llebraei
330 2905 446 2980 modo,
464 2927 574 2969 verum
593 2904 688 2969 ctiam
707 2904 809 2969 Graeci
827 2915 1017 2992 agnoscunt,
1032 2901 1101 2986 cujus
1116 2913 1166 2956 u*

192 3013 336 3078 versione
352 3012 558 3078 animantium
573 3012 719 3092 omnium
735 3024 828 3099 atque
843 3009 1018 3100 plantarum
1033 3001 1165 3072 adrestas

193 3122 386 3188 continetur.
407 3121 481 3201 Quo
492 3119 647 3186 Hesiodus
661 3121 705 3186 ita
718 3121 851 3186 cecinit:
899 3137 902 3144 ·

294 3267 385 3324 Luae
400 3265 495 3344 prima
507 3262 592 3333 dies,
608 3273 673 3321 tum
684 3273 808 3340 quarta,
823 3272 853 3320 et
863 3236 985 3342 septima
996 3275 1064 3320 sacra
1074 3263 1114 3311 est-
1211 3227 1213 3290 l

191 3402 363 3489 ldemque:
1211 3409 1213 3502 p

290 3529 424 3609 Septima
435 3526 648 3607 jamquedies,
667 3526 723 3585 lati
736 3525 787 3584 lux
802 3525 931 3584 candida
946 3523 1018 3584 solta.
1212 3511 1213 3516 ¹

188 3649 230 3716 Et
243 3647 417 3714 Homerus:

272 3772 274 3778 ’
296 3777 429 3856 Septima
444 3793 526 3836 suom
540 3775 603 3834 dics
618 3785 746 3869 reserato
761 3774 899 3835 illuxerat
911 3773 983 3833 orbi.

228 3929 237 3955 ¹
250 3929 503 4000 Ephea.vr‚1a.-¹
516 3933 576 3982 l’sal.
589 3949 635 3996 ru,
649 3927 673 3984 5.
682 3959 715 3984 τ-
727 3931 735 3956 ’
748 3929 838 3982 Matth.
850 3947 923 3993 xxiv,
933 3933 972 3992 42,
985 3937 1004 3976 et
1016 3924 1072 3974 alili.
