2738 4628
246 241 292 304 to
568 257 681 302 sarcre
705 254 817 300 tastum
840 255 903 298 un.
930 255 949 298 r

311 397 350 468 30
367 401 421 468 De
437 377 580 492 piorum
603 408 641 464 et
655 394 851 491 impiorum
867 387 1086 477 discrimine,
1103 391 1285 487 apostasia

248 513 370 586 futura
402 510 471 583 suh
499 509 746 598 Antichristo,
770 521 880 606 atque
900 505 1028 579 mundi
1052 529 1285 579 consumma·

247 634 346 701 tione
360 627 384 698 ¹.
1079 641 1085 650 ’

292 761 452 845 Quoniam
471 762 565 851 igitur
584 763 616 827 in
636 760 700 828 hoc
722 765 842 830 mundo
860 765 989 854 quidam
1011 763 1141 856 quidem
1163 785 1283 831 accur-

246 890 323 943 runt
337 872 460 950 lumini,
474 885 505 938 et
521 896 578 963 per
593 871 690 938 fidem
702 875 818 941 uniunt
833 900 866 943 se
883 875 968 950 Deo;
984 873 1035 942 aiii
1051 885 1159 942 autem
1177 873 1282 941 absis-

244 999 317 1053 tunt
328 1009 346 1049 a
358 983 531 1078 lumine,'et
541 995 688 1071 separant
699 983 817 1072 seipsos
828 1008 847 1050 a
858 984 943 1050 Deo:
954 985 1040 1052 venit
1050 983 1194 1051 Verbum
1205 983 1281 1062 Dei,

243 1095 393 1165 omnihus
413 1104 519 1182 aptam
537 1092 767 1159 habitationem
783 1093 937 1170 inferens3
958 1095 1006 1162 his
1025 1095 1155 1184 quidem
1174 1095 1283 1183 quiin

245 1206 366 1273 lumine
387 1213 475 1278 sunt,
491 1213 527 1266 ut
541 1201 688 1266 fruantur
704 1225 743 1270 eo
760 1213 792 1268 et
813 1203 862 1270 his
879 1228 950 1292 quae
967 1205 999 1269 in
1017 1227 1055 1269 eo
1073 1214 1148 1269 sunt
1166 1201 1278 1277 boniac

245 1315 294 1382 his
309 1326 416 1380 autem
431 1311 486 1401 qui
502 1311 535 1375 iu
547 1309 687 1376 teuehris
700 1321 787 1386 sunt,
801 1323 836 1376 ut
847 1311 1076 1402 participentur
1086 1333 1138 1377 eas
1151 1309 1281 1377 calami-

242 1439 323 1491 tates
338 1447 409 1514 quae
428 1422 460 1488 in
477 1420 520 1486 eis
539 1429 623 1486 sunt.
643 1421 684 1486 Et
701 1433 833 1511 propter
847 1422 910 1489 hoc
927 1423 983 1498 ait,
1000 1420 1060 1487 hos
1076 1418 1207 1510 quidem
1223 1417 1280 1508 qui

243 1533 370 1602 suntad
384 1532 558 1607 dexteram,
572 1529 677 1595 vocari
695 1529 729 1596 in
741 1554 874 1620 regnum
888 1517 1004 1605 Patriat
1020 1528 1091 1596 illos
1103 1542 1211 1596 autem
1221 1529 1279 1620 qui

243 1643 367 1712 suntad
379 1639 867 1731 sinistram,inaetemumigoem
874 1637 1070 1708 missurum.
1082 1639 1278 1731 Semetipsos

242 1755 329 1819 enim
341 1751 489 1819 omnihus
499 1749 704 1839 privaverunt
714 1750 817 1816 honis.

286 1865 327 1930 Et
345 1871 475 1954 propter
497 1858 560 1924 hoe
580 1854 749 1946 Apostolus
771 1858 837 1923 ait:
855 1883 869 1918 ι
888 1855 951 1924 Pro
968 1881 1007 1923 eo
1031 1855 1117 1946 quod
1133 1853 1279 1925 dileetio·

238 2003 257 2037 ιι
273 1995 347 2040 nem
365 1967 425 2037 Dei
439 1990 505 2034 non
524 1977 727 2056 receperunt,
744 1981 780 2033 ut
796 1966 872 2034 salvi
888 1966 1014 2044 fierent,
1034 1980 1066 2033 et
1083 1967 1156 2035 ideo
1170 1967 1280 2036 mittet

243 2111 256 2146 ι
273 2104 327 2147 eos
342 2078 427 2145 Deus
439 2077 471 2142 in
482 2075 699 2166 operationem
710 2077 839 2153 erroris,
853 2089 888 2143 ut
899 2077 1031 2143 credant
1046 2076 1227 2155 mendacio,
1240 2087 1279 2144 ut

242 2191 455 2281 »judicentur
474 2209 584 2252 omues
603 2187 656 2276 qui
674 2210 739 2254 uon
752 2186 956 2255 crediderunt
968 2185 1104 2265 veritati,
1120 2185 1176 2253 sed
1195 2207 1278 2254 con-

240 2332 253 2367 ιι
270 2309 435 2368 senserunt
445 2294 633 2386 iniquitati¹.
649 2292 730 2363 »1110
742 2295 828 2362 enim
839 2295 998 2372 veniente,
1008 2308 1040 2362 et
1050 2297 1276 2364 suaseutentia

238 2411 428 2505 apostasiam
450 2405 681 2497 recapitulante
699 2407 731 2473 in
751 2406 968 2495 semetipsum,
988 2417 1021 2472 et
1037 2429 1094 2474 sua
1110 2405 1276 2476 voluntate

237 2519 412 2590 etarhitrio
427 2529 579 2608 operante
596 2539 805 2607 quaecumque
824 2517 1021 2607 operabitur,
1040 2529 1073 2584 et
1091 2517 1123 2584 in
1139 2515 1276 2610 Templo

236 2633 295 2700 Dei
308 2629 449 2702 sedente,
463 2638 499 2692 ut
511 2625 592 2692 sicut
600 2625 762 2692 Christum
770 2623 905 2692 adorent
916 2623 1006 2691 illum
1013 2627 1067 2715 qui
1079 2626 1276 2694 seducentur

238 2743 276 2808 ab
290 2738 343 2805 illo
351 2763 360 2812 ;
375 2747 569 2826 quapropter
580 2745 613 2800 et
624 2736 708 2824 juste
721 2737 759 2799 in
769 2752 926 2826 stegnum
934 2735 1130 2825 projicietur
1141 2733 1277 2826 ignis¹t

236 2851 304 2919 Deo
320 2847 458 2934 (summ)
473 2845 650 2911 secundum
661 2869 751 2911 suam
762 2843 995 2934 providentiam
1006 2847 1194 2934 praesciente
1203 2841 1278 2914 'om-

237 2963 301 3038 nia,
311 2970 343 3024 et
355 2969 429 3048 apto
447 2967 589 3045 tempore
601 2977 677 3020 eum
691 2955 745 3042 qui
757 2951 826 3020 talis
837 2953 963 3020 futurus
981 2965 1050 3021 erat
1065 2953 1274 3033 immittente,

247 3096 259 3128 ι
275 3079 310 3134 ut
324 3066 455 3134 credant
471 3060 561 3137 falso,
579 3070 612 3127 et
627 3060 813 3150 judicentur
828 3085 939 3129 omncs
965 3061 1021 3152 qui
1041 3083 1107 3129 non
1123 3061 1274 3130 credide·

237 3211 250 3242 ιι
265 3188 339 3244 runt
354 3171 488 3250 veritati,
505 3171 560 3237 sed
577 3183 806 3238 consenserunt
822 3171 990 3261 iniquitati.
1011 3198 1024 3234 ι
1040 3171 1140 3261 Cujus
1157 3171 1275 3240 adven·

134 3355 138 3364 ,
238 3300 306 3352 tum
318 3284 456 3351 ioannes
468 3279 502 3345 ἰιι
513 3277 702 3368 Apocalypsi
715 3277 902 3367 significavit
913 3281 972 3347 ita:
985 3279 1050 3347 «Et
1060 3278 1163 3346 hestia
1175 3303 1275 3370 quarn

238 3429 251 3462 ι
265 3397 417 3471 videram,
434 3388 542 3457 similis
554 3400 621 3453 arat
636 3385 748 3477 pardo,
761 3400 794 3454 et
804 3389 901 3477 pedes
916 3391 985 3480 ejus
997 3392 1086 3482 quasi
1099 3391 1177 3467 ursi,
1190 3404 1225 3458 et
1237 3415 1276 3460 os

237 3537 251 3572 ιι
266 3507 335 3596 ejus
351 3500 439 3592 quusi
451 3523 486 3565 os
503 3495 621 3572 leonis3
643 3510 675 3563 et
696 3497 783 3564 dedit
794 3498 824 3564 ei
841 3496 938 3566 draco
953 3501 1102 3567 virtutem
1120 3523 1226 3579 suam,
1238 3513 1276 3569 et

237 3649 250 3683 ι
266 3618 418 3683 thronum
433 3618 584 3684 suomet
601 3617 790 3696 potestatem
801 3629 970 3697 maguam:
986 3621 1019 3676 et
1035 3631 1136 3677 uuum
1156 3631 1197 3677 ex
1213 3633 1275 3680 ea-

269 3771 355 3837 ⁴Gap.
370 3781 460 3824 xxvur,
472 3781 498 3830 p.
511 3764 559 3812 διδ
569 3771 595 3812 et
605 3777 659 3827 seq.

267 3855 279 3892 ²
292 3853 382 3907 Matth.
394 3865 453 3910 xxv,
467 3849 507 3908 54,
517 3847 557 3907 tr.
572 3845 622 3886 -Ι
636 3861 650 3896 a
663 3845 748 3898 Thess.
762 3864 791 3907 ιι,
805 3861 834 3898 ιο
845 3856 871 3898 at
880 3863 952 3913 seqq.
962 3875 994 3887 -
1004 3847 1013 3882 ⁶
1025 3851 1163 3916 Apocarx,
1176 3863 1216 3902 20,
