2448 4610
266 323 333 378 ears
356 322 445 368 nevas
468 322 639 369 sunvnrna.
903 305 968 384 455

12 445 62 512 tit:
75 463 109 510 ae
123 441 206 531 lugia
224 440 349 530 quidem
368 442 548 531 operarium
564 441 654 519 dicit,
670 463 781 508 verum
798 443 830 510 in
844 455 969 510 aetarnae

12 555 127 620 mrebus
144 561 336 618 cessaturam.
351 550 440 619 Bona
459 550 589 640 quidem
607 562 639 615 et
655 548 724 626 illa;
740 551 810 639 quis
828 563 881 620 eat
895 551 969 619 infi-

12 661 49 730 ut
59 661 127 728 Nam
136 661 328 726 mandatum
341 657 513 756 tapetum¹
526 659 680 727 haetenus
691 669 727 726 ut
741 659 902 753 paedagogi
915 684 969 728 cu-

12 771 77 840 tiam
87 773 229 838 vicenum
242 769 356 836 timore
375 764 526 858 fungatur
542 770 729 860 praeriaeque
748 769 967 848 institutionis,

12 881 150 948 ltummum
157 880 244 970 Legis
252 879 328 946 Jeau
339 879 490 946 verticem
498 879 695 969 gratiamque
703 879 966 970 viamflsternens²2

12 990 112 1056 mitudu
124 1013 193 1057 rere
206 990 297 1080 Legis
311 989 457 1057 Christus
468 989 509 1068 ad
527 990 682 1078 justitiam
694 991 780 1058 omni
794 991 967 1077 credanti⁸.

12 1101 83 1188 uqui
96 1112 126 1166 ut
145 1123 247 1166 servus
264 1098 498 1175 servos-sueiat,
517 1098 574 1165 sed
592 1111 625 1167 et
648 1098 731 1167 filius
753 1095 786 1167 et
804 1100 916 1170 fratres
937 1114 970 1168 et

12 1207 133 1286 landes,
148 1209 243 1278 Patris
263 1208 458 1277 voluntatem
477 1205 628 1278 iacientes
644 1221 782 1298 prestet.

15 1317 47 1386 ll.
57 1318 144 1386 stoa
157 1321 314 1409 perfectus
330 1318 424 1389 aase‘.
444 1318 594 1388 Nondum
610 1343 686 1410 ergo
702 1319 862 1410 perfectus
876 1332 967 1389 erat:

12 1425 88 1507 rbutu
101 1452 227 1518 namque
239 1427 320 1496 nihil
336 1428 508 1518 perfectius
519 1441 577 1500 eu.
595 1429 754 1497 Caeterum
768 1425 919 1520 preclare
931 1429 971 1497 il-

12 1535 111 1625 latqus
123 1539 233 1615 divine,
249 1537 292 1604 Si
308 1540 374 1614 uia,
387 1535 597 1626 colloquentis
614 1539 727 1606 animm
737 1538 872 1609 liberam
888 1540 970 1607 arbi·

12 1641 176 1716 ibeultatem
187 1648 344 1724 ostendit3
364 1648 538 1718 inhomine
550 1649 680 1741 quippe,
692 1661 844 1736 tanquam
855 1648 970 1724 libero,

12 1773 55 1820 tara
66 1769 121 1822 arat
133 1757 297 1826 voluntatis
312 1755 443 1832 electiot
470 1759 502 1825 in
512 1759 580 1826 Deo
595 1771 702 1826 autem
717 1759 806 1833 dare.
818 1770 970 1846 tanquam

12 1863 183 1955 minuatque
205 1869 341 1934 arbitro.
363 1868 425 1935 Dat
453 1880 561 1935 autem
584 1867 764 1936 volantibus
787 1880 821 1936 et
844 1891 971 1937 summu

12 1971 64 2038 aliu
77 1975 276 2044 annitentibus
301 1981 334 2043 et
352 1977 533 2053 orantibusa
559 1990 596 2044 ut
624 1978 671 2046 aie
695 1976 823 2048 illorum
841 1978 970 2068 propriu

12 2075 158 2148 istatmlus.
172 2081 283 2171 Neque
297 2082 384 2152 enim
400 2083 485 2151 Deus
496 2083 582 2172 cogit
596 2083 660 2170 (via
676 2083 762 2152 enim
776 2084 904 2155 inimica
922 2096 970 2151 est

12 2189 60 2274 tt),
76 2191 120 2255 sad
137 2193 349 2280 quaerentibus
368 2192 493 2268 tribuit,
512 2204 545 2260 et
566 2193 749 2282 petentibus
771 2195 909 2282 prebat,
932 2217 971 2264 ac

12 2291 134 2364 bentibus
150 2302 258 2390 aperit.
274 2300 310 2366 Si
322 2302 367 2367 vis
386 2301 495 2390 igitur,
509 2302 534 2367 si
555 2323 628 2368 vere
639 2301 700 2377 vis,
713 2312 747 2367 et
760 2302 896 2390 teipsum
909 2325 975 2373 non

12 2395 52 2478 tt,
63 2402 127 2474 illud
143 2432 291 2500 compara
306 2433 370 2498 quo
385 2409 543 2484 debueris.
567 2409 674 2478 Unum
690 2410 747 2477 tibi
770 2410 875 2486 deest3
894 2409 974 2490 illud

12 2517 139 2601 unquou
154 2530 274 2595 manet,
287 2501 376 2607 quoii
390 2520 513 2587 bunum
531 2529 592 2595 est,
613 2519 699 2607 quod
715 2520 781 2606 jam
801 2539 895 2608 supra
915 2521 972 2587 Le-

12 2626 175 2712 estquod
191 2626 256 2694 Lex
270 2650 340 2694 non
359 2627 428 2703 alat,
445 2626 531 2714 quod
546 2613 611 2694 Lex
626 2651 692 2696 nou
709 2627 806 2718 capit,
821 2630 907 2718 quud
924 2632 990 2698 vi-,

12 2728 88 2798 ttium
100 2736 255 2824 proprium
272 2747 332 2802 est.
348 2735 493 2824 Denique
512 2736 566 2823 qui
582 2748 682 2804 totam
693 2725 811 2827 Legem
826 2762 844 2804 a
857 2740 975 2828 juven-

12 2838 250 2928 temptaverunt
261 2847 318 2936 qui
328 2845 369 2912 de
376 2869 410 2913 se
419 2845 464 2912 sie
473 2867 586 2934 magna
597 2859 691 2934 atque
699 2850 834 2936 superba
846 2847 973 2918 loeutus

12 2957 43 3020 tt,
55 2972 134 3020 uuum
150 2955 211 3026 bec
225 2957 377 3024 omnibus
400 2977 513 3044 parare
530 2956 686 3043 nequivit,
701 2957 788 3045 quod
803 2955 978 3026 salvatoris

12 3055 101 3142 tgulue
111 3077 166 3142 ast,
178 3079 214 3136 ut
227 3067 324 3158 ¹ritem
335 3075 502 3142 eternam,
516 3067 609 3155 cnjus
624 3089 700 3132 eum
717 3066 909 3134 desiderium
923 3069 968 3135 in-

12 3179 95 3244 ttttat,
110 3173 258 3263 arriperet
280 3197 289 3238 ι
307 3172 363 3240 sed
380 3171 478 3238 tristis
496 3173 593 3249 abiit,
614 3172 684 3240 vitae
700 3173 851 3240 mandato
868 3197 978 3263 grava-

12 3276 111 3363 nujus
121 3282 212 3369 gratia
224 3278 441 3370 supplicatum
454 3290 594 3346 venerut.
610 3280 683 3348 Non
695 3279 781 3346 enim
793 3303 867 3348 rere
878 3282 974 3348 vitam

12 3377 114 3464 ebibat,
126 3390 168 3455 uti
181 3391 284 3457 verbis
296 3389 505 3480 praeferebam
520 3390 577 3457 sed
593 3390 685 3456 bonae
700 3389 854 3455 duntaxat
866 3389 976 3472 volun-

12 3489 143 3568 litiamam
154 3504 400 3592 aucupabatur:
419 3525 455 3568 ac
467 3502 596 3589 quidem
612 3499 696 3578 cirea
712 3497 812 3565 multa
827 3487 977 3566 sollieitus

12 3617 153 3689 ”poterat
164 3625 266 3678 'unum
283 3633 358 3678 seru
369 3609 460 3686 illud,
473 3633 552 3700 opus
569 3607 648 3676 illud
666 3605 774 3672 salutis
790 3619 825 3673 ut
839 3609 975 3698 perlice-

12 3717 32 3781 ί,
42 3717 235 3788 ιιιιινιΙιιΙιιιιι
251 3721 348 3810 inque
363 3744 431 3788 rem
444 3721 578 3810 supinus
591 3730 624 3786 et
635 3716 781 3784 infirmus
792 3729 871 3784 erat.-
885 3719 976 3788 Siout

12 3813 166 3894 lmilutbae
177 3829 255 3897 dixit
264 3829 437 3907 Dominus,
450 3851 524 3897 eum
536 3827 569 3895 in
583 3824 691 3892 multis
703 3838 785 3893 esset
800 3825 931 3896 sollicita
943 3843 976 3896 et

13 3945 84 4002 'bum
92 3973 132 4018 ιιι,
144 3977 179 4010 ιι.
190 3989 221 4002 ·-
230 3959 242 3998 ²
252 3961 308 4014 (tat
322 3979 363 4022 ιιι,
374 3961 411 4020 24·
424 3961 473 3999 ..t
487 3961 561 4012 Rom·
575 3971 600 4021 ι,
611 3959 634 4032 4.
648 3984 678 4000 -·
688 3945 698 3993 l
710 3957 800 4012 Matth-
812 3975 865 4021 m,
879 3976 921 4011 ιι.
