2570 4614
399 320 683 380 nonannoeane.
709 327 732 369 1.
1018 291 1086 400 'n75

36 467 115 540 qum
130 445 263 540 superat
273 449 388 527 nubes.
401 471 472 539 quae
484 446 582 517 caelos
593 447 703 537 tangit.
717 447 782 516 «Et
793 471 862 527 ero,
875 451 999 539 inquit,
1018 477 1087 546 paa-
1104 514 1108 528 ,

38 571 122 628 »tor
131 561 291 652 ipsorum,
305 573 339 627 et
353 585 409 630 ero
423 585 523 652 prope
537 560 622 650 ipsos
631 559 657 636 ¹,
668 559 771 627 »sieut
784 561 891 630 tunica
908 545 1088 654 propeoorss

38 687 103 760 pus
123 671 282 759 ipsorum.
298 669 376 738 Vult
387 672 476 737 narni
491 693 570 737 meae
585 665 662 735 dare
677 665 825 747 salutem,
843 694 895 737 me
914 673 1022 741 tunica
1035 677 1088 743 in»

38 779 412 870 corruptionisindnons
425 803 433 846 ε
447 792 480 846 et
490 800 605 869 eorpus
614 799 724 845 meum
735 779 860 846 inunxit
873 805 882 846 ε
894 779 1087 852 ‹Vooahunt

38 917 53 952 ι
66 911 136 966 me,
151 892 277 980 inquit,
290 901 322 957 et
334 891 439 958 dicam
449 911 457 955 z
469 889 553 956 Eeee
568 887 680 955 adsum
689 887 712 955 ².
727 886 893 956 »Celerius
905 893 1085 972 exaudiisti,

38 1023 142 1090 quam
156 1024 219 1091 ego
229 1001 405 1091 expectavi,
419 1000 566 1068 Domine.
579 1026 593 1061 r
604 999 645 1064 Et
656 999 682 1065 si
693 998 865 1088 trajiciant,
878 1023 943 1069 non
955 1003 1085 1080 eadent.

39 1138 55 1171 ι
68 1108 152 1178 dicit
166 1111 324 1178 Dominus
332 1097 391 1180 Ὦ»
408 1109 479 1178 Non
494 1097 645 1178 cademus
666 1109 754 1178 enim
776 1111 810 1177 in
831 1115 1085 1206 corruptionem,

39 1220 97 1308 qui
111 1219 153 1286 ad
164 1219 438 1310 incorruptionem
450 1220 625 1310 trajicimus
640 1243 648 1285 :
663 1219 813 1309 quoniam
831 1222 898 1312 ipse
916 1247 974 1292 nos
995 1237 1087 1294 tene-

41 1331 102 1396 tit.
119 1330 209 1398 Dixit
224 1331 311 1398 enim
331 1331 410 1422 ipse,
426 1343 460 1398 et
479 1329 580 1398 voluit
599 1331 679 1421 ipse·
695 1329 779 1398 Talis
795 1341 844 1399 est
858 1347 967 1402 noster
979 1336 1088 1406 Paedn-

44 1457 158 1531 gogus,
181 1440 306 1531 optimo
326 1442 398 1529 jure
421 1443 536 1508 bonus.
556 1468 570 1502 ι
593 1441 663 1509 Non
687 1441 773 1516 voni,
798 1444 921 1532 inquit.
947 1459 983 1513 ut
1005 1449 1086 1517 mihi

44 1551 322 1628 »ministraretun
345 1552 401 1618 sed
422 1563 459 1618 ut
480 1552 548 1643 ipse
564 1552 776 1622 ministrarem
788 1552 810 1619 ⁸.
829 1557 1030 1648 »Propterea
1050 1562 1086 1628 in

43 1659 219 1752 Evangelio
232 1660 353 1750 fmus'
375 1661 601 1739 introducitur,
618 1661 672 1751 qui
687 1686 745 1753 pro
768 1665 861 1732 nobis
881 1667 1084 1758 defatigetur,

44 1783 78 1837 et
95 1796 111 1833 r
126 1793 220 1836 suam
233 1770 332 1860 ipsius
347 1771 486 1838 animam
500 1771 640 1862 pretium
654 1774 884 1864 redemptionis
901 1801 959 1866 pro
975 1776 1084 1846 multis

45 1880 173 1948 »dam'
188 1911 203 1944 ι
218 1879 382 1971 pollicens.
405 1883 502 1949 Hune
517 1867 607 1949 'enim
621 1881 724 1949 solum
738 1907 806 1951 esse
827 1885 945 1953 fatetur
962 1887 1087 1957 bonum

48 1991 248 2083 pestorani&
272 1990 425 2060 Liberalis
446 2015 523 2082 ergo
544 2005 593 2060 est
618 2015 657 2059 ae
678 1995 880 2084 magnificus.
908 1999 975 2088 qui,
999 1997 1086 2089 quod

51 2103 228 2170 maximum
245 2116 306 2180 eet,
326 2125 417 2170 suam
432 2126 491 2192 pro
507 2103 599 2169 nobis
618 2103 674 2169 dat
693 2105 842 2172 animum.
859 2106 1022 2198 Valdeque
1036 2123 1086 2178 est

51 2213 236 2280 hominibus
245 2213 341 2291 utilis,
357 2225 391 2279 et
406 2213 437 2279 in
450 2235 505 2279 eos
516 2213 685 2302 benignus,
699 2217 786 2304 quod
797 2216 895 2284 homo
906 2219 1006 2286 voluit
1017 2245 1087 2289 esse

51 2324 164 2402 irater,
187 2348 260 2393 eum
282 2335 390 2414 posset
411 2346 481 2392 osse
503 2323 663 2391 domiuus.
687 2322 744 2392 llle
767 2347 842 2392 vero
864 2329 961 2394 etiam
983 2353 1083 2421 usquo

48 2437 131 2504 adeo
145 2439 250 2504 bonus
268 2435 340 2512 suit,
356 2447 393 2500 ut
408 2459 467 2526 pro
483 2435 575 2501 nohis
591 2447 780 2502 moreretur.
803 2436 892 2517 Quin
905 2440 1002 2507 etiam
1017 2442 1087 2531 ejus

46 2545 195 2614 damasit
210 2545 332 2635 justitia
347 2544 426 2610 usi
438 2545 516 2613 ronti
532 2543 575 2611 nd
590 2567 644 2610 mo
655 2545 801 2622 veniatis,
814 2557 848 2613 ot
858 2570 916 2637 ego
928 2562 1035 2618 taetus
1046 2549 1088 2618 ed

44 2679 147 2724 uros:
163 2657 191 2723 si
203 2653 326 2744 obliqui
343 2654 525 2732 ambuletis,
540 2665 573 2720 et
587 2678 646 2745 ego
657 2654 818 2746 obliquus,
836 2657 914 2725 dieii
929 2659 1085 2729 Dominus

43 2764 1087 2859 sexereituum⁸npeeoatorumincrepationosperoiasobiiquaa

46 2879 239 2970 significans.
264 2877 363 2945 Recta
388 2877 489 2955 enim,
505 2888 538 2943 et
563 2897 634 2964 quae
653 2877 829 2944 seeundum
851 2890 1000 2948 naturam
1022 2893 1086 2958 est,

46 2991 131 3080 quas
130 3014 189 3080 per
205 2989 284 3056 Jesu
301 2986 467 3054 llitteram
483 2983 691 3077 significetur,
708 2997 756 3051 est
770 2987 840 3076 ejus
860 2990 998 3068 bonitas,
1015 3015 1087 3079 quoe

45 3125 121 3191 erga
134 3123 190 3166 eos
206 3097 264 3188 qui
279 3121 318 3163 ex
333 3097 442 3164 auditu
456 3096 659 3163 crediderunt
673 3093 765 3161 firmn
781 3108 830 3162 ost
845 3109 878 3162 et
888 3097 1061 3165 immobilis
1076 3123 1085 3164 τ

50 3209 249 3291 «Quoniam
267 3206 388 3282 rocavi,
408 3217 442 3271 et
458 3228 524 3272 non
541 3202 736 3280 emudiistis,
754 3204 831 3271 dicit
849 3205 1018 3284 Dominus,
1030 3207 1088 3274 sed

42 3343 141 3393 »mea
161 3317 255 3385 irrita
273 3317 389 3383 fecistis
407 3314 537 3384 consilia
554 3338 562 3380 ε
577 3336 664 3382 meas
691 3326 799 3382 autom
824 3317 1085 3405 reprehensiones

43 3455 137 3498 anon
159 3427 341 3497 attendistis
358 3427 381 3493 ⁰.
402 3428 477 3495 »lta
494 3438 544 3492 est
567 3424 703 3493 maxime
722 3423 806 3491 utilis
828 3427 957 3494 Domini
975 3451 1087 3518 repre·
1157 3468 1160 3473 -

44 3541 170 3608 hendo.
184 3539 237 3606 De
251 3539 288 3605 iis
299 3537 401 3606 David
415 3560 543 3628 quoque
554 3536 632 3604 dioit
646 3559 655 3602 τ
667 3561 681 3597 ι
695 3535 867 3602 Generatio
881 3559 1040 3626 peruersa,
1052 3549 1088 3606 et

44 3677 57 3712 ι
70 3649 286 3722 exacerbare
306 3647 467 3738 generatio
482 3667 552 3736 quae
568 3669 633 3713 non
649 3644 764 3711 direxit
780 3659 1003 3746 eorummet
1019 3671 1086 3717 uon

76 3849 192 3899 tracen.
213 3863 299 3910 xxxiv,
317 3847 357 3908 14,
377 3849 416 3909 1⁵,
435 3816 895 3912 redunt.tv1n,9.-⁸‘1u.xon‚
913 3849 982 3899 2.-¹
994 3851 1086 3901 unroh.

41 3936 85 3978 ιι,
97 3921 139 3970 28.
152 3921 234 3970 blare.
248 3935 274 3979 x,
284 3919 325 3980 45.
338 3947 369 3960 ·-
380 3919 390 3954 ⁸
400 3921 476 3972 loen.
489 3937 525 3980 ιν,
545 3919 570 3968 6.
583 3919 736 3968 -0ttsrru
753 3937 795 3984 xx,
808 3921 846 3970 28.
857 3949 888 3958 -
899 3920 909 3953 ⁷
919 3921 995 3974 Joan.
1007 3938 1032 3982 x,
1049 3937 1086 3972 tr·

40 3997 85 4034 -·⁸
95 3997 197 4046 Jerern.
210 4011 233 4043 τ.
246 3996 329 4046 berit.
342 4012 411 4058 uri,
422 3996 522 4048 cte-⁹
535 3997 608 4049 Prnv.
622 4015 640 4056 ι,
654 3995 692 4057 24,
706 3998 744 4046 25.

860 4080 907 4144 18.
