2452 4602
251 260 315 340 aro
549 279 721 326 curuarrrs
744 277 955 324 auuaxunrrr

648 497 800 567 CAPUT
822 497 886 567 XL

478 687 679 766 Compmdrbsa
689 693 797 766 optima
806 692 876 749 ortoe
883 690 1061 764 pertractatio

295 896 453 977 Quocirca
465 906 498 960 et
509 917 622 961 aurum
634 883 959 988 gestaremtmolliori
973 891 1017 957 uti
1028 903 1111 965 veste,
1120 905 1207 952 nonen

250 1005 326 1072 nino
340 1004 586 1072 rescindendum
601 1015 666 1070 eat:
680 1004 737 1070 sed
753 1003 921 1070 lraeuandae
934 1012 1008 1067 sunt
1022 998 1129 1064 rationis
1140 1015 1206 1081 expe

249 1127 296 1180 tea
308 1114 503 1188 affectiones,
513 1136 552 1178 ne
564 1135 621 1201 per
632 1112 763 1178 nimiam
775 1109 1013 1177 dissolutionem
1023 1095 1207 1194 ahripieuteal

249 1220 378 1289 mollem
399 1245 457 1287 uos
477 1243 515 1288 ac
534 1219 729 1287 luxuriosam
743 1222 840 1286 vitum
856 1205 1029 1310 impellant.
1047 1218 1115 1296 Qua
1126 1207 1206 1278 utun

247 1333 424 1398 satietatem
439 1331 639 1420 impegerunt
654 1329 786 1406 deliciae,
800 1329 983 1396 mirandum
997 1329 1029 1394 in
1043 1313 1207 1392 mudumeal·

248 1455 328 1518 tant,
344 1455 377 1508 et
399 1442 567 1518 resistunt,
589 1441 794 1530 aurigamque
815 1452 848 1506 et
867 1441 1068 1529 paedagogum
1089 1431 1205 1501 suerint

246 1553 301 1642 qui
316 1550 429 1640 procul
444 1539 583 1618 habenas
599 1551 752 1626 retinens,
764 1572 883 1638 equum
899 1547 1070 1614 humanum
1082 1535 1206 1624 lenetrpl

247 1661 287 1729 ad
303 1660 456 1726 salutema
470 1659 584 1726 animae
599 1657 721 1726 scilicet
734 1671 858 1748 partem
874 1681 892 1723 a
908 1658 1029 1724 ratione
1041 1651 1205 1734 alienant!

245 1771 277 1836 in
308 1768 496 1858 voluptates,
521 1781 554 1834 et
575 1767 798 1856 vituperandae
822 1765 1040 1856 appetitiones,
1060 1777 1087 1829 et
1106 1779 1204 1851 gemm

244 1889 277 1943 et
295 1901 421 1954 aurum,
444 1889 477 1943 et
498 1889 618 1943 vestem
637 1877 768 1952 variam,
789 1873 1009 1965 reliquumque
1027 1873 1122 1939 luxum
1138 1867 1204 1934 ellen-

243 2001 305 2053 tur.
328 1986 411 2054 lllud
433 1998 540 2053 autem
563 1987 716 2053 memoria
741 1979 876 2054 mxime
898 1986 1067 2052 tenendum
1087 1993 1141 2055 est,
1157 1973 1204 2064 qatl

242 2109 349 2164 sancte
369 2097 555 2166 dictumest
571 2119 579 2162 ε
601 2123 614 2160 ι
630 2097 910 2164 Conversationem
928 2109 1061 2162 vestram
1073 2096 1102 2160 in
1113 2088 1204 2181 gentle

241 2205 422 2274 »hahentes
443 2207 626 2282 honestam,
649 2217 684 2273 ut
710 2207 749 2293 in,
765 2229 829 2294 quo
852 2207 891 2273 de
918 2207 1008 2272 vohis
1028 2201 1100 2271 male
1119 2199 1204 2286 loquo

240 2343 253 2376 ι
272 2327 337 2392 tur,
358 2328 509 2404 tanquam
532 2313 697 2392 maleficis,
717 2337 757 2379 ex
775 2305 916 2381 honestis
932 2305 1075 2404 operibus
1088 2307 1204 2398 supter

241 2437 318 2490 »tes
332 2425 437 2492 Deum
455 2423 654 2514 glorificent¹
666 2453 697 2489 ,ι
714 2423 811 2493 Nobis
830 2447 907 2514 ergo
923 2420 1203 2507 conceditPadagtttt

237 2533 350 2623 frugali
365 2547 453 2600 veste
469 2533 528 2610 uti,
541 2531 613 2600 albo
625 2529 746 2609 colore,
760 2544 794 2596 ut
807 2532 959 2598 diximus:
976 2545 1010 2596 ut
1024 2554 1080 2597 nou
1093 2516 1204 2595 artiruir

236 2644 341 2734 genti,
362 2643 418 2708 sed
437 2655 559 2710 nature
580 2641 761 2732 generanti,
783 2664 840 2708 noa
868 2639 1137 2711 accommodantes,
1149 2627 1203 2722 quil

236 2751 313 2841 quid
336 2765 385 2818 est
403 2750 496 2820 fallax
515 2766 548 2820 et
563 2754 727 2820 veritatem
745 2753 918 2820 ementitur
934 2749 1118 2841 repellentes,
1131 2732 1203 2830 simpl

234 2885 306 2928 cem
317 2874 350 2928 et
366 2863 546 2930 uniusmodi
559 2863 723 2929 veritatem
735 2860 975 2951 amplectamur.
991 2852 1202 2928 Nimietatem

234 2968 503 3038 adolescentulam
518 2972 752 3061 reprehendens
768 2969 957 3061 Sophoclea,
974 2971 1066 3038 dicit:

396 3125 470 3194 Quae
480 3119 661 3182 foeminarum
674 3133 741 3180 aaut
751 3121 864 3180 amictae
878 3119 1019 3180 restibus.

234 3255 519 3337 Quemadmodum
542 3257 628 3322 enim
654 3256 775 3332 militis,
796 3270 830 3322 et
850 3269 968 3334 nauta,
989 3269 1021 3324 et
1039 3243 1201 3346 praelusit

230 3367 326 3432 etiam
345 3367 403 3432 viri
421 3367 626 3456 temperantia
648 3378 697 3434 eet
714 3368 841 3457 propria
859 3368 967 3444 restis,
980 3390 1047 3455 que
1062 3369 1200 3430 nonestat-

229 3475 314 3542 riose
328 3474 502 3553 elaborata,
521 3489 554 3542 et
570 3489 619 3542 est
634 3477 751 3544 decora
772 3501 811 3544 ac
827 3478 958 3547 munda.
980 3475 1063 3542 Unde
1075 3472 1199 3552 eamque

228 3584 260 3650 iu
274 3585 359 3674 Lege
376 3609 435 3675 per
449 3585 559 3653 Mosen
578 3588 618 3653 de
634 3588 725 3677 lepra
734 3585 797 3654 lata
812 3602 861 3655 est
875 3586 938 3665 lex,
952 3587 1050 3676 rejicit
1061 3584 1089 3650 id
1101 3577 1163 3669 qnod
1172 3581 1200 3637 al

228 3693 352 3760 varium
367 3707 400 3760 et
415 3694 524 3762 multis
544 3695 678 3763 maculis
694 3709 852 3774 notatum,
874 3710 1023 3786 tanquam
1038 3690 1169 3762 nefarium,
1179 3689 1199 3743 tl

226 3804 309 3892 quod
326 3805 367 3870 sit
380 3806 536 3895 serpentis
552 3807 661 3874 variiss
678 3809 801 3897 quamis
816 3801 918 3875 simile
925 3805 948 3873 ².
960 3809 1039 3875 Eum
1049 3823 1111 3890 ergo
1123 3795 1198 3886 quia

258 3934 267 3967 ¹
281 3949 289 3982 1
305 3934 359 3984 Pet.
373 3950 401 3994 ιι,
414 3951 451 3984 ra.
464 3963 494 3975 -—
504 3935 515 3970 ²
527 3937 608 3988 levit.
622 3953 674 3990 ιιιι.
