2382 4592
333 253 524 300 sraouarou
546 253 608 300 arn.
635 257 665 299 v.
921 294 924 300 .
957 243 1019 328 195

7 379 135 455 ionibus,
147 399 217 468 que
228 375 313 444 liunt
323 377 387 444 siae
398 376 638 454 intermissione,
651 375 728 444 dicti
741 390 816 446 sunt
826 379 887 445 olm
896 382 1018 469 offere,

7 487 128 564 usculis,
140 509 218 576 quas
234 509 254 552 e
270 485 429 576 prioribus
440 485 578 576 peccatis
590 499 814 556 contraxerant
826 538 835 564 ,
849 489 1016 558 abstersis:

81 613 247 672 Turmatim
260 611 370 674 vitium
383 621 463 672 certe
477 611 526 672 vel
540 610 673 692 pendere
687 615 796 694 possis.

79 716 219 790 Deosque
234 711 319 772 doris
332 713 389 772 lert
401 729 492 791 opem
508 709 672 772 laboribus.

7 825 85 894 :Non
102 827 186 892 enim
209 835 394 915 expugnatu
410 823 549 892 difficilia
562 824 724 892 Musarum
743 824 845 902 dona,
860 825 894 892 in
910 827 1017 896 medio

9 935 61 1002 sita
72 947 162 1010 sunt,
179 958 197 1001 a
214 933 359 1022 quolibet
374 931 556 1000 auferenda.
572 961 585 996 ι
602 933 810 1023 ignorationis
827 933 933 1023 itaque
948 936 1021 1004 ani·

7 1043 153 1110 nadversio
174 1053 223 1108 est
243 1041 349 1131 prima
363 1039 528 1130 disciplina
543 1041 593 1116 ei,
617 1041 672 1132 qui
690 1042 776 1132 Lego
792 1043 1019 1110 convenienter

7 1149 125 1218 mbulat.
143 1149 227 1216 Cum
242 1150 420 1239 ignorasset
435 1147 610 1238 quispiam,
624 1148 768 1240 quaesivit
781 1171 790 1214 t
803 1161 921 1218 etcum
933 1175 1018 1240 quae-

7 1257 96 1336 isset,
116 1258 236 1326 invenit
258 1259 476 1348 magistrum:
495 1268 619 1323 etcum
642 1257 840 1335 invenisset,
855 1260 1015 1330 credidit:

7 1377 100 1434 tcum
119 1366 327 1443 credidisset,
349 1365 485 1454 speravit
504 1388 512 1430 ι
535 1376 569 1430 et
590 1387 664 1432 eum
679 1365 756 1432 hine
771 1365 947 1444 dilexisset,
964 1370 1016 1436 di-

7 1485 66 1542 acto
76 1473 175 1542 similis
186 1475 350 1552 allicitur,
363 1473 426 1540 boe
440 1495 508 1540 esse
523 1473 672 1550 studens,
690 1473 778 1566 quod
791 1475 878 1563 prius
895 1475 1014 1545 dilexit.

7 1581 87 1651 felem
107 1585 169 1650 sere
189 1585 279 1650 riam
300 1594 333 1650 et
353 1582 508 1648 rationem
528 1561 675 1648 Socrates
694 1581 813 1648 indicat
834 1582 1013 1665 Alcibiadi,

7 1691 29 1758 ic
38 1694 151 1783 roganti
165 1718 174 1760 z
186 1721 199 1756 ι
210 1694 287 1761 Non
300 1689 391 1758 aliter
403 1689 561 1756 existimas
572 1713 625 1756 me
638 1688 679 1755 de
691 1689 740 1766 iis,
753 1712 824 1780 quae
835 1705 909 1760 sunt
920 1694 1017 1782 justa,

10 1803 211 1892 cognoscere?
234 1801 351 1876 Certe,
369 1801 395 1866 si
418 1798 549 1888 quidem
568 1797 735 1864 inveneris.
757 1798 822 1864 Sed
840 1824 906 1866 non
925 1816 1019 1892 putas

10 1933 54 1976 me
76 1935 164 2000 posse
190 1906 359 1978 invenire?
384 1907 427 1973 Et
450 1906 588 1972 maxime
614 1904 765 1995 quidem,
792 1907 818 1974 si
845 1910 1015 1998 quesieris.

10 2017 117 2086 lleinde
137 2018 301 2086 existimas
322 2038 374 2084 me
398 2035 464 2080 non
487 2036 580 2102 posse
603 2012 769 2101 querere?
794 2015 861 2104 ligo
886 2019 1018 2106 quidem
1069 2063 1074 2084 .

9 2125 160 2205 existimo,
174 2128 200 2194 si
212 2124 335 2218 putaris
347 2135 380 2190 te
391 2145 458 2191 non
472 2143 576 2187 nosse.
591 2149 606 2184 s
621 2121 690 2188 Hae
700 2121 822 2188 radone
836 2137 910 2191 sunt
920 2127 1018 2197 etiam

7 2235 214 2322 spondentium
233 2233 393 2324 virginum
414 2227 577 2318 lampades
594 2227 738 2318 ‘aquas
754 2242 854 2296 noctu
871 2246 946 2300 aunt
961 2259 1017 2304 ae·

8 2363 75 2407 ense
90 2344 124 2410 in
143 2342 252 2408 densis
265 2339 404 2405 tenebris
415 2337 601 2427 ignorantiae
615 2385 625 2412 ,
640 2361 738 2425 quam
752 2352 951 2427 pernoctem
966 2343 1019 2410 in-

8 2449 48 2513 uit
58 2450 233 2540 Scriptura.
247 2447 424 2516 Prudentes
436 2445 569 2522 anime,
584 2445 713 2512 munde
725 2457 761 2511 ut
772 2445 923 2534 virgines,
940 2472 1015 2518 cum

9 2555 146 2648 stelligant
160 2580 195 2624 se
210 2580 280 2624 esse
297 2557 371 2624 sitas
390 2555 424 2620 in
441 2551 604 2620 mundana
619 2551 762 2629 inscitia,
779 2550 888 2623 lumen
902 2579 1016 2624 aeeon-

9 2662 584 2741 unt,etmentemexcitant‚tenebras
594 2659 791 2739 illuminant,
801 2663 1015 2752 etignoratio—

9 2791 52 2838 em
57 2773 225 2863 expellunt,
234 2787 267 2842 et
274 2783 422 2862 quaerunt
427 2769 594 2838 veritatem
608 2773 1015 2858 ,etexpectantadventum

10 2884 188 2972 receptoria.

346 2965 579 3036 ARTICULUS
602 2965 665 3032 11..

31 3095 118 3170 Fidei
135 3102 306 3199 mysteria
321 3103 359 3170 in
376 3098 486 3168 sacris
508 3097 653 3165 Litteris
676 3099 935 3169 convenienter
950 3122 1018 3197 per

11 3207 160 3311 llegorias
173 3229 448 3317 proponuntur,
460 3209 559 3284 unde
574 3213 688 3282 Graeci
700 3209 845 3284 decreta
862 3237 926 3286 sua
940 3214 1018 3288 sue-

12 3343 67 3401 unt
77 3339 241 3407 mutuati.

35 3443 234 3527 1⁸.Bonum
255 3465 309 3524 est
329 3465 371 3522 ut
384 3451 499 3521 Graeci
511 3445 669 3546 propriis
689 3443 829 3543 placitis
842 3443 1017 3522 edocean-

13 3565 65 3628 ur²
80 3589 88 3632 ι
481 3593 484 3599 -

34 3693 119 3774 Quod
137 3713 242 3770 autem
264 3711 371 3768 nostra
393 3698 455 3764 sint
477 3691 672 3786 probabilia,
695 3703 728 3757 et
752 3692 845 3785 digna
864 3719 934 3786 quae
954 3721 1021 3768 cm.

32 3819 39 3843 ¹
52 3827 133 3880 ldattb.
142 3850 200 3897 ιιι,
217 3849 308 3899 1,aeq.

28 3908 36 3932 ¹
47 3911 98 3982 Png.
109 3919 167 3972 ⁶56.

139 4031 177 4075 rr.
845 4005 883 4068 aa
