<?xml version="1.0" encoding="UTF-8"?>
<!DOCTYPE html PUBLIC "-//W3C//DTD XHTML 1.0 Transitional//EN"
    "http://www.w3.org/TR/xhtml1/DTD/xhtml1-transitional.dtd">
<html xmlns="http://www.w3.org/1999/xhtml" xml:lang="en" lang="en">
 <head>
  <title>
</title>
<meta http-equiv="Content-Type" content="text/html;charset=utf-8" />
  <meta name='ocr-system' content='tesseract 3.04.00' />
  <meta name='ocr-capabilities' content='ocr_page ocr_carea ocr_par ocr_line ocrx_word'/>
</head>
<body>
  <div class='ocr_page' id='page_1' title='image "./collectioselect00guilgoog_0089.png"; bbox 0 0 2614 4628; ppageno 0'>
   <div class='ocr_carea' id='block_1_1' title="bbox 526 263 1126 328">
    <p class='ocr_par' dir='ltr' id='par_1_1' title="bbox 526 263 1126 328">
     <span class='ocr_line' id='line_1_1' title="bbox 526 263 1126 328; baseline 0.008 -6"><span class='ocrx_word' id='word_1_1' title='bbox 526 281 688 324; x_wconf 78' lang='lat' dir='ltr'><strong>ocrrvrua.</strong></span> <span class='ocrx_word' id='word_1_2' title='bbox 1086 263 1126 328; x_wconf 77' lang='lat' dir='ltr'><strong>at</strong></span> 
     </span>
    </p>
   </div>
   <div class='ocr_carea' id='block_1_2' title="bbox 20 399 1144 4108">
    <p class='ocr_par' dir='ltr' id='par_1_2' title="bbox 20 399 1144 3911">
     <span class='ocr_line' id='line_1_2' title="bbox 69 399 1129 492; baseline 0.006 -26"><span class='ocrx_word' id='word_1_3' title='bbox 69 401 150 492; x_wconf 89' lang='lat' dir='ltr'><strong>quod</strong></span> <span class='ocrx_word' id='word_1_4' title='bbox 172 402 206 466; x_wconf 91' lang='lat' dir='ltr'><strong>in</strong></span> <span class='ocrx_word' id='word_1_5' title='bbox 222 411 370 467; x_wconf 86' lang='lat' dir='ltr'><strong>noctem</strong></span> <span class='ocrx_word' id='word_1_6' title='bbox 390 401 488 466; x_wconf 87' lang='lat' dir='ltr'><strong>astris</strong></span> <span class='ocrx_word' id='word_1_7' title='bbox 501 399 717 490; x_wconf 74' lang='lat' dir='ltr'><strong>distinguitur,</strong></span> <span class='ocrx_word' id='word_1_8' title='bbox 734 399 784 464; x_wconf 85' lang='lat' dir='ltr'><strong>vel</strong></span> <span class='ocrx_word' id='word_1_9' title='bbox 800 401 887 488; x_wconf 90' lang='lat' dir='ltr'><strong>quod</strong></span> <span class='ocrx_word' id='word_1_10' title='bbox 902 401 936 467; x_wconf 93' lang='lat' dir='ltr'><strong>in</strong></span> <span class='ocrx_word' id='word_1_11' title='bbox 957 402 1044 470; x_wconf 86' lang='lat' dir='ltr'><strong>diem</strong></span> <span class='ocrx_word' id='word_1_12' title='bbox 1065 402 1129 472; x_wconf 89' lang='lat' dir='ltr'><strong>sole</strong></span> 
     </span>
     <span class='ocr_line' id='line_1_3' title="bbox 20 511 1129 600; baseline 0.004 -22"><span class='ocrx_word' id='word_1_13' title='bbox 20 533 22 542; x_wconf 90' lang='lat'>·</span> <span class='ocrx_word' id='word_1_14' title='bbox 71 513 237 585; x_wconf 67' lang='lat' dir='ltr'><strong>lustratum</strong></span> <span class='ocrx_word' id='word_1_15' title='bbox 248 512 326 600; x_wconf 87' lang='lat' dir='ltr'><strong>jam</strong></span> <span class='ocrx_word' id='word_1_16' title='bbox 339 511 429 578; x_wconf 89' lang='lat' dir='ltr'><strong>scies</strong></span> <span class='ocrx_word' id='word_1_17' title='bbox 443 533 540 599; x_wconf 91' lang='lat' dir='ltr'><strong>quam</strong></span> <span class='ocrx_word' id='word_1_18' title='bbox 555 511 595 577; x_wconf 92' lang='lat' dir='ltr'><strong>sit</strong></span> <span class='ocrx_word' id='word_1_19' title='bbox 605 511 638 576; x_wconf 89' lang='lat' dir='ltr'><strong>in</strong></span> <span class='ocrx_word' id='word_1_20' title='bbox 649 534 688 577; x_wconf 91' lang='lat' dir='ltr'><strong>eo</strong></span> <span class='ocrx_word' id='word_1_21' title='bbox 699 511 815 576; x_wconf 90' lang='lat' dir='ltr'><strong>summi</strong></span> <span class='ocrx_word' id='word_1_22' title='bbox 827 511 1038 580; x_wconf 79' lang='lat' dir='ltr'><strong>moderatoris</strong></span> <span class='ocrx_word' id='word_1_23' title='bbox 1050 516 1129 582; x_wconf 90' lang='lat' dir='ltr'><strong>mira</strong></span> 
     </span>
     <span class='ocr_line' id='line_1_4' title="bbox 72 619 1126 703; baseline 0.004 -15"><span class='ocrx_word' id='word_1_24' title='bbox 72 635 104 688; x_wconf 84' lang='lat' dir='ltr'><strong>et</strong></span> <span class='ocrx_word' id='word_1_25' title='bbox 120 622 225 688; x_wconf 77' lang='lat' dir='ltr'><strong>divina</strong></span> <span class='ocrx_word' id='word_1_26' title='bbox 243 621 403 690; x_wconf 84' lang='lat' dir='ltr'><strong>libratio.</strong></span> <span class='ocrx_word' id='word_1_27' title='bbox 422 621 506 690; x_wconf 84' lang='lat' dir='ltr'><strong>vide</strong></span> <span class='ocrx_word' id='word_1_28' title='bbox 521 633 554 688; x_wconf 89' lang='lat' dir='ltr'><strong>et</strong></span> <span class='ocrx_word' id='word_1_29' title='bbox 568 633 701 699; x_wconf 80' lang='lat' dir='ltr'><strong>annum,</strong></span> <span class='ocrx_word' id='word_1_30' title='bbox 713 634 750 689; x_wconf 89' lang='lat' dir='ltr'><strong>ut</strong></span> <span class='ocrx_word' id='word_1_31' title='bbox 765 619 839 688; x_wconf 88' lang='lat' dir='ltr'><strong>solis</strong></span> <span class='ocrx_word' id='word_1_32' title='bbox 861 623 1000 690; x_wconf 83' lang='lat' dir='ltr'><strong>ambitus</strong></span> <span class='ocrx_word' id='word_1_33' title='bbox 1015 623 1126 703; x_wconf 65' lang='lat' dir='ltr'><strong>faciam</strong></span> 
     </span>
     <span class='ocr_line' id='line_1_5' title="bbox 79 730 1127 826; baseline 0.005 -28"><span class='ocrx_word' id='word_1_34' title='bbox 79 747 113 798; x_wconf 83' lang='lat' dir='ltr'><strong>et</strong></span> <span class='ocrx_word' id='word_1_35' title='bbox 127 757 264 800; x_wconf 85' lang='lat' dir='ltr'><strong>mensem</strong></span> <span class='ocrx_word' id='word_1_36' title='bbox 284 733 386 809; x_wconf 84' lang='lat' dir='ltr'><strong>vide,</strong></span> <span class='ocrx_word' id='word_1_37' title='bbox 404 745 444 798; x_wconf 90' lang='lat' dir='ltr'><strong>ut</strong></span> <span class='ocrx_word' id='word_1_38' title='bbox 467 731 540 798; x_wconf 89' lang='lat' dir='ltr'><strong>luna</strong></span> <span class='ocrx_word' id='word_1_39' title='bbox 553 745 664 808; x_wconf 87' lang='lat' dir='ltr'><strong>auctu,</strong></span> <span class='ocrx_word' id='word_1_40' title='bbox 680 733 781 810; x_wconf 89' lang='lat' dir='ltr'><strong>senio,</strong></span> <span class='ocrx_word' id='word_1_41' title='bbox 798 730 906 799; x_wconf 86' lang='lat' dir='ltr'><strong>labore</strong></span> <span class='ocrx_word' id='word_1_42' title='bbox 922 735 1127 826; x_wconf 77' lang='lat' dir='ltr'><strong>circumagat.</strong></span> 
     </span>
     <span class='ocr_line' id='line_1_6' title="bbox 84 842 1132 923; baseline 0.004 -15"><span class='ocrx_word' id='word_1_43' title='bbox 84 842 166 923; x_wconf 79' lang='lat' dir='ltr'><strong>Quid</strong></span> <span class='ocrx_word' id='word_1_44' title='bbox 175 846 398 911; x_wconf 84' lang='lat' dir='ltr'><strong>tenebrarum</strong></span> <span class='ocrx_word' id='word_1_45' title='bbox 410 855 445 910; x_wconf 86' lang='lat' dir='ltr'><strong>et</strong></span> <span class='ocrx_word' id='word_1_46' title='bbox 455 842 584 909; x_wconf 87' lang='lat' dir='ltr'><strong>luminis</strong></span> <span class='ocrx_word' id='word_1_47' title='bbox 600 843 704 909; x_wconf 79' lang='lat' dir='ltr'><strong>alicam</strong></span> <span class='ocrx_word' id='word_1_48' title='bbox 720 855 918 910; x_wconf 83' lang='lat' dir='ltr'><strong>recursantes</strong></span> <span class='ocrx_word' id='word_1_49' title='bbox 930 844 1027 923; x_wconf 84' lang='lat' dir='ltr'><strong>vices,</strong></span> <span class='ocrx_word' id='word_1_50' title='bbox 1043 859 1080 912; x_wconf 90' lang='lat' dir='ltr'><strong>ut</strong></span> <span class='ocrx_word' id='word_1_51' title='bbox 1091 847 1132 912; x_wconf 88' lang='lat' dir='ltr'><strong>sit</strong></span> 
     </span>
     <span class='ocr_line' id='line_1_7' title="bbox 88 952 1133 1044; baseline 0.007 -25"><span class='ocrx_word' id='word_1_52' title='bbox 88 954 169 1019; x_wconf 83' lang='lat' dir='ltr'><strong>nobis</strong></span> <span class='ocrx_word' id='word_1_53' title='bbox 177 955 283 1042; x_wconf 86' lang='lat' dir='ltr'><strong>operis</strong></span> <span class='ocrx_word' id='word_1_54' title='bbox 299 967 339 1020; x_wconf 85' lang='lat' dir='ltr'><strong>et</strong></span> <span class='ocrx_word' id='word_1_55' title='bbox 356 954 478 1043; x_wconf 88' lang='lat' dir='ltr'><strong>qnietis</strong></span> <span class='ocrx_word' id='word_1_56' title='bbox 493 953 614 1019; x_wconf 88' lang='lat' dir='ltr'><strong>alterna</strong></span> <span class='ocrx_word' id='word_1_57' title='bbox 630 953 811 1044; x_wconf 71' lang='lat' dir='ltr'><strong>reparatio?</strong></span> <span class='ocrx_word' id='word_1_58' title='bbox 825 952 1041 1044; x_wconf 84' lang='lat' dir='ltr'><strong>Relinquenda</strong></span> <span class='ocrx_word' id='word_1_59' title='bbox 1057 981 1133 1026; x_wconf 85' lang='lat' dir='ltr'><strong>vero</strong></span> 
     </span>
     <span class='ocr_line' id='line_1_8' title="bbox 86 1062 1134 1156; baseline 0.006 -26"><span class='ocrx_word' id='word_1_60' title='bbox 86 1062 236 1154; x_wconf 85' lang='lat' dir='ltr'><strong>astrologis</strong></span> <span class='ocrx_word' id='word_1_61' title='bbox 248 1064 421 1154; x_wconf 83' lang='lat' dir='ltr'><strong>prolixior</strong></span> <span class='ocrx_word' id='word_1_62' title='bbox 432 1064 473 1129; x_wconf 89' lang='lat' dir='ltr'><strong>de</strong></span> <span class='ocrx_word' id='word_1_63' title='bbox 489 1064 643 1130; x_wconf 89' lang='lat' dir='ltr'><strong>sideribus</strong></span> <span class='ocrx_word' id='word_1_64' title='bbox 655 1065 769 1140; x_wconf 91' lang='lat' dir='ltr'><strong>oratio,</strong></span> <span class='ocrx_word' id='word_1_65' title='bbox 781 1063 830 1130; x_wconf 86' lang='lat' dir='ltr'><strong>vel</strong></span> <span class='ocrx_word' id='word_1_66' title='bbox 842 1066 929 1152; x_wconf 92' lang='lat' dir='ltr'><strong>quod</strong></span> <span class='ocrx_word' id='word_1_67' title='bbox 940 1078 1051 1156; x_wconf 86' lang='lat' dir='ltr'><strong>regant</strong></span> <span class='ocrx_word' id='word_1_68' title='bbox 1062 1092 1134 1136; x_wconf 89' lang='lat' dir='ltr'><strong>cur·</strong></span> 
     </span>
     <span class='ocr_line' id='line_1_9' title="bbox 88 1172 1135 1266; baseline 0.005 -27"><span class='ocrx_word' id='word_1_69' title='bbox 88 1197 150 1239; x_wconf 84' lang='lat' dir='ltr'><strong>sun</strong></span> <span class='ocrx_word' id='word_1_70' title='bbox 162 1173 358 1265; x_wconf 81' lang='lat' dir='ltr'><strong>navigandi,</strong></span> <span class='ocrx_word' id='word_1_71' title='bbox 377 1172 428 1239; x_wconf 81' lang='lat' dir='ltr'><strong>vel</strong></span> <span class='ocrx_word' id='word_1_72' title='bbox 445 1175 532 1264; x_wconf 88' lang='lat' dir='ltr'><strong>quod</strong></span> <span class='ocrx_word' id='word_1_73' title='bbox 549 1174 658 1240; x_wconf 88' lang='lat' dir='ltr'><strong>arandi</strong></span> <span class='ocrx_word' id='word_1_74' title='bbox 675 1173 880 1262; x_wconf 80' lang='lat' dir='ltr'><strong>metendique</strong></span> <span class='ocrx_word' id='word_1_75' title='bbox 894 1185 1020 1266; x_wconf 87' lang='lat' dir='ltr'><strong>tempus</strong></span> <span class='ocrx_word' id='word_1_76' title='bbox 1038 1179 1135 1244; x_wconf 91' lang='lat' dir='ltr'><strong>indu-</strong></span> 
     </span>
     <span class='ocr_line' id='line_1_10' title="bbox 89 1283 1134 1380; baseline 0.004 -28"><span class='ocrx_word' id='word_1_77' title='bbox 89 1298 178 1352; x_wconf 80' lang='lat' dir='ltr'><strong>arnt:</strong></span> <span class='ocrx_word' id='word_1_78' title='bbox 195 1309 272 1374; x_wconf 75' lang='lat' dir='ltr'><strong>quse</strong></span> <span class='ocrx_word' id='word_1_79' title='bbox 290 1283 425 1374; x_wconf 85' lang='lat' dir='ltr'><strong>singula</strong></span> <span class='ocrx_word' id='word_1_80' title='bbox 437 1307 503 1352; x_wconf 92' lang='lat' dir='ltr'><strong>non</strong></span> <span class='ocrx_word' id='word_1_81' title='bbox 519 1285 614 1350; x_wconf 91' lang='lat' dir='ltr'><strong>modo</strong></span> <span class='ocrx_word' id='word_1_82' title='bbox 629 1295 665 1350; x_wconf 90' lang='lat' dir='ltr'><strong>ut</strong></span> <span class='ocrx_word' id='word_1_83' title='bbox 676 1296 875 1360; x_wconf 86' lang='lat' dir='ltr'><strong>crearentur,</strong></span> <span class='ocrx_word' id='word_1_84' title='bbox 888 1285 1014 1364; x_wconf 85' lang='lat' dir='ltr'><strong>fierent,</strong></span> <span class='ocrx_word' id='word_1_85' title='bbox 1032 1289 1134 1380; x_wconf 90' lang='lat' dir='ltr'><strong>dispo-</strong></span> 
     </span>
     <span class='ocr_line' id='line_1_11' title="bbox 85 1392 1133 1487; baseline 0.003 -25"><span class='ocrx_word' id='word_1_86' title='bbox 85 1410 243 1472; x_wconf 78' lang='lat' dir='ltr'><strong>narentur,</strong></span> <span class='ocrx_word' id='word_1_87' title='bbox 273 1396 402 1462; x_wconf 85' lang='lat' dir='ltr'><strong>summi</strong></span> <span class='ocrx_word' id='word_1_88' title='bbox 433 1392 556 1485; x_wconf 87' lang='lat' dir='ltr'><strong>opificis</strong></span> <span class='ocrx_word' id='word_1_89' title='bbox 583 1407 615 1459; x_wconf 88' lang='lat' dir='ltr'><strong>et</strong></span> <span class='ocrx_word' id='word_1_90' title='bbox 636 1394 784 1485; x_wconf 75' lang='lat' dir='ltr'><strong>perlectae</strong></span> <span class='ocrx_word' id='word_1_91' title='bbox 812 1395 942 1461; x_wconf 89' lang='lat' dir='ltr'><strong>rationis</strong></span> <span class='ocrx_word' id='word_1_92' title='bbox 964 1412 1133 1487; x_wconf 86' lang='lat' dir='ltr'><strong>eguerunt,</strong></span> 
     </span>
     <span class='ocr_line' id='line_1_12' title="bbox 83 1503 1135 1595; baseline 0.006 -25"><span class='ocrx_word' id='word_1_93' title='bbox 83 1508 313 1572; x_wconf 71' lang='lat' dir='ltr'><strong>verumetiam</strong></span> <span class='ocrx_word' id='word_1_94' title='bbox 329 1505 458 1581; x_wconf 89' lang='lat' dir='ltr'><strong>sentiri,</strong></span> <span class='ocrx_word' id='word_1_95' title='bbox 478 1505 626 1595; x_wconf 87' lang='lat' dir='ltr'><strong>perspici,</strong></span> <span class='ocrx_word' id='word_1_96' title='bbox 643 1503 789 1594; x_wconf 82' lang='lat' dir='ltr'><strong>intelligi,</strong></span> <span class='ocrx_word' id='word_1_97' title='bbox 805 1505 873 1571; x_wconf 88' lang='lat' dir='ltr'><strong>sine</strong></span> <span class='ocrx_word' id='word_1_98' title='bbox 888 1529 1011 1572; x_wconf 90' lang='lat' dir='ltr'><strong>summa</strong></span> <span class='ocrx_word' id='word_1_99' title='bbox 1034 1507 1135 1576; x_wconf 84' lang='lat' dir='ltr'><strong>soler-</strong></span> 
     </span>
     <span class='ocr_line' id='line_1_13' title="bbox 84 1614 1135 1707; baseline 0.006 -25"><span class='ocrx_word' id='word_1_100' title='bbox 84 1618 125 1681; x_wconf 80' lang='lat' dir='ltr'><strong>tia</strong></span> <span class='ocrx_word' id='word_1_101' title='bbox 139 1630 171 1682; x_wconf 89' lang='lat' dir='ltr'><strong>et</strong></span> <span class='ocrx_word' id='word_1_102' title='bbox 185 1619 320 1682; x_wconf 83' lang='lat' dir='ltr'><strong>ratione</strong></span> <span class='ocrx_word' id='word_1_103' title='bbox 341 1639 410 1682; x_wconf 88' lang='lat' dir='ltr'><strong>non</strong></span> <span class='ocrx_word' id='word_1_104' title='bbox 426 1627 569 1704; x_wconf 88' lang='lat' dir='ltr'><strong>possunt.</strong></span> <span class='ocrx_word' id='word_1_105' title='bbox 589 1614 699 1694; x_wconf 75' lang='lat' dir='ltr'><strong>Quid?</strong></span> <span class='ocrx_word' id='word_1_106' title='bbox 714 1638 789 1682; x_wconf 87' lang='lat' dir='ltr'><strong>cum</strong></span> <span class='ocrx_word' id='word_1_107' title='bbox 804 1615 883 1681; x_wconf 89' lang='lat' dir='ltr'><strong>ordo</strong></span> <span class='ocrx_word' id='word_1_108' title='bbox 899 1629 1080 1707; x_wconf 87' lang='lat' dir='ltr'><strong>temporum</strong></span> <span class='ocrx_word' id='word_1_109' title='bbox 1096 1644 1135 1689; x_wconf 85' lang='lat' dir='ltr'><strong>ac</strong></span> 
     </span>
     <span class='ocr_line' id='line_1_14' title="bbox 86 1707 1135 1818; baseline 0.003 -26"><span class='ocrx_word' id='word_1_110' title='bbox 86 1723 211 1818; x_wconf 78' lang='lat' dir='ltr'><strong>[rugiam</strong></span> <span class='ocrx_word' id='word_1_111' title='bbox 228 1726 341 1797; x_wconf 79' lang='lat' dir='ltr'><strong>stabili</strong></span> <span class='ocrx_word' id='word_1_112' title='bbox 353 1727 508 1792; x_wconf 82' lang='lat' dir='ltr'><strong>varietate</strong></span> <span class='ocrx_word' id='word_1_113' title='bbox 521 1707 734 1815; x_wconf 85' lang='lat' dir='ltr'><strong>distinguitur,</strong></span> <span class='ocrx_word' id='word_1_114' title='bbox 744 1749 850 1792; x_wconf 86' lang='lat' dir='ltr'><strong>nonne</strong></span> <span class='ocrx_word' id='word_1_115' title='bbox 862 1739 1026 1794; x_wconf 89' lang='lat' dir='ltr'><strong>auctorem</strong></span> <span class='ocrx_word' id='word_1_116' title='bbox 1043 1752 1135 1795; x_wconf 88' lang='lat' dir='ltr'><strong>suum</strong></span> 
     </span>
     <span class='ocr_line' id='line_1_15' title="bbox 88 1833 1136 1928; baseline 0.001 -24"><span class='ocrx_word' id='word_1_117' title='bbox 88 1852 323 1928; x_wconf 79' lang='lat' dir='ltr'><strong>parentemque</strong></span> <span class='ocrx_word' id='word_1_118' title='bbox 349 1835 510 1902; x_wconf 75' lang='lat' dir='ltr'><strong>testatur?</strong></span> <span class='ocrx_word' id='word_1_119' title='bbox 534 1833 598 1904; x_wconf 91' lang='lat' dir='ltr'><strong>Ver</strong></span> <span class='ocrx_word' id='word_1_120' title='bbox 627 1858 717 1924; x_wconf 86' lang='lat' dir='ltr'><strong>aeque</strong></span> <span class='ocrx_word' id='word_1_121' title='bbox 739 1858 815 1902; x_wconf 92' lang='lat' dir='ltr'><strong>cum</strong></span> <span class='ocrx_word' id='word_1_122' title='bbox 832 1835 907 1902; x_wconf 64' lang='lat' dir='ltr'><strong>&#39;suis</strong></span> <span class='ocrx_word' id='word_1_123' title='bbox 933 1837 1080 1916; x_wconf 87' lang='lat' dir='ltr'><strong>iloribus,</strong></span> <span class='ocrx_word' id='word_1_124' title='bbox 1103 1853 1136 1906; x_wconf 94' lang='lat' dir='ltr'><strong>et</strong></span> 
     </span>
     <span class='ocr_line' id='line_1_16' title="bbox 92 1947 1137 2038; baseline 0.002 -24"><span class='ocrx_word' id='word_1_125' title='bbox 92 1963 183 2014; x_wconf 78' lang='lat' dir='ltr'><strong>astas</strong></span> <span class='ocrx_word' id='word_1_126' title='bbox 201 1971 282 2015; x_wconf 91' lang='lat' dir='ltr'><strong>cum</strong></span> <span class='ocrx_word' id='word_1_127' title='bbox 305 1947 371 2012; x_wconf 87' lang='lat' dir='ltr'><strong>suis</strong></span> <span class='ocrx_word' id='word_1_128' title='bbox 391 1947 561 2022; x_wconf 86' lang='lat' dir='ltr'><strong>messibus,</strong></span> <span class='ocrx_word' id='word_1_129' title='bbox 581 1958 612 2012; x_wconf 89' lang='lat' dir='ltr'><strong>et</strong></span> <span class='ocrx_word' id='word_1_130' title='bbox 632 1947 778 2012; x_wconf 89' lang='lat' dir='ltr'><strong>autumni</strong></span> <span class='ocrx_word' id='word_1_131' title='bbox 799 1948 965 2015; x_wconf 87' lang='lat' dir='ltr'><strong>maturitas</strong></span> <span class='ocrx_word' id='word_1_132' title='bbox 981 1961 1083 2038; x_wconf 88' lang='lat' dir='ltr'><strong>grata,</strong></span> <span class='ocrx_word' id='word_1_133' title='bbox 1103 1961 1137 2016; x_wconf 87' lang='lat' dir='ltr'><strong>et</strong></span> 
     </span>
     <span class='ocr_line' id='line_1_17' title="bbox 98 2056 1136 2144; baseline 0.005 -20"><span class='ocrx_word' id='word_1_134' title='bbox 98 2058 237 2124; x_wconf 81' lang='lat' dir='ltr'><strong>hiberna</strong></span> <span class='ocrx_word' id='word_1_135' title='bbox 247 2057 367 2122; x_wconf 73' lang='lat' dir='ltr'><strong>olivitas</strong></span> <span class='ocrx_word' id='word_1_136' title='bbox 377 2057 555 2123; x_wconf 88' lang='lat' dir='ltr'><strong>necessaria</strong></span> <span class='ocrx_word' id='word_1_137' title='bbox 573 2080 580 2121; x_wconf 94' lang='lat'><strong>:</strong></span> <span class='ocrx_word' id='word_1_138' title='bbox 599 2056 652 2144; x_wconf 92' lang='lat' dir='ltr'><strong>qui</strong></span> <span class='ocrx_word' id='word_1_139' title='bbox 668 2056 747 2122; x_wconf 89' lang='lat' dir='ltr'><strong>ordo</strong></span> <span class='ocrx_word' id='word_1_140' title='bbox 759 2056 852 2123; x_wconf 80' lang='lat' dir='ltr'><strong>facile</strong></span> <span class='ocrx_word' id='word_1_141' title='bbox 867 2061 1061 2138; x_wconf 89' lang='lat' dir='ltr'><strong>turbaretur,</strong></span> <span class='ocrx_word' id='word_1_142' title='bbox 1075 2063 1136 2128; x_wconf 90' lang='lat' dir='ltr'><strong>nisi</strong></span> 
     </span>
     <span class='ocr_line' id='line_1_18' title="bbox 103 2166 1136 2258; baseline 0.006 -24"><span class='ocrx_word' id='word_1_143' title='bbox 103 2169 244 2235; x_wconf 81' lang='lat' dir='ltr'><strong>maxima</strong></span> <span class='ocrx_word' id='word_1_144' title='bbox 262 2168 378 2233; x_wconf 86' lang='lat' dir='ltr'><strong>ratione</strong></span> <span class='ocrx_word' id='word_1_145' title='bbox 396 2167 596 2233; x_wconf 84' lang='lat' dir='ltr'><strong>consisteret.</strong></span> <span class='ocrx_word' id='word_1_146' title='bbox 618 2166 689 2231; x_wconf 64' lang='lat' dir='ltr'><strong>«lam</strong></span> <span class='ocrx_word' id='word_1_147' title='bbox 709 2167 914 2254; x_wconf 74' lang='lat' dir='ltr'><strong>providentia</strong></span> <span class='ocrx_word' id='word_1_148' title='bbox 933 2183 1072 2258; x_wconf 69' lang='lat' dir='ltr'><strong>quanta,</strong></span> <span class='ocrx_word' id='word_1_149' title='bbox 1095 2197 1136 2240; x_wconf 86' lang='lat' dir='ltr'><strong>ne</strong></span> 
     </span>
     <span class='ocr_line' id='line_1_19' title="bbox 99 2274 1138 2366; baseline 0.003 -20"><span class='ocrx_word' id='word_1_150' title='bbox 99 2279 204 2346; x_wconf 81' lang='lat' dir='ltr'><strong>biems</strong></span> <span class='ocrx_word' id='word_1_151' title='bbox 218 2276 285 2344; x_wconf 87' lang='lat' dir='ltr'><strong>sola</strong></span> <span class='ocrx_word' id='word_1_152' title='bbox 296 2275 391 2366; x_wconf 87' lang='lat' dir='ltr'><strong>glacie</strong></span> <span class='ocrx_word' id='word_1_153' title='bbox 402 2286 524 2352; x_wconf 88' lang='lat' dir='ltr'><strong>ureret,</strong></span> <span class='ocrx_word' id='word_1_154' title='bbox 542 2287 597 2340; x_wconf 90' lang='lat' dir='ltr'><strong>aut</strong></span> <span class='ocrx_word' id='word_1_155' title='bbox 610 2274 677 2340; x_wconf 79' lang='lat' dir='ltr'><strong>&#39;sola</strong></span> <span class='ocrx_word' id='word_1_156' title='bbox 689 2287 780 2341; x_wconf 87' lang='lat' dir='ltr'><strong>aestas</strong></span> <span class='ocrx_word' id='word_1_157' title='bbox 792 2277 905 2343; x_wconf 89' lang='lat' dir='ltr'><strong>ardore</strong></span> <span class='ocrx_word' id='word_1_158' title='bbox 921 2292 1069 2358; x_wconf 89' lang='lat' dir='ltr'><strong>torreret,</strong></span> <span class='ocrx_word' id='word_1_159' title='bbox 1084 2306 1138 2348; x_wconf 93' lang='lat' dir='ltr'><strong>au·</strong></span> 
     </span>
     <span class='ocr_line' id='line_1_20' title="bbox 94 2385 1140 2481; baseline 0.003 -25"><span class='ocrx_word' id='word_1_160' title='bbox 94 2390 200 2456; x_wconf 87' lang='lat' dir='ltr'><strong>tnmni</strong></span> <span class='ocrx_word' id='word_1_161' title='bbox 224 2397 258 2454; x_wconf 88' lang='lat' dir='ltr'><strong>et</strong></span> <span class='ocrx_word' id='word_1_162' title='bbox 281 2389 362 2453; x_wconf 78' lang='lat' dir='ltr'><strong>veris</strong></span> <span class='ocrx_word' id='word_1_163' title='bbox 383 2389 523 2453; x_wconf 86' lang='lat' dir='ltr'><strong>inserere</strong></span> <span class='ocrx_word' id='word_1_164' title='bbox 544 2385 690 2452; x_wconf 83' lang='lat' dir='ltr'><strong>mediani</strong></span> <span class='ocrx_word' id='word_1_165' title='bbox 707 2396 1008 2474; x_wconf 88' lang='lat' dir='ltr'><strong>temperamentum,</strong></span> <span class='ocrx_word' id='word_1_166' title='bbox 1028 2404 1065 2456; x_wconf 91' lang='lat' dir='ltr'><strong>ut</strong></span> <span class='ocrx_word' id='word_1_167' title='bbox 1084 2415 1140 2481; x_wconf 91' lang='lat' dir='ltr'><strong>per</strong></span> 
     </span>
     <span class='ocr_line' id='line_1_21' title="bbox 91 2495 1142 2590; baseline 0.002 -24"><span class='ocrx_word' id='word_1_168' title='bbox 91 2501 223 2590; x_wconf 75' lang='lat' dir='ltr'><strong>vestigia</strong></span> <span class='ocrx_word' id='word_1_169' title='bbox 241 2521 300 2564; x_wconf 82' lang='lat' dir='ltr'><strong>sus</strong></span> <span class='ocrx_word' id='word_1_170' title='bbox 318 2498 395 2564; x_wconf 88' lang='lat' dir='ltr'><strong>anni</strong></span> <span class='ocrx_word' id='word_1_171' title='bbox 413 2497 600 2563; x_wconf 81' lang='lat' dir='ltr'><strong>revertentis</strong></span> <span class='ocrx_word' id='word_1_172' title='bbox 615 2495 733 2563; x_wconf 88' lang='lat' dir='ltr'><strong>occulti</strong></span> <span class='ocrx_word' id='word_1_173' title='bbox 750 2508 783 2561; x_wconf 88' lang='lat' dir='ltr'><strong>et</strong></span> <span class='ocrx_word' id='word_1_174' title='bbox 798 2496 916 2564; x_wconf 82' lang='lat' dir='ltr'><strong>innoxii</strong></span> <span class='ocrx_word' id='word_1_175' title='bbox 931 2501 1080 2568; x_wconf 87' lang='lat' dir='ltr'><strong>transitus</strong></span> <span class='ocrx_word' id='word_1_176' title='bbox 1095 2501 1142 2568; x_wconf 88' lang='lat' dir='ltr'><strong>la—</strong></span> 
     </span>
     <span class='ocr_line' id='line_1_22' title="bbox 88 2605 1138 2701; baseline 0 -23"><span class='ocrx_word' id='word_1_177' title='bbox 88 2613 260 2678; x_wconf 86' lang='lat' dir='ltr'><strong>berentur.</strong></span> <span class='ocrx_word' id='word_1_178' title='bbox 282 2607 364 2675; x_wconf 83' lang='lat' dir='ltr'><strong>blari</strong></span> <span class='ocrx_word' id='word_1_179' title='bbox 387 2607 531 2683; x_wconf 87' lang='lat' dir='ltr'><strong>intende,</strong></span> <span class='ocrx_word' id='word_1_180' title='bbox 555 2605 623 2696; x_wconf 86' lang='lat' dir='ltr'><strong>lege</strong></span> <span class='ocrx_word' id='word_1_181' title='bbox 638 2605 753 2672; x_wconf 87' lang='lat' dir='ltr'><strong>littoris</strong></span> <span class='ocrx_word' id='word_1_182' title='bbox 774 2607 949 2696; x_wconf 87' lang='lat' dir='ltr'><strong>stringitur.</strong></span> <span class='ocrx_word' id='word_1_183' title='bbox 974 2609 1138 2701; x_wconf 83' lang='lat' dir='ltr'><strong>Quidquid</strong></span> 
     </span>
     <span class='ocr_line' id='line_1_23' title="bbox 89 2717 1139 2805; baseline 0.003 -18"><span class='ocrx_word' id='word_1_184' title='bbox 89 2723 250 2788; x_wconf 85' lang='lat' dir='ltr'><strong>arborum</strong></span> <span class='ocrx_word' id='word_1_185' title='bbox 271 2731 323 2784; x_wconf 87' lang='lat' dir='ltr'><strong>est</strong></span> <span class='ocrx_word' id='word_1_186' title='bbox 337 2719 423 2794; x_wconf 86' lang='lat' dir='ltr'><strong>vide,</strong></span> <span class='ocrx_word' id='word_1_187' title='bbox 446 2740 542 2805; x_wconf 92' lang='lat' dir='ltr'><strong>quam</strong></span> <span class='ocrx_word' id='word_1_188' title='bbox 560 2739 578 2782; x_wconf 94' lang='lat' dir='ltr'><strong>e</strong></span> <span class='ocrx_word' id='word_1_189' title='bbox 592 2729 685 2782; x_wconf 84' lang='lat' dir='ltr'><strong>terrae</strong></span> <span class='ocrx_word' id='word_1_190' title='bbox 701 2717 875 2784; x_wconf 85' lang='lat' dir='ltr'><strong>visceribus</strong></span> <span class='ocrx_word' id='word_1_191' title='bbox 890 2719 1059 2787; x_wconf 86' lang='lat' dir='ltr'><strong>animatur.</strong></span> <span class='ocrx_word' id='word_1_192' title='bbox 1077 2721 1139 2790; x_wconf 82' lang='lat' dir='ltr'><strong>Aa·</strong></span> 
     </span>
     <span class='ocr_line' id='line_1_24' title="bbox 88 2827 1141 2923; baseline 0 -25"><span class='ocrx_word' id='word_1_193' title='bbox 88 2835 162 2923; x_wconf 84' lang='lat' dir='ltr'><strong>pice</strong></span> <span class='ocrx_word' id='word_1_194' title='bbox 179 2852 360 2904; x_wconf 87' lang='lat' dir='ltr'><strong>oceanum,</strong></span> <span class='ocrx_word' id='word_1_195' title='bbox 376 2827 484 2894; x_wconf 85' lang='lat' dir='ltr'><strong>refluit</strong></span> <span class='ocrx_word' id='word_1_196' title='bbox 505 2827 675 2917; x_wconf 89' lang='lat' dir='ltr'><strong>reciprocis</strong></span> <span class='ocrx_word' id='word_1_197' title='bbox 696 2829 833 2894; x_wconf 73' lang='lat' dir='ltr'><strong>aestibus.</strong></span> <span class='ocrx_word' id='word_1_198' title='bbox 852 2827 932 2896; x_wconf 86' lang='lat' dir='ltr'><strong>Vide</strong></span> <span class='ocrx_word' id='word_1_199' title='bbox 948 2832 1063 2907; x_wconf 87' lang='lat' dir='ltr'><strong>sontes,</strong></span> <span class='ocrx_word' id='word_1_200' title='bbox 1076 2857 1141 2899; x_wconf 93' lang='lat' dir='ltr'><strong>ma-</strong></span> 
     </span>
     <span class='ocr_line' id='line_1_25' title="bbox 90 2937 1141 3030; baseline -0.002 -21"><span class='ocrx_word' id='word_1_201' title='bbox 90 2956 171 3009; x_wconf 85' lang='lat' dir='ltr'><strong>nant</strong></span> <span class='ocrx_word' id='word_1_202' title='bbox 182 2942 276 3008; x_wconf 72' lang='lat' dir='ltr'><strong>venis</strong></span> <span class='ocrx_word' id='word_1_203' title='bbox 295 2937 493 3029; x_wconf 88' lang='lat' dir='ltr'><strong>perennibus</strong></span> <span class='ocrx_word' id='word_1_204' title='bbox 510 2959 517 2999; x_wconf 94' lang='lat'><strong>:</strong></span> <span class='ocrx_word' id='word_1_205' title='bbox 536 2937 648 3003; x_wconf 87' lang='lat' dir='ltr'><strong>fluvios</strong></span> <span class='ocrx_word' id='word_1_206' title='bbox 665 2938 803 3014; x_wconf 90' lang='lat' dir='ltr'><strong>intuere,</strong></span> <span class='ocrx_word' id='word_1_207' title='bbox 815 2952 893 3004; x_wconf 89' lang='lat' dir='ltr'><strong>eunt</strong></span> <span class='ocrx_word' id='word_1_208' title='bbox 908 2963 1034 3030; x_wconf 86' lang='lat' dir='ltr'><strong>semper</strong></span> <span class='ocrx_word' id='word_1_209' title='bbox 1049 2965 1141 3008; x_wconf 80' lang='lat' dir='ltr'><strong>exer-</strong></span> 
     </span>
     <span class='ocr_line' id='line_1_26' title="bbox 93 3046 1141 3141; baseline -0.001 -22"><span class='ocrx_word' id='word_1_210' title='bbox 93 3053 169 3119; x_wconf 84' lang='lat' dir='ltr'><strong>citis</strong></span> <span class='ocrx_word' id='word_1_211' title='bbox 186 3051 346 3141; x_wconf 85' lang='lat' dir='ltr'><strong>lapsibus.</strong></span> <span class='ocrx_word' id='word_1_212' title='bbox 368 3048 454 3128; x_wconf 88' lang='lat' dir='ltr'><strong>Quid</strong></span> <span class='ocrx_word' id='word_1_213' title='bbox 473 3046 585 3137; x_wconf 89' lang='lat' dir='ltr'><strong>loquar</strong></span> <span class='ocrx_word' id='word_1_214' title='bbox 601 3059 674 3137; x_wconf 85' lang='lat' dir='ltr'><strong>apte</strong></span> <span class='ocrx_word' id='word_1_215' title='bbox 694 3047 843 3137; x_wconf 88' lang='lat' dir='ltr'><strong>disposita</strong></span> <span class='ocrx_word' id='word_1_216' title='bbox 863 3061 950 3116; x_wconf 85' lang='lat' dir='ltr'><strong>recta</strong></span> <span class='ocrx_word' id='word_1_217' title='bbox 969 3051 1141 3128; x_wconf 90' lang='lat' dir='ltr'><strong>montium,</strong></span> 
     </span>
     <span class='ocr_line' id='line_1_27' title="bbox 90 3151 1143 3249; baseline -0.001 -20"><span class='ocrx_word' id='word_1_218' title='bbox 90 3161 225 3234; x_wconf 85' lang='lat' dir='ltr'><strong>collium</strong></span> <span class='ocrx_word' id='word_1_219' title='bbox 252 3159 356 3235; x_wconf 83' lang='lat' dir='ltr'><strong>ilexa,</strong></span> <span class='ocrx_word' id='word_1_220' title='bbox 380 3155 527 3249; x_wconf 81' lang='lat' dir='ltr'><strong>porrecta</strong></span> <span class='ocrx_word' id='word_1_221' title='bbox 554 3151 763 3249; x_wconf 70' lang='lat' dir='ltr'><strong>camporum?</strong></span> <span class='ocrx_word' id='word_1_222' title='bbox 785 3157 910 3239; x_wconf 77' lang='lat' dir='ltr'><strong>Quidve</strong></span> <span class='ocrx_word' id='word_1_223' title='bbox 933 3159 1143 3229; x_wconf 88' lang='lat' dir='ltr'><strong>animantium</strong></span> 
     </span>
     <span class='ocr_line' id='line_1_28' title="bbox 92 3267 1142 3364; baseline 0.001 -24"><span class='ocrx_word' id='word_1_224' title='bbox 92 3274 208 3364; x_wconf 90' lang='lat' dir='ltr'><strong>loquar</strong></span> <span class='ocrx_word' id='word_1_225' title='bbox 223 3272 383 3339; x_wconf 79' lang='lat' dir='ltr'><strong>adversus</strong></span> <span class='ocrx_word' id='word_1_226' title='bbox 398 3292 467 3334; x_wconf 86' lang='lat' dir='ltr'><strong>sese</strong></span> <span class='ocrx_word' id='word_1_227' title='bbox 487 3267 618 3334; x_wconf 87' lang='lat' dir='ltr'><strong>tutelam</strong></span> <span class='ocrx_word' id='word_1_228' title='bbox 636 3267 888 3335; x_wconf 76' lang='lat' dir='ltr'><strong>multiformem?</strong></span> <span class='ocrx_word' id='word_1_229' title='bbox 910 3267 986 3335; x_wconf 87' lang='lat' dir='ltr'><strong>alias</strong></span> <span class='ocrx_word' id='word_1_230' title='bbox 1007 3285 1142 3342; x_wconf 85' lang='lat' dir='ltr'><strong>armatas</strong></span> 
     </span>
     <span class='ocr_line' id='line_1_29' title="bbox 93 3377 1143 3475; baseline 0.001 -25"><span class='ocrx_word' id='word_1_231' title='bbox 93 3385 264 3459; x_wconf 83' lang='lat' dir='ltr'><strong>cornibus,</strong></span> <span class='ocrx_word' id='word_1_232' title='bbox 283 3380 363 3448; x_wconf 85' lang='lat' dir='ltr'><strong>alias</strong></span> <span class='ocrx_word' id='word_1_233' title='bbox 379 3379 529 3445; x_wconf 89' lang='lat' dir='ltr'><strong>dentibus</strong></span> <span class='ocrx_word' id='word_1_234' title='bbox 541 3391 655 3470; x_wconf 91' lang='lat' dir='ltr'><strong>septas,</strong></span> <span class='ocrx_word' id='word_1_235' title='bbox 671 3392 703 3444; x_wconf 90' lang='lat' dir='ltr'><strong>et</strong></span> <span class='ocrx_word' id='word_1_236' title='bbox 715 3379 861 3446; x_wconf 81' lang='lat' dir='ltr'><strong>fundatas</strong></span> <span class='ocrx_word' id='word_1_237' title='bbox 879 3377 1017 3468; x_wconf 91' lang='lat' dir='ltr'><strong>ungulis,</strong></span> <span class='ocrx_word' id='word_1_238' title='bbox 1034 3395 1067 3447; x_wconf 89' lang='lat' dir='ltr'><strong>et</strong></span> <span class='ocrx_word' id='word_1_239' title='bbox 1077 3383 1143 3475; x_wconf 92' lang='lat' dir='ltr'><strong>spi-</strong></span> 
     </span>
     <span class='ocr_line' id='line_1_30' title="bbox 95 3479 1143 3584; baseline -0.001 -22"><span class='ocrx_word' id='word_1_240' title='bbox 95 3507 180 3562; x_wconf 81' lang='lat' dir='ltr'><strong>catas</strong></span> <span class='ocrx_word' id='word_1_241' title='bbox 191 3491 334 3568; x_wconf 87' lang='lat' dir='ltr'><strong>aculeis,</strong></span> <span class='ocrx_word' id='word_1_242' title='bbox 348 3502 407 3556; x_wconf 91' lang='lat' dir='ltr'><strong>aut</strong></span> <span class='ocrx_word' id='word_1_243' title='bbox 417 3490 536 3579; x_wconf 89' lang='lat' dir='ltr'><strong>pedum</strong></span> <span class='ocrx_word' id='word_1_244' title='bbox 549 3489 709 3557; x_wconf 88' lang='lat' dir='ltr'><strong>celeritate</strong></span> <span class='ocrx_word' id='word_1_245' title='bbox 722 3479 851 3566; x_wconf 84' lang='lat' dir='ltr'><strong>liberas,</strong></span> <span class='ocrx_word' id='word_1_246' title='bbox 864 3501 919 3554; x_wconf 93' lang='lat' dir='ltr'><strong>aut</strong></span> <span class='ocrx_word' id='word_1_247' title='bbox 930 3489 1064 3559; x_wconf 84' lang='lat' dir='ltr'><strong>elatione</strong></span> <span class='ocrx_word' id='word_1_248' title='bbox 1075 3496 1143 3584; x_wconf 93' lang='lat' dir='ltr'><strong>pin-</strong></span> 
     </span>
     <span class='ocr_line' id='line_1_31' title="bbox 99 3599 1144 3693; baseline -0.001 -21"><span class='ocrx_word' id='word_1_249' title='bbox 99 3605 235 3672; x_wconf 72' lang='lat' dir='ltr'><strong>narum?</strong></span> <span class='ocrx_word' id='word_1_250' title='bbox 257 3605 337 3693; x_wconf 87' lang='lat' dir='ltr'><strong>Ipsa</strong></span> <span class='ocrx_word' id='word_1_251' title='bbox 360 3600 524 3691; x_wconf 62' lang='lat' dir='ltr'><strong>principue</strong></span> <span class='ocrx_word' id='word_1_252' title='bbox 544 3599 653 3667; x_wconf 81' lang='lat' dir='ltr'><strong>sormae</strong></span> <span class='ocrx_word' id='word_1_253' title='bbox 676 3611 793 3666; x_wconf 81' lang='lat' dir='ltr'><strong>nostrae</strong></span> <span class='ocrx_word' id='word_1_254' title='bbox 813 3599 1017 3689; x_wconf 88' lang='lat' dir='ltr'><strong>pulchritudo</strong></span> <span class='ocrx_word' id='word_1_255' title='bbox 1040 3604 1144 3672; x_wconf 88' lang='lat' dir='ltr'><strong>Deum</strong></span> 
     </span>
     <span class='ocr_line' id='line_1_32' title="bbox 101 3707 1141 3800; baseline -0.001 -19"><span class='ocrx_word' id='word_1_256' title='bbox 101 3715 211 3781; x_wconf 84' lang='lat' dir='ltr'><strong>latetm</strong></span> <span class='ocrx_word' id='word_1_257' title='bbox 234 3711 423 3780; x_wconf 85' lang='lat' dir='ltr'><strong>artificem:</strong></span> <span class='ocrx_word' id='word_1_258' title='bbox 442 3721 542 3776; x_wconf 89' lang='lat' dir='ltr'><strong>status</strong></span> <span class='ocrx_word' id='word_1_259' title='bbox 562 3710 704 3800; x_wconf 84' lang='lat' dir='ltr'><strong>rigidus,</strong></span> <span class='ocrx_word' id='word_1_260' title='bbox 717 3707 824 3776; x_wconf 82' lang='lat' dir='ltr'><strong>vultus</strong></span> <span class='ocrx_word' id='word_1_261' title='bbox 848 3721 985 3790; x_wconf 87' lang='lat' dir='ltr'><strong>erectus,</strong></span> <span class='ocrx_word' id='word_1_262' title='bbox 1002 3712 1088 3780; x_wconf 92' lang='lat' dir='ltr'><strong>oculi</strong></span> <span class='ocrx_word' id='word_1_263' title='bbox 1108 3716 1141 3780; x_wconf 93' lang='lat' dir='ltr'><strong>in</strong></span> 
     </span>
     <span class='ocr_line' id='line_1_33' title="bbox 101 3819 1143 3911; baseline -0.001 -18"><span class='ocrx_word' id='word_1_264' title='bbox 101 3849 234 3902; x_wconf 80' lang='lat' dir='ltr'><strong>summ,</strong></span> <span class='ocrx_word' id='word_1_265' title='bbox 254 3823 349 3894; x_wconf 82' lang='lat' dir='ltr'><strong>velut</strong></span> <span class='ocrx_word' id='word_1_266' title='bbox 361 3823 398 3890; x_wconf 92' lang='lat' dir='ltr'><strong>in</strong></span> <span class='ocrx_word' id='word_1_267' title='bbox 411 3819 539 3911; x_wconf 86' lang='lat' dir='ltr'><strong>specula</strong></span> <span class='ocrx_word' id='word_1_268' title='bbox 556 3819 733 3898; x_wconf 88' lang='lat' dir='ltr'><strong>constituti,</strong></span> <span class='ocrx_word' id='word_1_269' title='bbox 743 3833 775 3886; x_wconf 87' lang='lat' dir='ltr'><strong>et</strong></span> <span class='ocrx_word' id='word_1_270' title='bbox 786 3843 894 3890; x_wconf 86' lang='lat' dir='ltr'><strong>omnes</strong></span> <span class='ocrx_word' id='word_1_271' title='bbox 910 3825 1018 3891; x_wconf 85' lang='lat' dir='ltr'><strong>caeteri</strong></span> <span class='ocrx_word' id='word_1_272' title='bbox 1034 3847 1143 3891; x_wconf 90' lang='lat' dir='ltr'><strong>sensus</strong></span> 
     </span>
    </p>

    <p class='ocr_par' dir='ltr' id='par_1_3' title="bbox 102 3917 778 4021">
     <span class='ocr_line' id='line_1_34' title="bbox 102 3917 778 4021; baseline -0.004 -21"><span class='ocrx_word' id='word_1_273' title='bbox 102 3935 230 4007; x_wconf 72' lang='lat' dir='ltr'><strong>velutin</strong></span> <span class='ocrx_word' id='word_1_274' title='bbox 247 3959 325 4004; x_wconf 82' lang='lat' dir='ltr'><strong>arca</strong></span> <span class='ocrx_word' id='word_1_275' title='bbox 345 3931 527 4021; x_wconf 87' lang='lat' dir='ltr'><strong>compositi.</strong></span> <span class='ocrx_word' id='word_1_276' title='bbox 776 3917 778 3922; x_wconf 48' lang='grc'>’</span> 
     </span>
    </p>

    <p class='ocr_par' dir='ltr' id='par_1_4' title="bbox 935 4047 965 4108">
     <span class='ocr_line' id='line_1_35' title="bbox 935 4047 965 4108; baseline 0 0"><span class='ocrx_word' id='word_1_277' title='bbox 935 4047 965 4108; x_wconf 88' lang='grc'><strong>6,</strong></span> 
     </span>
    </p>
   </div>
   <div class='ocr_carea' id='block_1_3' title="bbox 0 0 1332 4628">
    <p class='ocr_par' dir='ltr' id='par_1_5' title="bbox 0 0 1332 4628">
     <span class='ocr_line' id='line_1_36' title="bbox 0 0 1332 4628; baseline 0 0"><span class='ocrx_word' id='word_1_278' title='bbox 0 0 1332 4628; x_wconf 95' lang='lat' dir='ltr'><strong> </strong></span> 
     </span>
    </p>
   </div>
  </div>
 </body>
</html>
