2412 4596
219 273 279 316 100
523 267 693 314 chalantis
718 269 927 314 nmattmtlttt

212 393 342 483 quidem
368 391 500 458 dicimus
521 389 570 468 id,
586 389 672 479 quod
689 401 737 456 est
758 379 796 456 aa
818 392 1057 458 consuetudine:
1070 391 1170 470 bivera,

213 503 264 578 id,
280 501 365 590 quod
379 512 509 590 propter
522 499 715 589 voluptatem
735 500 914 566 sortiturae
935 511 1073 566 mutatur.
1085 501 1170 570 tent·

213 611 341 700 quidem
350 607 786 699 pulcherrimellippodamus
797 607 1011 698 Pythagoreus
1024 610 1122 676 videtur
1131 611 1171 676 dc

211 719 334 786 cribere
349 717 560 784 amicitiast«
581 716 650 783 Una
670 716 801 805 quidem
821 729 888 794 est,
911 716 1025 804 iuquit,
1049 719 1172 792 easdem

212 827 393 894 sDeorum:
408 824 505 892 altera
519 847 615 900 vero,
630 845 669 890 ex
679 823 845 892 hominum
857 825 1093 915 suppeditatione
1103 849 1110 888 ε
1121 825 1170 895 teth

211 953 324 1012 sveno,
345 957 385 1000 er
408 932 569 1025 voluptate
592 931 807 1000 animantium.
826 961 840 993 ι
861 935 916 999 Εει
937 956 1013 1023 argo
1031 933 1170 1020 unaquiln

209 1035 387 1132 philosophi
400 1042 557 1119 amicitia,
574 1038 671 1107 altera
685 1063 760 1108 vero
774 1039 931 1117 bominis,
946 1042 1036 1108 tertia
1049 1052 1129 1106 auten
1139 1037 1173 1106 ui

206 1150 306 1219 malis.

259 1331 327 1400 11⁸.
344 1326 564 1415 Tolerantia,
581 1330 680 1422 quae¹

253 1481 1167 1575 Contenditaddivinamsimilitudinemmtquaeimpatiblt*

208 1601 444 1692 quodammodo
461 1600 584 1666 fruatur
605 1619 664 1688 per
678 1598 879 1687 patientiam,
901 1598 928 1661 si
948 1597 1019 1686 quis
1035 1597 1065 1662 iu
1079 1591 1160 1660 med

206 1722 313 1778 teneat
327 1734 383 1786 ea,
400 1731 470 1798 quae
487 1719 655 1774 narrantur
669 1706 710 1771 de
721 1705 840 1773 Anania
850 1731 858 1769 ε
869 1728 1007 1794 quorum
1020 1716 1157 1790 unusqu!

207 1819 266 1885 fuit
281 1816 392 1887 Daniel
408 1817 577 1906 propbeta,
596 1814 699 1881 divina
717 1813 780 1879 fide
794 1812 915 1902 plenus.
938 1805 1158 1902 Babylonunffi

205 1930 295 1995 tabat
319 1924 450 2003 Daniel,
474 1925 554 1990 sicut
577 1924 637 1991 Lot
667 1922 795 2011 quidem
828 1923 985 2016 Sodoma,
1016 1920 1165 1988 Chatta·

207 2047 313 2101 autem
334 2047 450 2098 terram
470 2030 648 2120 Abrabam,
672 2030 725 2118 qui
741 2028 835 2118 paulo
856 2042 928 2120 post
948 2030 1010 2096 fuit
1029 2026 1164 2096 Deiaffl

206 2143 243 2208 ln
265 2147 391 2208 antrum
416 2141 489 2206 ieris
513 2139 644 2231 plenum
677 2138 806 2205 adduxit
827 2137 990 2238 Danielem
1020 2161 1072 2204 rex
1093 2129 1163 2219 bold

204 2251 330 2324 niorum
350 2273 358 2315 τ
375 2249 478 2340 ipsum
501 2260 607 2314 autem
633 2247 742 2312 eduxit
766 2241 897 2312 illmsum
919 2272 973 2312 rex
999 2247 1159 2314 unium.

204 2357 305 2426 lidelis
327 2357 491 2426 Dominus.
516 2355 606 2422 llane
627 2355 799 2445 possidebit
826 2353 1023 2421 tolerantiam
1045 2351 1164 2420 unam,

164 2451 166 2464 ¹
204 2481 359 2557 quatenus
382 2478 429 2532 εει
452 2463 618 2555 ejusmodi.
643 2465 676 2531 Si
699 2475 856 2539 tentatur,
878 2464 1061 2539 benedicet,
1080 2474 1171 2548 utp*

203 2599 292 2641 rosus
317 2575 380 2640 tob
396 2599 403 2639 ε
422 2575 447 2638 εἰ
469 2573 637 2639 devoretur
657 2596 674 2638 a
694 2583 783 2646 cete,
800 2583 836 2635 ut
857 2572 953 2637 Jonas
978 2564 1170 2661 precabituad

203 2681 283 2750 fides
302 2705 376 2750 eum
402 2682 546 2746 restituet
562 2679 786 2770 praedicentem
812 2679 978 2746 Ninivitis:
995 2692 1026 2744 ει
1047 2671 1171 2743 suetas

204 2789 298 2856 suerit
322 2811 397 2855 cum
419 2787 584 2864 leonibus,
613 2789 692 2854 seras
714 2787 939 2854 mansuefaciet
959 2788 1054 2853 :etsi
1075 2783 1167 2868 inipfl

205 2899 299 2966 suerit
315 2898 470 2988 injectus,
490 2919 562 2962 rore
577 2896 784 2972 recreabitur,
801 2921 864 2962 non
877 2897 1097 2986 igneoxuretur.
1109 2889 1166 2956 lod·

202 3009 262 3074 erit
287 3019 427 3095 martyr,
451 3005 587 3072 interdiu
611 3017 751 3093 martyr,
781 3004 812 3070 in
839 3028 1005 3080 sermone,
1031 3005 1059 3069 in
1081 2991 1165 3069 vius·

203 3117 347 3184 moribus
361 3115 421 3181 erit
439 3127 569 3204 martyr.
593 3113 675 3180 Cum
693 3113 829 3180 Domino
844 3113 1043 3189 cohabitans,
1059 3097 1162 3195 aaut

204 3221 828 3312 miliariterutens,inspiritupermanet;
843 3220 1156 3310 mundusquidenffit
1185 3293 1187 3313 ¹

203 3333 342 3400 mundus
367 3342 474 3397 autem
498 3329 611 3405 corde,
644 3329 855 3397 sanctificatus
886 3354 1036 3416 sermone.
1066 3315 1158 3394 Malu

204 3442 324 3529 inquit,
347 3439 375 3505 ei
390 3437 549 3526 crucifixus
567 3451 629 3513 εει,
647 3451 675 3502 ει
690 3437 750 3525 ipse
763 3437 908 3506 maudo¹.
933 3439 961 3504 ls
974 3459 1087 3504 crucem
1100 3429 1162 3494 sara
1184 3429 1186 3504 l

205 3550 281 3613 toris
309 3547 553 3623 circumferens,
584 3546 710 3612 Domini
741 3546 883 3637 sequitur
909 3547 1049 3636 vestigia,
1069 3547 1163 3622 tanqutm

204 3656 307 3732 Deus,
330 3655 462 3722 effeetus
481 3667 607 3723 sanetus
622 3667 812 3722 sanctorum.

242 3808 386 3874 wu-

239 3899 248 3923 '
263 3901 342 3950 Galat.
358 3915 398 3961 rr,
412 3903 451 3960 ιι.
