2382 4592
354 239 545 290 srnouaruu
567 243 628 288 ma.
655 245 685 287 r.
979 239 1040 312 199

30 377 93 434 tem
103 353 163 454 per
173 377 285 455 partes
301 377 334 432 et
349 365 468 456 speeies
480 376 681 442 tractassent,
694 387 760 432 non
771 362 915 433 obscuris
931 361 1040 456 appel*

17 473 184 548 tionibus,
199 495 264 540 nec
280 485 370 540 extra
384 495 492 539 rerum
508 471 754 540 declarationem
768 471 1039 564 ingredientibus,

0 592 214 657 onerarunt,
231 603 313 648 cnm
328 581 523 670 accepissent
536 581 822 650 manifestationem
837 583 1042 671 conjunctio-

0 724 38 749 o.
53 740 62 767 ,
77 712 149 778 quae
162 690 340 757 intercedit
355 712 430 757 cum
441 690 584 756 veritate.
601 690 696 756 Unde
703 690 814 757 Graios
824 689 955 778 quidem
966 689 1041 780 phi-2

0 812 1 855 2
16 830 36 857 ιι
49 830 54 853 ι
60 797 133 888 plaia
152 808 204 862 est
223 797 338 864 similis
360 795 519 887 splendori
538 822 579 864 ex
594 796 760 889 lampade,
780 821 876 887 qaam
893 797 1041 867 homines

0 908 193 982 coendunt,
214 905 327 972 luoem
347 905 517 974 artificiose
535 931 553 973 a
568 905 634 972 sole
649 906 808 976 suffosus
825 909 913 998 Lego
930 921 1038 976 sutem

0 1014 182 1097 predicato,
207 1015 360 1081 universa
381 1013 433 1080 illa
454 1027 562 1081 sanem
586 1013 641 1080 lux
655 1012 764 1083 eluxit.
781 1017 904 1083 Deinde
918 1016 1039 1085 lurtum

7 1123 121 1189 uidam
135 1135 236 1190 noctu
254 1121 335 1188 utile
350 1125 447 1190 estin
463 1123 603 1200 edibus,
619 1124 757 1190 interdiu
776 1136 883 1190 antem
900 1123 1040 1193 illustra-

34 1232 151 1321 rignis,
168 1243 202 1297 et
214 1232 367 1298 universa
377 1254 441 1297 nox
456 1229 654 1298 illuminatur
667 1243 756 1299 tanto
772 1231 841 1300 sole
851 1230 951 1311 lucis,
968 1257 1040 1324 φιω

1 1341 168 1430 parcipitur
178 1337 405 1430 intelligentia.
419 1340 493 1406 «lam
508 1363 583 1407 vero
598 1363 729 1419 eorum,
742 1365 841 1429 quaea
857 1342 943 1408 blese
954 1343 1051 1412 diets·

4 1461 75 1519 sunt
95 1449 132 1514 de
158 1448 302 1538 justitia,
328 1449 554 1539 compendium
580 1448 656 1520 lecit
676 1450 889 1540 Pythagoras,
910 1451 1038 1519 dicens:

2 1553 151 1621 Statorem-
163 1582 226 1623 uon
242 1581 307 1624 esse
324 1556 582 1626 transiliendum:
599 1556 663 1624 hoc
679 1568 746 1636 est,
765 1583 832 1625 non
851 1572 1040 1650 praetergre-

2 1663 143 1730 diendam
164 1687 235 1732 esse
257 1664 492 1756 aequalitatem,
516 1689 586 1754 quse
604 1679 747 1734 versatur
760 1668 793 1733 in
809 1667 1041 1736 distributioni*
1062 1690 1067 1702 ·

4 1773 76 1849 bus,
91 1773 285 1841 honorando
296 1775 491 1865 justitiam...
509 1774 629 1842 Rursus
647 1774 756 1852 vero¹,
774 1798 849 1842 cum
865 1776 943 1842 duas
957 1777 1041 1845 (ὑπ’

7 1893 93 1968 ponat
107 1882 342 1973 Evangeliump
359 1894 392 1948 et
407 1880 552 1971 Apostoli
566 1895 660 1973 atque
675 1905 785 1949 omnes
802 1883 968 1973 Prophetae
983 1910 992 1952 ε
1008 1899 1042 1953 et

9 2011 95 2054 unam
109 1991 242 2078 quidem
263 2002 384 2058 vocent
401 2002 520 2056 arctam
537 2001 566 2054 et
586 2003 768 2078 angustam,
786 2015 857 2081 quse
877 2005 1041 2062 contracta

6 2096 40 2162 tit
46 2097 76 2161 in
87 2099 259 2189 praeceptis
266 2110 300 2164 et
307 2085 574 2187 prohibitionibus
578 2123 588 2173 ς
600 2096 730 2165 alteram
741 2122 815 2165 vero
829 2095 1040 2179 contrariam,

8 2205 91 2270 lotam
102 2219 132 2272 et
145 2207 334 2295 spatiosam,
355 2219 388 2272 et
403 2207 436 2271 in
447 2228 543 2294 quam
559 2199 771 2296 voluptatibus
786 2219 819 2272 et
832 2209 887 2274 irae
899 2209 1043 2278 liberast

7 2311 121 2380 aditus:
140 2325 175 2378 et
191 2314 326 2380 dicant:
343 2315 482 2380 «Beatus
493 2314 541 2380 vir
554 2315 609 2402 qui
626 2313 881 2383 non.ambulavit
892 2317 926 2384 in
942 2321 1041 2386 eonsi-

9 2417 62 2486 slio
79 2421 279 2510 impiorum,
294 2432 326 2487 et
343 2422 379 2487 in·
391 2420 440 2486 via
454 2433 658 2510 peccatorum
670 2441 737 2489 non
750 2422 854 2489 stetit⁸
868 2449 901 2489 »ι
918 2424 995 2492 hine
1008 2439 1042 2493 et

8 2525 120 2596 Prodici
130 2528 189 2594 Cei
201 2527 529 2619 proliciseiturlebulo
545 2528 585 2595 de
598 2529 715 2596 virtius
728 2542 762 2596 et
776 2531 872 2598 vitio:
884 2532 1042 2623 eththa-

8 2657 101 2724 goras,
114 2638 234 2727 jubens
247 2637 370 2728 ingredi
381 2637 431 2702 ot'o
444 2638 542 2727 regio,
555 2661 621 2705 non
638 2650 764 2704 veretur
770 2640 940 2729 prohibere
951 2645 1040 2733 sequi

9 2741 83 2835 tulgi
95 2747 309 2824 sententiam,
325 2769 396 2836 quse
416 2745 603 2837 plerumque
619 2747 785 2815 temeraria
796 2761 846 2826 cst
858 2762 894 2817 et
909 2751 1038 2820 absona

55 2871 96 2945 5⁰.
107 2873 397 2974 Symbolalegisd
401 2873 550 2948 udaicae:
562 2875 621 2947 hic
633 2875 677 2947 de
685 2876 809 2974 templi
819 2876 953 2975 figura,
964 2905 1043 2951 ves-

14 2985 100 3061 tibus
117 2992 370 3082 sacerdntum,
388 2993 541 3091 aliisque
557 2990 751 3086 similibus²
762 2997 915 3076 ¹insertis
927 2995 1040 3067 'Verbi

13 3099 114 3178 divini
130 3112 332 3210 mysteriis,
343 3107 508 3204 disserit²
524 3135 614 3207 quae,
631 3133 715 3181 cum
736 3109 826 3186 nihil
838 3109 1041 3192 notandum

14 3227 230 3316 contineant,
245 3228 586 3324 praetermittuntur„

56 3333 101 3406 6⁸.
115 3341 365 3438 AEgyptiorum
381 3335 562 3436 symbola⁴
579 3366 587 3410 :

52 3463 137 3535 Unde
147 3470 246 3540 etiam
257 3469 397 3560 AEgyptii
409 3493 477 3538 non
490 3469 683 3560 quibuslibet
694 3495 752 3549 ea,
768 3492 838 3559 quae
849 3484 940 3540 erant
950 3475 1036 3564 apud

17 3567 109 3658 ipsos,
130 3580 374 3647 committebant
395 3579 546 3668 mysteria
568 3603 576 3645 ε
601 3603 705 3670 neque
727 3603 834 3651 rerum
860 3581 1036 3654 divinarum

50 3676 122 3750 'hp
136 3687 197 3747 ⁶64.
261 3725 267 3738 .

49 3767 220 3854 Ἠιῑιῑιτνιι,
240 3777 758 3848 13,14;tuc.xu1,2t·-'P·¹¹·1›¹·

50 3858 58 3883 ⁴
70 3864 122 3932 l’ag·
132 3867 182 3930 670
194 3882 280 3938 etseq.
