2738 4628
222 243 264 318 da
545 263 658 306 sanent
682 263 795 306 aarum
819 263 877 305 nra.
907 263 924 304 v

222 391 337 456 esunt,
355 403 373 445 a
393 379 461 448 Deo
480 380 638 469 dispositae
660 392 734 447 sunt
744 378 766 446 ¹.
789 379 859 444 »Et
877 379 993 448 iterum
1018 379 1059 446 de
1085 380 1160 469 ipsis
1187 380 1257 444 ait:

231 489 329 556 «Non
344 489 431 556 enim
445 490 511 556 siue
532 513 626 556 causa
640 487 780 577 gladium
794 499 915 578 portat;
930 488 989 554 Dei
1010 490 1095 554 enim
1112 489 1263 554 minister
1315 534 1322 548 .

140 603 142 606 ’
221 611 310 674 sest,
334 599 448 666 vindex
476 599 607 667 inirem
628 600 657 664 ei
679 599 734 686 qul
755 596 838 666 male
859 596 1041 687 operatur¹.
1066 599 1262 678 »Quoniam

220 710 290 778 haee
300 724 407 776 autem
423 735 487 778 nou
502 712 542 777 de
557 710 716 800 Angellois
730 711 951 800 potestatibus,
964 733 1025 778 nee
1041 711 1080 778 de
1096 710 1262 782 iuvisilaili-

220 823 281 888 bus
297 821 494 911 principibus
510 821 598 898 dixit,
618 819 779 910 quomodo
792 821 923 910 quidam
942 821 1062 888 audent
1082 843 1258 909 exponere,

221 931 278 998 sed
300 931 340 998 de
358 932 406 1030 his
426 955 497 1019 quae
515 943 589 998 sunt
613 934 791 1000 seeundum
806 932 970 1000 hominem
985 943 1176 1022 potestates,
1188 933 1256 999 ait:

230 1039 390 1130 «Propter
403 1041 466 1108 hoe
480 1042 566 1110 euim
585 1055 617 1109 et
632 1044 750 1110 tributa
767 1045 933 1133 prematis,
945 1043 1081 1110 ministri
1096 1045 1183 1111 enim
1197 1044 1260 1110 Dei

222 1179 235 1214 ι
251 1162 337 1226 sunt,
352 1152 385 1217 in
401 1152 463 1220 hoe
478 1153 581 1242 ipsum
597 1153 809 1220 deservientes
819 1153 843 1220 ⁸.
859 1183 872 1217 a
888 1155 959 1220 lloc
973 1167 1082 1220 autem
1097 1167 1130 1226 et
1143 1155 1261 1221 Domi-

221 1284 282 1326 nus
300 1260 511 1338 confirmavit,
526 1286 590 1328 non
607 1263 724 1331 faciens
735 1263 864 1352 quidem
879 1264 967 1352 quod
977 1287 995 1329 a
1007 1263 1133 1330 diabolo
1147 1264 1261 1330 suade·

221 1370 330 1442 batum
346 1371 538 1438 tributorum
554 1384 660 1438 autem
680 1373 881 1439 exustoribus
897 1373 1014 1461 jubens
1028 1395 1086 1460 pro
1103 1397 1136 1438 se
1151 1385 1184 1437 et
1196 1395 1259 1460 pro

221 1479 316 1545 Petro
331 1481 398 1546 duri
415 1482 590 1549 tributum*
606 1484 779 1572 :quoniam
794 1511 807 1543 ι
823 1483 958 1550 ministri
974 1482 1032 1551 Dei
1048 1495 1133 1559 sunt,
1146 1483 1178 1549 iu
1193 1483 1260 1572 hoe

223 1618 235 1650 a
252 1589 355 1680 ipsum
368 1589 592 1660 deservientes.
611 1621 624 1652 ι

266 1695 426 1778 Quoniam
450 1703 537 1768 enim
558 1703 713 1768 absistens
733 1723 750 1767 a
770 1702 840 1768 Deo
862 1701 959 1770 homo
982 1701 1159 1771 intantum
1183 1701 1262 1769 effe-

223 1811 314 1886 ravit,
332 1823 367 1876 ut
385 1813 481 1878 etiam
508 1813 779 1902 consanguineum
798 1813 922 1879 hostem
944 1811 1003 1878 sibi
1022 1823 1161 1900 putaret,
1176 1813 1258 1878 etin

222 1921 310 1986 omui
332 1921 563 2010 inquietudine,
581 1933 614 1988 et
639 1923 826 1999 homicidio,
842 1934 875 1988 et
894 1921 1024 1987 ovantia
1051 1921 1118 1987 sine
1142 1921 1259 1986 timore

222 2041 400 2098 versaretur
418 2029 601 2118 (nonenim
622 2035 858 2121 eognosoebant
878 2033 1027 2097 timorem
1040 2031 1098 2097 Dei
1109 2033 1135 2118 )‚
1152 2043 1190 2094 ut
1203 2053 1260 2119 po-

224 2139 328 2206 testati
346 2140 514 2208 hominum
535 2143 684 2230 subjecti,
708 2154 741 2208 et
762 2141 831 2232 lege
854 2164 967 2208 eorum
987 2141 1125 2215 astricti,
1143 2139 1185 2205 ad
1204 2139 1262 2204 uli-

223 2251 300 2340 quid
322 2265 529 2340 assequantur
549 2253 691 2342 justitiae,
711 2265 744 2319 et
765 2253 974 2319 moderentur
994 2252 1037 2318 nd
1059 2251 1208 2328 invicem,
1227 2253 1260 2317 in

222 2361 388 2428 manifesto
414 2364 612 2455 propositum
638 2362 778 2453 gladium
800 2365 962 2439 timentes,
983 2363 1067 2430 sieut
1089 2360 1261 2448 Apostolus

113 2483 115 2488 ’
222 2471 266 2536 ait
278 2493 286 2536 a
300 2461 313 2530 s
328 2472 398 2540 Non
413 2473 499 2538 enim
513 2473 581 2538 sine
597 2495 690 2538 eausa
708 2471 848 2561 gladium
866 2481 994 2559 portat:
1017 2470 1077 2538 Dei
1091 2471 1177 2536 euim
1196 2468 1261 2534 mi-

223 2610 236 2644 »
253 2581 351 2646 nister
361 2593 421 2656 est,
437 2581 552 2674 vindex
569 2581 603 2645 in
618 2583 697 2646 iram
712 2581 741 2645 ei
758 2580 812 2667 qui
829 2577 911 2645 mule
928 2591 1090 2667 operatur.
1111 2579 1261 2667 »Etpro-

222 2701 293 2779 pter
307 2689 371 2756 hoc
384 2701 416 2754 et
431 2689 490 2778 ipsi
505 2690 705 2778 magistratus
722 2688 947 2778 indumentum
962 2689 1092 2777 justitiae
1106 2686 1191 2778 leges
1205 2687 1262 2752 lra-
1357 2759 1363 2768 ,

220 2801 344 2875 heutes,
357 2820 566 2887 quaecumque
583 2799 667 2887 juste
687 2809 720 2872 et
741 2796 881 2886 legitime
903 2795 1050 2873 fecerint,
1067 2797 1172 2864 dehis
1194 2819 1263 2864 non

222 2909 514 2998 interrogabantur,
526 2931 630 2998 neque
642 2929 750 2996 poenas
766 2908 899 2973 dabunt.
916 2907 1137 2996 Quaecumque
1151 2920 1262 2974 autem

222 3021 263 3088 ud
281 3021 477 3087 eversionem
494 3019 583 3108 justi,
600 3019 721 3107 inique„
736 3030 769 3084 et
791 3017 901 3106 impie,
917 3031 951 3083 et
966 3030 1075 3084 eontra
1096 3017 1211 3108 legem,
1227 3030 1263 3083 et

221 3155 310 3198 more
325 3129 492 3220 tyrannico
507 3130 718 3205 exercuerint,
732 3128 765 3193 in
781 3128 830 3194 lris
845 3141 877 3193 et
893 3129 1059 3216 peribunt;
1074 3129 1159 3218 justo
1174 3127 1262 3216 judi-

167 3313 170 3320 ,
222 3241 272 3308 oio
294 3241 353 3307 Dei
375 3241 415 3306 ad
436 3262 545 3308 omues
563 3237 726 3327 equaliter
740 3239 959 3326 perveniente,
976 3251 1009 3302 et
1026 3238 1060 3304 in
1081 3236 1168 3304 nullo
1184 3236 1262 3303 defi-

222 3349 335 3416 ciente.
351 3351 400 3417 nd
417 3349 584 3415 utilitatem
602 3372 677 3438 ergo
696 3347 861 3438 gentilium
876 3361 1039 3414 terrenum
1055 3371 1190 3438 reguum
1205 3369 1262 3435 po-

125 3467 126 3472 ’
222 3459 316 3524 situm
337 3474 386 3525 est
400 3485 418 3524 a
434 3459 501 3524 Deo
519 3459 673 3545 (sednon
690 3482 708 3523 u
727 3456 867 3534 diabolo,
881 3457 934 3546 qui
951 3482 1115 3546 nunquam
1131 3457 1262 3522 omnino

223 3568 348 3660 quietus
364 3579 412 3634 est
418 3593 427 3641 ;
443 3569 508 3635 imo
527 3569 580 3657 qui
602 3591 663 3634 neo
685 3568 766 3655 ipsas
782 3567 912 3655 quidem
927 3578 1036 3656 gentes
1055 3565 1122 3632 vult
1132 3567 1165 3631 in
1177 3578 1262 3632 tran·

222 3675 320 3766 quillo
332 3680 461 3766 agere);
477 3689 512 3742 ut
524 3678 670 3752 timentes
694 3698 828 3764 regnum
845 3673 1025 3750 hominum,
1038 3697 1103 3760 uon
1120 3697 1153 3740 se
1168 3673 1261 3740 elter-

224 3799 333 3854 utrum
352 3787 497 3853 homines
525 3786 593 3853 vioe
616 3787 750 3875 piscium
773 3785 1048 3862 consumentem
1069 3809 1129 3878 per
1153 3783 1260 3874 logum

256 3921 265 3955 ¹
280 3921 354 3970 Rom.
368 3933 422 3970 nu.
438 3917 516 3968 r.-¹
530 3918 589 3967 ltid.
601 3919 625 3976 l.
636 3918 683 3956 -3
696 3918 756 3967 ltid.
770 3917 792 3966 6.
806 3916 855 3960 -l
868 3917 957 3966 llattls.
970 3933 1031 3976 xvir,
1046 3917 1084 3965 ali.
