2574 4628
161 267 168 286 '
192 271 254 315 200
477 269 675 338 'Glisslssll'l'lt
700 268 913 312 ltnnltnnttu

190 389 247 456 eod
261 411 336 456 cum
358 387 495 477 elapide
517 408 556 456 ac
578 387 665 478 ligno
686 399 846 464 constent,
868 387 1081 454 dondnorum
1104 387 1198 456 loco
1217 387 1261 452 eh

190 499 373 567 hominibus
392 498 506 575 habiti,
526 521 639 565 eorum
655 499 752 565 vitam
769 521 830 588 ope
845 497 1093 565 consuetud-inis
1117 493 1261 588 gravie-

43 605 45 609 ’
191 610 272 675 elme
286 607 446 676 dedecore
460 619 556 697 atque
571 608 687 698 injuria
698 607 852 674 afficiunt.
865 634 881 670 ι,
892 607 1021 674 Domini
1037 623 1189 682 cuum,
1208 607 1261 672 irt-

191 719 306 806 »qut't,
324 729 373 784 est
387 731 486 795 terra,
501 730 534 783 et
548 717 713 808 plenitudo
732 717 833 805 ejue¹.
848 717 1065 808 »Curigitun
1083 739 1182 784 cum
1196 716 1259 784 Dei

191 829 284 895 bonis
294 827 422 903 fruerir,
436 849 549 894 eorum
567 827 734 894 dominum
744 827 890 916 ignorare
902 827 1064 894 sustines?
1076 825 1261 915 Relinque

191 959 297 1008 mecm
317 948 450 1012 terrem,
466 935 588 1027 inquiet
606 934 713 1004 Deus:
737 958 779 1002 ne
803 947 838 1002 tu
859 953 987 1024 aquam,
1003 959 1081 1025 quar
1106 959 1183 1026 per
1207 958 1262 1002 me

191 1057 304 1122 scatet,
320 1047 478 1137 attingas:
495 1045 630 1122 fructus,
646 1069 726 1134 quoe
740 1069 800 1136 ego
816 1044 900 1122 eolo,
916 1069 958 1112 ne
973 1047 1165 1136 percipias.
1188 1045 1264 1114 Nu-

191 1158 290 1236 tritie,
306 1181 325 1224 o
340 1158 451 1234 homo,
467 1157 537 1224 Deo
551 1159 701 1248 repende.
720 1157 894 1225 Dominum
908 1169 1000 1226 tuum
1015 1157 1194 1248 agnosce.
1210 1156 1259 1224 'l'u

191 1266 357 1356 proprium
381 1289 416 1332 ea
434 1266 494 1333 Dei
508 1265 708 1358 figmentum.
733 1267 833 1350 Quod
857 1279 965 1334 eutem
985 1281 1035 1335 est
1059 1269 1148 1360 ejus
1178 1293 1258 1360 pro-

190 1378 311 1466 prium,
327 1398 391 1465 quc
406 1377 477 1466 jure
491 1375 547 1444 lint
561 1375 724 1444 alienum?
740 1378 821 1446 Nem
834 1379 922 1468 qnod
936 1377 1177 1446 abalienatum
1193 1392 1255 1456 ert,

191 1511 268 1558 oum
287 1487 431 1578 pritetm
451 1488 656 1578 proprietate,
672 1490 814 1579 privetur
829 1491 927 1556 etiam
948 1491 1100 1558 veritate.
1124 1489 1255 1558 Annon

191 1597 279 1664 enim
293 1595 533 1686 quodammodo
547 1610 583 1662 ut
599 1598 717 1673 Niobe;
734 1597 796 1677 rel,
807 1611 842 1665 ut
852 1599 951 1689 magio
966 1599 1114 1688 mystice
1126 1623 1197 1667 voe
1208 1603 1254 1666 al-

191 1707 316 1796 loquar,
338 1709 437 1776 instar
457 1707 599 1776 ldebraeae
620 1709 788 1800 cujusdam
813 1709 968 1787 mulieris,
986 1733 1093 1800 quam
1117 1723 1253 1778 vetere·

191 1819 286 1888 Lothi
309 1843 441 1888 uxorem
459 1823 623 1899 dicebant,
646 1843 740 1887 senen
757 1823 884 1911 penitus
901 1822 976 1888 estis
998 1805 1147 1888 orbati?
1169 1823 1253 1888 Eam

192 1932 292 2010 enim,
304 1933 391 2021 quod
403 1932 616 2000 Sodomorum
628 1953 737 2010 amore
749 1944 840 2020 capta
851 1943 946 2008 occet,
959 1931 991 1998 in
1003 1929 1167 2020 lapidem
1177 1955 1253 2002 con

191 2063 316 2110 verrem
338 2043 434 2110 fuisse
456 2043 646 2132 accepimus.
666 2041 750 2110 Sunt
767 2064 864 2131 porro
879 2041 1071 2120 Sodomitae,
1091 2043 1254 2113 homines

192 2153 291 2231 ethei,
312 2168 345 2220 et
362 2149 517 2244 impietati
532 2150 664 2231 addicti,
686 2153 757 2220 duri
777 2153 894 2230 cordio,
917 2140 956 2219 eo
975 2155 1117 2243 stupidi.
1141 2157 1254 2224 Deum

189 2265 304 2362 predae
321 2263 411 2332 ltiece
425 2278 458 2331 te
473 2266 577 2332 verbis
597 2263 813 2354 alloquentem
831 2263 941 2330 andire
958 2287 966 2330 :
982 2264 1030 2332 Ne
1045 2263 1207 2357 lapidee,
1223 2281 1253 2335 et

192 2371 290 2464 ligne,
312 2386 346 2439 et
363 2395 448 2450 aree,
468 2385 502 2440 et
519 2384 693 2462 cerpentes,
709 2373 814 2470 potine
834 2395 931 2462 quum
945 2371 1120 2453 homines,
1140 2401 1252 2447 merae

191 2508 260 2551 esee
275 2507 325 2550 ree
339 2484 498 2550 existimes
512 2507 522 2549 τ
535 2507 554 2549 o
569 2496 695 2561 contra,
706 2483 851 2550 homines
863 2507 936 2572 vere
947 2507 1072 2562 eacroe,
1088 2487 1188 2557 ferae
1200 2513 1253 2556 au·

192 2605 258 2658 tem
280 2591 313 2656 id
335 2591 423 2679 quod
442 2603 517 2658 sunt
535 2591 661 2658 hebete.
691 2591 772 2659 Nam
798 2593 942 2660 homines
962 2596 1105 2683 quidam
1138 2602 1253 2667 miseri

190 2723 230 2767 ao
251 2696 392 2767 infelices
414 2723 472 2788 per
497 2722 630 2768 corvum
651 2714 707 2774 eut
723 2701 888 2792 graculum
906 2703 1128 2774 clarissimam
1151 2711 1254 2778 edere

141 2803 144 2810 ’
191 2831 318 2887 vocem,
333 2833 392 2900 per
406 2811 569 2877 hominem
584 2835 659 2878 vero
674 2813 718 2878 nil
734 2835 863 2903 prorsus
874 2812 961 2904 loqui
978 2818 1090 2884 Deum
1100 2836 1249 2910 putant:

190 2943 229 2988 ao
243 2913 537 3010 proindecorvum,
555 2921 641 2989 velut
654 2907 713 2989 Dei
729 2925 876 2990 nuntium
891 2938 925 2991 et
938 2927 1186 3017 interpretem,
1199 2936 1256 3002 lto

191 3051 270 3094 nore
287 3027 445 3102 alliciente
464 3029 523 3096 Dei
542 3051 617 3096 vero
632 3030 796 3098 homiuem
811 3045 1059 3122 persequuntur,
1080 3061 1253 3130 eumque,

191 3139 274 3229 proh
289 3138 392 3206 nefael
412 3139 479 3227 qui,
496 3137 572 3206 licet
597 3163 658 3208 nec
683 3142 817 3208 crocitet
836 3165 898 3211 neo
918 3142 1065 3222 clocitet‚
1087 3159 1257 3224 tamone

189 3249 312 3314 retione
332 3245 486 3336 loquitur,
508 3271 625 3338 eosque
650 3248 891 3339 perhumaniter
911 3251 1030 3329 erudit,
1052 3259 1170 3328 etad
1196 3281 1257 3328 ee-

191 3355 317 3424 lendem
332 3357 487 3446 justitiam
502 3357 648 3448 impellit,
664 3358 880 3428 inhumaniter
894 3362 1042 3429 occidere
1054 3384 1256 3450 conentur,

190 3489 250 3532 nec
267 3483 323 3556 epe
337 3465 473 3534 coeleetie
488 3469 608 3557 gratioe,
623 3491 684 3535 nec
698 3468 843 3558 supplicii
859 3484 948 3537 metu
962 3475 1158 3564 praepediti.
1184 3482 1258 3551 Nee

191 3574 277 3640 enim
294 3574 362 3641 Deo
376 3574 475 3641 fidem
489 3575 655 3653 adhibent,
674 3588 729 3642 aut
747 3577 816 3666 ejus
836 3579 1011 3666 potentium
1032 3583 1253 3679 intelligunt.

191 3673 291 3771 Cujus
302 3707 397 3774 porro
408 3708 498 3752 emor
512 3709 586 3775 erga
597 3685 742 3754 homines
758 3688 861 3755 verbis
872 3689 1005 3778 exprimi
1021 3715 1092 3761 non
1108 3712 1255 3784 potem

192 3795 218 3862 ic
234 3806 354 3883 quanto
369 3793 443 3862 odio
458 3794 577 3864 scelera
595 3810 818 3888 prosequatur,
834 3810 942 3870 monte
958 3803 1092 3896 concipi
1110 3813 1256 3902 nequir,

226 3923 311 3976 ¹Ptal.
323 3939 392 3984 uir,
405 3943 425 3975 1.
442 3941 452 3975 ι
466 3927 525 3977 Cor.
538 3941 562 3984 x,
577 3927 618 3978 26.
