2614 4628
206 289 271 334 100
534 285 565 330 ll·
594 287 722 334 tttttostt
747 287 865 332 statuta

206 407 296 482 dent,
318 405 372 494 qui
385 402 510 472 modios
525 404 607 470 viros
622 401 780 482 lambunt,
796 403 964 472 libidinoso
980 427 1037 471 ore
1056 405 1267 496 inguinibus

205 516 432 590 inhaerescunt,
445 513 590 580 homines
600 513 691 579 malae
703 513 829 604 linguae,
838 515 934 581 ctiam
946 517 971 582 si
985 528 1136 587 tacerent
1140 541 1153 591 ς
1171 541 1267 607 quos

202 628 290 716 prius
302 625 443 692 osdecit
454 623 749 712 impudicitiaesuae,
762 645 858 716 quam
869 623 1023 716 pudescit.
1035 626 1127 692 Proh
1143 629 1264 696 ncl'asl

203 737 236 802 id
247 738 280 802 in
292 759 325 801 so
336 733 411 801 mali
426 734 574 802 facinoris
586 734 773 814 admittunt,
787 737 873 826 quod
889 757 948 803 nco
964 747 1039 802 aetas
1054 748 1175 826 potest
1192 739 1266 828 pati

198 845 336 922 mollior,
353 868 413 911 nec
429 845 498 935 cogi
513 845 646 911 servitus
661 845 780 911 durior.

240 955 366 1024 XXlX.
383 957 460 1022 llaec
474 966 506 1020 ct
521 955 705 1044 hujusmodi
720 955 879 1045 propudia
898 957 990 1022 nobis
1004 979 1070 1024 non
1086 956 1176 1024 licet
1194 981 1265 1028 nec

199 1049 325 1140 audiret
344 1067 440 1132 etiam
461 1064 604 1155 pluribus
625 1076 719 1156 turpe
742 1066 913 1132 defendere
936 1078 993 1132 est.
1015 1068 1061 1132 Ea
1083 1069 1186 1134 enim
1215 1071 1261 1136 dc

198 1179 292 1247 castis
307 1177 423 1266 lingitis
445 1187 478 1250 et
499 1175 634 1266 pudicis,
658 1199 729 1266 quae
750 1176 819 1242 lieri
844 1199 909 1242 non
934 1177 1160 1254 crederemus,
1187 1181 1259 1246 nisi

198 1290 239 1356 tle
255 1288 342 1355 vobis
357 1287 542 1375 probaretis.
559 1286 639 1353 Nom
654 1287 740 1374 quod
763 1286 908 1376 religioni
929 1299 1044 1352 nostroe
1067 1288 1256 1356 hominem

197 1399 340 1474 noxium,
358 1408 390 1463 et
405 1419 534 1496 crucem
555 1397 625 1484 ejus
640 1397 809 1474 ascribitis,
825 1395 918 1486 longe
941 1397 981 1462 de
1001 1397 1120 1464 vicinia
1153 1402 1256 1466 veri-

197 1511 270 1578 tatis
280 1508 409 1582 erratis3
425 1509 478 1597 qui
490 1507 606 1596 putatis
618 1507 722 1572 Deum
736 1506 838 1583 credi,
851 1519 905 1572 aut
921 1507 1074 1573 meruisse
1085 1511 1253 1586 noxium,

173 1668 177 1691 t
198 1632 253 1687 aut
264 1620 404 1710 potuisse
418 1611 592 1684 terrenum.
607 1617 662 1684 Nae
673 1615 724 1684 ille
735 1617 936 1694 miserabilis,
949 1617 1041 1707 cujus
1057 1617 1090 1684 in
1101 1619 1252 1686 bomine

197 1729 323 1801 mortali
335 1753 405 1820 apes
416 1729 518 1795 omnis
534 1727 694 1802 innititur:
706 1741 811 1794 totum
822 1727 1148 1817 enimejusauxilium
1161 1753 1253 1796 cmn

198 1841 338 1907 extincto
353 1840 482 1908 homine
492 1837 612 1906 linitur.
629 1838 768 1928 AEgyptii
783 1861 859 1905 sane
873 1839 1037 1919 hominem
1049 1838 1117 1915 sibi,
1131 1861 1250 1927 quem

198 1949 318 2025 colant,
333 1948 467 2038 eligunt,
483 1947 572 2016 illum
595 1970 695 2015 unum
718 1949 903 2039 propitiant,
920 1947 1010 2014 illum
1030 1949 1072 2014 de
1085 1950 1252 2017 omnibus

198 2057 381 2135 consulunt,
397 2057 441 2124 illi
461 2058 604 2125 victimas
619 2043 766 2126 cedunt:
784 2070 817 2126 et
837 2057 902 2137 ille,
918 2061 972 2148 qui
994 2059 1118 2126 oaeteris
1144 2060 1249 2138 deus,

197 2170 257 2237 sibi
280 2181 366 2236 certe
388 2169 486 2234 honio
507 2179 569 2245 est,
593 2167 668 2234 velit
689 2167 769 2236 nolit
781 2191 790 2244 ι
812 2193 874 2236 nec
897 2170 984 2235 enim
1003 2169 1247 2237 conscientiam

197 2301 289 2346 suam
303 2279 433 2369 decipit,
458 2280 484 2346 si
504 2277 582 2348 fallit
598 2279 743 2346 alienam.
762 2281 867 2346 Etiam
882 2279 1079 2369 principibus
1097 2290 1134 2346 et
1151 2282 1248 2370 regi.

129 2458 132 2468 ,
197 2393 271 2466 bus,
284 2411 349 2456 non
362 2401 397 2454 ut
412 2390 533 2480 magnis
548 2402 580 2455 ct
594 2389 702 2456 electis
717 2391 803 2466 viris,
819 2389 900 2456 sicut
912 2389 958 2456 fua
972 2403 1033 2466 cat,
1049 2389 1107 2455 secl
1120 2401 1161 2456 ut
1172 2391 1246 2457 dcis

197 2501 332 2590 turpiter
347 2498 486 2566 adulatio
502 2499 577 2565 falsu
592 2498 768 2577 blanditur,
784 2521 858 2568 cum
871 2513 904 2567 ot
919 2499 1072 2590 praeclaro
1087 2501 1161 2566 viro
1178 2500 1247 2566 bo·

196 2631 256 2675 nor
272 2611 386 2686 verius,
402 2623 435 2674 ct
455 2611 577 2698 optimo
592 2631 682 2676 amor
703 2609 828 2678 dulcius
843 2612 1032 2700 praebeatur.
1051 2609 1107 2677 Sic
1121 2633 1247 2678 eorum

196 2742 316 2785 numen
327 2730 455 2794 vocant.
468 2719 509 2784 od
524 2720 675 2810 imagines
687 2720 876 2812 supplicant,
892 2719 1033 2810 genium,
1047 2719 1081 2786 id
1095 2733 1162 2796 est,
1177 2721 1248 2787 dm·

197 2851 326 2896 monem
341 2829 411 2916 ejus
430 2828 612 2918 implorant,
630 2843 663 2896 ct
684 2842 732 2897 ost
751 2833 796 2896 eis
813 2833 910 2897 tutius
926 2853 982 2921 per
996 2831 1085 2896 Joris
1100 2832 1245 2920 genium

197 2941 353 3030 pejerare,
369 2961 465 3026 quam
486 2941 578 3029 regis.
598 2940 717 3007 Cruces
732 2942 827 3007 etiam
849 2937 1075 3018 noc'colimus,'
1088 2963 1155 3007 neo
1177 2963 1245 3030 op-

198 3064 311 3116 tamus.
340 3048 402 3116 Vos
424 3049 536 3139 plane,
559 3051 613 3140 qui
637 3050 756 3142 ligneos
778 3051 854 3120 deos
881 3052 1093 3130 consecratio,
1119 3074 1244 3120 cruces

196 3157 335 3252 ligneos,
361 3173 396 3228 ut
419 3161 553 3228 deorum
575 3176 753 3230 vestrorum
773 3177 894 3253 partes,
917 3161 1049 3230 forsitan
1077 3163 1241 3230 adoratis.

198 3271 279 3340 Nom
292 3286 325 3338 et
340 3274 426 3362 signo
443 3273 523 3362 ipsa.
538 3284 571 3339 ot
589 3277 753 3351 cantabra,
769 3286 802 3340 et
817 3272 926 3341 vexilla
942 3285 1137 3349 castrorum,
1155 3274 1241 3362 quid

198 3379 285 3447 aliud
296 3405 391 3470 quam
407 3385 557 3450 inauratae
572 3405 683 3451 cruces
695 3396 812 3450 suntet
824 3385 967 3451 ornatae?
982 3383 1115 3473 tropea
1130 3397 1242 3450 rostra

200 3491 341 3558 victricia
361 3517 425 3560 non
445 3507 569 3561 tantum
583 3493 733 3585 simplicis
749 3497 852 3561 crucis
870 3496 997 3571 sociem,
1014 3517 1127 3566 rerum
1144 3505 1178 3561 ot
1193 3495 1242 3561 af·

200 3601 252 3667 sui
268 3602 405 3669 hominis
418 3605 588 3672 imitantur.
604 3605 737 3696 Signum
752 3628 828 3671 sano
840 3607 945 3673 crucis
960 3604 1149 3673 naturaliter
1161 3607 1241 3671 risi-

200 3735 271 3778 mus
291 3712 323 3776 in
339 3714 423 3788 navi,
440 3737 514 3782 cum
530 3714 606 3781 velis
626 3715 824 3811 tumentibus
842 3715 979 3793 vehitur,
996 3739 1072 3783 cum
1088 3717 1239 3805 exsposcit

200 3820 345 3909 palmulis
358 3821 484 3896 tabitue
498 3837 531 3890 et
546 3849 621 3893 cum
632 3828 763 3916 origitur
774 3828 899 3917 jugum,
912 3827 1015 3893 crucis
1030 3827 1161 3914 signum
1172 3839 1235 3900 ast,
1254 3869 1265 3886 .

198 3945 319 4000 etcum
344 3933 440 3998 homo
463 3938 617 4021 porrectis
634 3939 780 4007 manibus
795 3939 898 4006 Deum
913 3949 1118 4028 puramente
1139 3958 1236 4006 reno·
