2546 4614
409 340 448 383 rr
473 336 692 384 terreaturo.
1005 315 1067 392 dat
1144 353 1153 364 -

23 483 39 516 ι
60 457 120 522 tiea
133 479 205 522 suaa
216 479 281 524 non
293 478 367 524 cum
380 456 510 545 judicio.
523 458 559 524 ln
571 455 704 530 dimidio
716 454 842 520 diorum
852 451 1073 544 derelinquent

24 591 41 625 ι
55 585 153 639 eum3
172 567 280 632 eterit
295 567 328 632 in
344 565 520 632 novissimis
536 566 647 632 diebus
662 565 726 632 suia
742 562 921 652 insipiens¹.
941 591 954 626 i

75 673 143 740 LV.
159 674 244 742 Nihil
258 698 335 765 ergo
349 674 481 751 officiet,
495 675 658 765 praeaentis
672 674 850 763 argumenti
865 672 978 763 gratia,
990 697 1073 764 quo-

25 783 140 850 minus
152 785 248 851 etium
261 785 405 852 animalis
416 799 518 852 artem
530 799 697 874 astumque
705 807 906 862 enarremus,
920 807 958 852 ac
969 797 1073 852 otten-

25 893 161 970 damus,
174 917 239 961 non
249 894 366 962 frustra
381 896 575 985 Prophetam
590 897 659 962 baec
668 895 814 962 locutum
826 915 908 970 ease,
920 895 991 982 eiua
1004 894 1074 960 ani-

26 1002 128 1070 malis
140 1027 232 1070 usum
244 1003 462 1071 similitudine.
474 1005 555 1072 Nam
567 1027 642 1070 cum
651 1004 761 1094 perdix
769 1004 946 1093 superbum
958 999 1074 1070 animal

25 1113 86 1189 eit,
101 1114 158 1181 ubi
172 1137 272 1203 prope
291 1112 421 1182 alterius
435 1114 575 1203 perdicis
591 1113 719 1191 nidum,
730 1113 764 1180 in
777 1135 841 1200 quo
852 1113 915 1178 sint
925 1111 1017 1202 pulli,
1030 1112 1074 1180 ri-

28 1222 278 1313 derit,qucrum
288 1247 403 1314 parens
413 1224 587 1313 adpastum
599 1221 743 1299 avolarit,
752 1221 866 1288 aemula
876 1218 969 1288 alieni
980 1243 1072 1298 voce,

27 1331 74 1396 ad
91 1354 126 1397 se
141 1329 245 1421 pulloa
266 1343 368 1400 vocat.
387 1329 469 1398 Pulli
485 1352 670 1400 verounum
691 1332 796 1422 ipsum
816 1344 979 1421 parentem
998 1355 1074 1398 eum

3 1465 7 1512 t
28 1440 263 1518 existimantes,
281 1441 321 1508 ad
335 1439 426 1508 illum
441 1452 625 1508 accurrunt.
645 1439 872 1528 Gloriaturque
886 1437 939 1506 ille
957 1463 996 1508 ac
1009 1441 1069 1507 sibi

2 1587 9 1626 ι
29 1547 140 1637 placat
154 1549 188 1616 in
201 1548 309 1616 alienis
329 1547 436 1638 puilia,
453 1550 542 1638 quasi
564 1550 597 1615 in
618 1550 694 1616 suis.
711 1548 850 1616 Reverso
871 1561 985 1616 entem.
998 1572 1074 1616 vero

2 1676 9 1740 ι
26 1669 165 1745 parente
179 1680 300 1747 suaque
316 1658 414 1746 ipsius
431 1680 508 1725 voce
521 1656 730 1733 inclamante,
745 1679 782 1723 en
797 1656 878 1746 pulli
891 1657 1009 1746 agnita,
1026 1681 1074 1724 re-

2 1765 173 1854 plictoque
195 1768 380 1842 seductore,
392 1767 434 1832 ad
455 1790 566 1834 rerum
583 1789 616 1832 ae
631 1776 797 1856 parentem
812 1765 991 1832 conserunt.
1009 1769 1074 1836 llo.-

2 1925 8 1968 l
29 1874 110 1940 dem
128 1873 272 1941 similiter
288 1887 382 1964 tropo
398 1897 476 1940 usus
491 1874 664 1964 Propheta,
680 1873 831 1941 translata
845 1875 879 1941 in
895 1876 1074 1944 Antichris-

2 2042 5 2077 ,
28 1998 103 2055 tum
118 1985 236 2054 fabula.
251 1988 282 2053 la
296 2009 434 2074 namque
449 1986 491 2054 ad
501 2009 535 2052 se
547 1988 615 2077 ipse
627 1985 804 2054 humanum
820 1988 947 2054 vocabit
959 2011 1077 2077 genus,

2 2148 5 2192 Ι
27 2119 86 2164 eos
104 2096 164 2162 tibi
180 2095 328 2164 addicere
344 2096 475 2164 studens
493 2119 501 2162 z
520 2119 635 2186 nempe
650 2100 711 2167 abs
728 2119 762 2164 se
776 2119 888 2166 omues
903 2095 1073 2166 liberatum

3 2265 4 2294 ,
28 2204 69 2271 iri
85 2204 264 2296 pollicitus,
275 2207 329 2296 qui
345 2206 405 2273 aibi
421 2207 488 2297 ipsc
504 2204 638 2274 salutem
653 2220 804 2299 prestare
819 2231 884 2274 non
899 2219 1013 2298 potest.

74 2315 157 2384 LVl.
182 2317 212 2384 le
227 2318 325 2407 igitur
340 2317 538 2407 congregatis
552 2318 593 2384 ad
608 2341 643 2384 ee
658 2319 713 2407 qui
734 2318 853 2406 ubique
873 2319 1016 2408 gentium
1030 2320 1071 2387 de

28 2427 296 2518 populoexiatent
306 2426 475 2504 increduli,
485 2427 611 2496 illorum
623 2440 735 2519 rogatu
747 2451 786 2496 ac
797 2429 944 2495 suasione
953 2430 1070 2507 reniet,

4 2583 8 2648 i
30 2537 1071 2627 uttanctes,eoruminimicosacadversarioa‚ulciscatur‚quem·

5 2717 9 2760 Ι
30 2647 206 2716 admodum
221 2648 265 2713 eit
280 2646 451 2735 Apostolus
469 2659 503 2713 et
513 2646 713 2738 Evangelista
727 2670 735 2712 ε
749 2647 878 2715 «ludex
894 2659 962 2714 erat
978 2647 1012 2714 in
1029 2648 1071 2714 ci-

5 2763 7 2783 t
27 2786 42 2820 ι
59 2757 169 2834 ritate,
181 2756 236 2845 qui
247 2757 352 2824 Deum
362 2779 429 2824 non
441 2757 588 2834 timebat,
603 2781 665 2826 nec
675 2758 840 2828 bominem
851 2759 1067 2826 reverebatur.

5 2831 9 2984 ἱ
29 2865 156 2934 »Vidua
167 2877 275 2934 autem
286 2867 431 2956 quaedam
443 2879 512 2934 eret
522 2868 555 2934 in
564 2866 616 2938 illa
625 2869 753 2936 civitate
765 2891 836 2958 quae
847 2866 1071 2956 interpellabat

5 2999 8 3070 ¹,
29 3001 44 3038 a
58 2995 146 3049 eum,
159 2973 268 3040 dicem
281 2997 290 3038 a
303 2973 437 3048 Vindice
448 2999 502 3042 me
512 2975 554 3042 de
565 2977 746 3044 adversario
757 2999 841 3043 meo.
856 2975 899 3044 llt
914 2974 967 3042 ille
977 2975 1070 3042 nole·

6 3079 7 3092 ¹
29 3084 112 3148 »bat
121 3105 181 3172 per
190 3079 470 3172 multumtempue.
479 3082 554 3150 Post
563 3084 634 3154 hec
645 3097 754 3154 autem
762 3086 840 3151 dixit
852 3079 934 3152 intr'e
946 3089 1069 3154 realit-

6 3177 7 3184 '
30 3189 86 3256 »ai
102 3189 207 3256 Βειιω
223 3211 288 3255 non
304 3190 413 3268 timeo,
430 3213 491 3257 nec
505 3191 669 3261 bominem
689 3217 849 3272 revereor,
866 3207 976 3262 tamen
994 3193 1069 3284 quia'

29 3329 43 3364 a
60 3297 190 3368 molesta
205 3309 254 3364 eat
268 3297 346 3364 mihi
362 3298 431 3364 haec
445 3300 551 3376 vidua,
567 3301 735 3370 vindicabo
752 3301 839 3370 illam
852 3301 875 3368 ².
891 3333 904 3368 r

73 3406 168 3476 LVll.
188 3408 338 3476 Judicem
352 3407 540 3497 iniquitatis,
557 3411 611 3498 qui
626 3435 687 3480 nec
702 3413 807 3482 Deum
822 3413 948 3491 timeat,
964 3439 1066 3504 neque

28 3519 194 3588 bominem
206 3530 402 3596 revereatur,
419 3521 499 3586 citra
521 3519 618 3606 ullam
637 3523 870 3592 dubitationem
887 3525 1067 3594 Antichrisv

29 3643 99 3694 tum
119 3640 224 3706 vocat,
242 3629 344 3718 utqui
359 3627 443 3696 lilius
460 3628 576 3696 diaboli
594 3631 634 3696 sit
648 3644 680 3697 et
695 3655 749 3698 ras
764 3631 899 3702 Satanae.
918 3635 1063 3726 Regnum

27 3739 114 3806 enim
128 3737 279 3827 adeptus,
287 3737 436 3806 adversus
448 3737 552 3805 Deum
566 3739 673 3806 ellerri
688 3742 830 3832 incipiet,
843 3747 898 3835 qui
914 3770 975 3814 nec
990 3771 1063 3814 vere

28 3851 132 3918 neum
141 3849 264 3926 timeat,
276 3871 381 3938 neque
392 3847 509 3918 Filium
520 3849 591 3928 Dei,
605 3853 750 3922 omnium
763 3875 835 3924 vere
848 3855 1001 3946 judicem,
1015 3881 1062 3924 ra-

64 3977 74 4014 ¹
87 3977 138 4028 Jer.
151 3993 212 4040 arn,
227 3994 264 4030 ιι.
281 3976 333 4018 -2
347 3979 406 4030 buc.
421 3995 493 4042 arrii,
506 3998 527 4030 a.
