2738 4628
459 311 585 358 caurus
608 309 758 356 mansas.
1083 295 1124 378 47

75 435 116 501 uit
127 430 236 501 Daniel
253 432 387 498 iterum
404 454 442 497 :a
457 434 499 500 Et
514 443 660 500 sanetum
675 428 870 496 desolabitur
883 453 892 496 ε
905 442 938 496 et
954 431 1065 498 datum
1080 445 1128 498 est

1 627 2 632 ἵ
76 543 130 610 »in
143 541 343 609 sacrificium
361 556 557 632 peecatum,
572 555 607 608 et
619 543 760 636 projecta
775 553 824 607 est
841 542 873 607 iu
888 551 972 606 terra
992 542 1126 630 justitia,

78 653 235 728 satiauit,
252 665 286 718 et
309 673 480 742 prospere
499 649 623 718 cessit¹.
643 680 656 712 s
673 651 714 716 Et
729 649 858 717 Gabriel
876 649 1017 741 Angelus
1039 652 1129 718 exol-

81 787 155 830 vens
168 765 232 848 ejus
245 761 434 838 visionem,
453 762 495 828 de
510 762 574 829 hoe
588 761 655 851 ipso
667 763 793 828 dicebat
809 785 844 826 :a
858 763 899 828 Et
913 755 1129 832 innovissimo

88 875 193 962 nregui
211 873 364 962 ipsorum
387 884 527 961 exurget
548 893 603 938 rex
623 872 787 962 improbus
807 871 887 940 lucie
905 871 1009 950 valde,
1024 885 1058 938 et
1083 875 1129 942 iu·

92 983 243 1072 »telligrns
257 983 486 1071 quaestiones,
501 995 535 1047 et
549 979 650 1048 valide
666 983 765 1050 virtus
780 983 861 1071 ejus,
874 995 905 1047 et
921 983 1127 1058 admirabilis,

92 1107 142 1160 set
155 1105 355 1184 corrumpet,
369 1106 408 1158 et
431 1092 562 1180 diriget,
574 1103 608 1156 et
622 1091 728 1167 faciet,
744 1103 777 1158 et
796 1093 1019 1160 exterminabit
1034 1094 1130 1160 sortes

93 1217 146 1270 set
161 1203 313 1292 populum
335 1215 511 1279 sanctum,
532 1214 566 1268 et
583 1204 695 1292 jugum
718 1204 838 1292 torquis
860 1206 930 1293 ejus
950 1205 1127 1295 dirigetur:

93 1314 198 1380 »dulus
216 1315 250 1380 in
273 1337 383 1380 manu
401 1315 490 1402 ejus,
507 1325 540 1380 et
554 1313 587 1378 in
604 1313 701 1378 corde
717 1337 776 1379 suo
790 1313 992 1392 exaltabitur,
1010 1329 1043 1382 et
1058 1315 1132 1383 dolo

90 1423 268 1513 »disperdet
283 1422 429 1500 multos,
446 1423 538 1488 etad
558 1421 769 1510 perditionem
785 1422 960 1492 multorum
974 1425 1083 1502 stabit,
1098 1439 1132 1491 et

91 1536 271 1623 ‚quomodo
286 1558 349 1602 uva
366 1555 473 1600 manu
487 1543 632 1600 conteret
642 1531 665 1598 ².
685 1533 829 1599 »Deinde
844 1546 876 1600 et
891 1547 1016 1625 tempus
1026 1547 1134 1622 tyrun-

91 1643 167 1711 nidis
187 1647 256 1734 ejus
278 1644 462 1734 signifieat,
483 1644 517 1708 in
538 1665 602 1731 quo
625 1653 769 1731 tempore
790 1644 987 1733 fugabuntur
1007 1643 1130 1723 Sancti,

93 1755 145 1842 qui
163 1779 277 1843 purum
299 1753 505 1822 sacrificium
519 1751 657 1818 offerunt
675 1753 837 1819 Domino:
858 1755 927 1820 «Et
945 1755 979 1821 in
1002 1754 1135 1822 dimidio

96 1866 343 1942 »bebdomadis,
358 1867 419 1943 ait,
438 1863 570 1954 tolletur
581 1862 775 1930 sacrificium
787 1878 819 1930 et
834 1864 956 1943 libatio,
969 1867 1045 1934 etin
1056 1878 1134 1934 tem-

102 2003 114 2036 ι
127 1973 215 2062 plum
228 1975 425 2042 abominatio
440 1972 654 2049 desolationis,
669 1985 702 2038 et
718 1975 874 2062 usquead
889 1977 1136 2045 consummatio·

111 2111 124 2141 ι
137 2085 360 2172 neantemporia
369 2081 739 2151 cousummatiodabitur
747 2107 842 2172 super
850 2084 1128 2164 desolationemb»

114 2191 277 2260 dimidium
290 2207 390 2259 autern
403 2191 617 2259 hebdomadis
632 2204 696 2258 tres
710 2206 784 2258 sunt
799 2196 873 2260 anni
888 2206 921 2261 et
931 2220 1056 2265 menses
1067 2221 1134 2266 sex.

161 2305 208 2370 llx
230 2305 346 2394 quibus
365 2304 516 2372 omnibus
546 2325 612 2370 nou
634 2313 759 2368 tanturn
783 2327 853 2391 quae
878 2318 952 2371 sunt
977 2309 1139 2395 apostasiae

102 2416 363 2491 manifestentur,
384 2427 419 2480 et
445 2437 517 2502 quea
540 2425 614 2479 sunt
637 2413 707 2502 ejus
729 2414 784 2502 qui
806 2414 838 2480 in
862 2437 895 2480 ae
916 2415 1141 2505 recapituletur

101 2549 227 2593 omnem
242 2523 440 2592 diabolicum
455 2545 615 2597 errorem
631 2523 686 2588 aad
702 2535 734 2588 et
748 2524 900 2612 quoniam
915 2547 996 2591 unus
1011 2539 1044 2592 et
1055 2527 1141 2592 idem

101 2635 182 2702 Deus
196 2635 309 2710 Pater,
326 2633 381 2721 qui
401 2654 419 2697 a
436 2631 602 2721 Prophetis
622 2633 842 2708 annuntiatus,
859 2655 876 2698 a
893 2633 1019 2700 Christo
1034 2645 1141 2702 nutem

101 2744 332 2812 manifestatus.
344 2740 551 2829 Sieuimquae
561 2737 717 2813 aDaniele
729 2741 916 2830 prophetata
928 2759 1001 2812 sunt
1013 2745 1053 2813 de
1061 2746 1142 2822 line,

100 2853 258 2922 Dominus
274 2850 521 2941 comprobavit:
537 2875 551 2910 ι
568 2849 650 2916 Cum
669 2849 822 2927 videritis,
838 2854 960 2930 dicens,
976 2858 1143 2924 abomina-

75 3027 79 3036 .
103 2967 253 3032 »tionem
268 2959 486 3036 desolationis,
503 2984 573 3048 quae
587 2960 671 3027 dictu
696 2973 744 3027 est
758 2985 816 3052 per
829 2963 993 3032 Danielem
1009 2968 1144 3057 prophe·

103 3073 236 3148 stam⁴3
263 3069 409 3158 (Danieli
425 3082 534 3136 autem
555 3069 693 3160 Angelus
716 3069 844 3138 Gabriel
862 3074 1076 3142 exolutionem
1097 3078 1145 3143 vi-

102 3185 230 3253 sionum
244 3182 325 3250 feeit
342 3205 350 3247 a
368 3179 423 3248 hic
438 3192 546 3246 autem
563 3191 610 3244 eat
624 3179 842 3270 Archangelus
857 3181 1036 3274 Demiurgi,
1048 3197 1081 3250 et
1092 3186 1145 3254 bie

103 3296 189 3362 illem
203 3292 314 3359 lluriae
328 3288 557 3381 evangelizavit
578 3289 779 3356 manifestum
800 3271 975 3359 adveutum
991 3305 1023 3360 et
1040 3295 1145 3363 inuar-

104 3405 268 3470 nationem
276 3399 434 3490 Christi‘)
448 3422 533 3466 unus
544 3411 577 3466 et
587 3400 672 3467 idem
683 3400 769 3466 Deua
781 3401 1032 3470 manifestissime
1044 3419 1146 3473 usten-

106 3517 202 3592 ditur,
220 3516 276 3605 qui
296 3512 476 3604 Prophetas
491 3511 589 3588 misit,
607 3523 640 3577 et
653 3509 770 3577 Filium
791 3512 954 3601 praemisit,
971 3525 1003 3580 et
1017 3539 1075 3583 uus
1089 3541 1147 3584 vo-

108 3627 187 3692 earit
201 3625 235 3692 in
252 3623 453 3715 agnitionem
468 3644 568 3690 suam.

148 3767 230 3816 ¹Dau.
243 3783 299 3825 rus,
314 3781 353 3814 aa.
367 3792 400 3803 -
416 3762 429 3796 ²
441 3761 506 3811 loia
521 3761 549 3810 23
560 3771 585 3813 ct
597 3777 672 3828 seqq.
684 3761 732 3800 -³
743 3763 808 3811 Dan.
822 3779 857 3822 rx,
867 3780 905 3830 ²7·
917 3793 947 3803 -
957 3764 967 3798 ⁴
979 3765 1071 3814 blattb.
1080 3781 1148 3824 nir,

117 3853 149 3898 rt.
162 3879 189 3890 -
201 3852 211 3884 ⁵
223 3853 286 3904 bne.
299 3871 317 3912 ι,
333 3851 364 3900 26
377 3858 403 3902 et
417 3863 493 3913 seqq.
