2412 4596
327 277 517 343 sanonarnu
538 281 600 324 arn.
627 281 663 324 ιι.
971 259 1014 346 93

0 421 36 453 >s-
53 408 254 486 praeceptum
271 396 501 466 humanitatis?
522 400 606 466 sieut
619 396 716 476 illud,
735 401 918 466 memedem
936 424 1018 490 pau·

2 503 54 568 sris
75 504 146 592 ipso
163 505 214 570 die
231 506 383 583 reddere,
400 507 495 574 doeet
514 521 661 598 oportere
675 509 742 574 sine
763 533 852 576 mora
872 506 1019 578 exolvere

3 612 158 680 eroedem
184 615 347 682 ministris.
373 616 557 684 Remittitur
579 618 685 694 enim,
709 629 745 684 ut
764 618 889 707 opinor,
912 620 953 685 ad
967 620 1019 696 id,

1 721 56 786 &rod
73 721 109 786 in
126 735 292 812 posterum
306 725 470 813 sequitur,
488 725 671 812 faciendum
688 727 835 816 pauperis
853 726 1019 805 alacritas,

14 829 95 894 desit
112 829 311 900 alimentum.
329 834 506 912 Praeterea,
523 835 706 912 funerator,
723 836 846 926 inquit,
862 859 903 904 ue
919 837 1021 926 ingre-

7 950 76 1004 atur
98 938 235 1006 domum
257 939 429 1019 debitoris,
454 942 483 1010 vi
508 944 622 1033 pignus
642 957 855 1034 accepturus:
883 945 940 1012 sed
967 943 1021 1012 ille

8 1047 104 1114 tidem
120 1048 235 1136 jubeat
250 1060 338 1116 extra
353 1049 497 1141 prolerre
518 1075 526 1116 z
552 1052 578 1118 is
593 1076 690 1130 vero,
712 1053 738 1119 si
756 1051 890 1130 babeat,
913 1077 955 1120 ne
969 1077 1024 1119 re-

4 1169 68 1222 set.
97 1158 142 1222 Et
166 1157 199 1222 in
219 1181 322 1224 messe
339 1182 396 1236 ea,
421 1183 491 1248 quat
507 1185 525 1228 a
542 1159 712 1249 manipulis
727 1161 894 1239 excidunt,
910 1160 1022 1228 tollere

10 1263 123 1331 obibet
138 1289 354 1355 possessores,
370 1268 452 1334 sieut
467 1269 562 1336 etiam
581 1270 615 1334 in
630 1269 782 1336 metendo
797 1271 888 1358 jubet
904 1270 1022 1359 aliquid

10 1385 134 1440 scotum
159 1372 355 1464 relinquam
380 1399 438 1465 per
456 1375 518 1442 hoc
541 1400 736 1466 possessores
757 1377 848 1445 valde
870 1401 1022 1448 exercens

30 1482 364 1550 communicationem
386 1497 418 1550 et
441 1485 732 1574 magnificentiam,
753 1509 854 1554 exeo
874 1487 962 1576 quod
982 1509 1023 1554 ex

13 1591 114 1682 apriis
143 1590 264 1680 aliquid
292 1593 452 1659 dimittant
478 1595 669 1684 egentibus,
696 1597 889 1686 pauperibus
914 1609 1022 1668 autent

4 1703 120 1766 >abens
132 1701 300 1768 materiam
309 1703 369 1768 sibi
377 1703 538 1790 quaerendi
549 1703 661 1770 victas.
677 1704 772 1771 Vides
784 1706 946 1793 quomodo
957 1708 1023 1774 Lex

9 1808 65 1879 uul
88 1810 260 1876 annuntiat
282 1811 338 1876 Dei
355 1811 510 1900 'justitiam
526 1823 559 1876 et
582 1813 777 1888 bonitatem,
801 1813 855 1900 qui
872 1815 1022 1882 omnibus

1 1917 124 1986 »buente
140 1920 270 1986 abunde
285 1921 489 2010 suppeditat:
512 1931 545 1986 et
566 1921 599 1985 in
619 1921 694 2010 ipsis
712 1920 877 1987 vindemiis
897 1923 1022 2011 regredi

7 2039 160 2116 tear-pant
177 2051 233 2103 ea,
257 2051 327 2118 quae
351 2041 424 2098 sunt
446 2027 555 2096 relicta
562 2053 572 2102 ς
598 2040 631 2094 et
647 2053 742 2106 uvas,
759 2054 828 2118 quae
847 2032 1022 2110 excidunt,
1126 2052 1128 2062 ’

10 2133 125 2226 dligere
136 2136 300 2226 prohibet.
319 2137 440 2204 Eadem
452 2138 549 2204 etiam
564 2137 707 2226 praecipit
723 2137 780 2212 iis,
797 2139 851 2226 qui
867 2139 1022 2228 colligunt

11 2267 64 2310 aas.
97 2245 177 2310 dam
201 2268 277 2312 vero
300 2245 431 2312 deeimae
453 2269 581 2333 quoque
602 2245 766 2312 fruetuum
791 2257 823 2312 et
846 2270 1020 2335 pecorum,

8 2355 136 2420 eebant
160 2365 194 2418 et
210 2354 279 2442 pios
294 2377 363 2420 esse
378 2355 416 2430 in
429 2355 553 2430 Deum,
571 2365 603 2419 et
622 2377 688 2420 non
704 2377 772 2420 esse
788 2352 878 2420 luero
897 2358 1022 2444 penitus

11 2463 118 2538 ditos,
142 2461 201 2526 sed
222 2463 382 2552 proximos
402 2461 609 2530 humanitatis
626 2461 752 2526 efficere
772 2463 953 2553 participes.
976 2466 1023 2532 Ex

8 2595 16 2636 s
33 2571 149 2646 enim,
172 2581 208 2664 ut
222 2582 318 2660 puto,
335 2581 367 2636 et
385 2570 530 2660 primitiis
546 2568 713 2636 alebantur
735 2569 923 2636 sacerdotes.
946 2572 1020 2640 Jam

6 2703 42 2772 go
53 2677 269 2766 intelligimus
284 2703 342 2746 nos
354 2703 412 2769 per
425 2676 528 2768 legem
538 2678 655 2746 enadiri
670 2678 710 2748 ad
724 2679 874 2767 pietatem
886 2693 918 2746 et
933 2704 1020 2748 eom·

7 2789 248 2866 unientionem,
270 2801 304 2854 et
331 2789 372 2856 ad
400 2788 553 2878 justitiam
577 2800 610 2852 et
634 2786 874 2856 humanitatem.
902 2789 1019 2862 Annon

6 2897 52 2964 im
74 2899 220 2988 septimo
236 2921 362 2986 quoque
378 2921 461 2966 anuo
472 2899 564 2986 jubet
580 2919 691 2986 agrum
706 2895 1016 2986 relinqui‘atiosuma

6 3029 129 3098 superes
146 3017 257 3072 autem
272 3005 331 3084 iis,
353 2989 406 3094 qui
429 3005 576 3074 divinitus
599 3001 747 3093 producti
771 3005 907 3084 suerint,
932 3007 1021 3073 bue-

5 3113 183 3182 busseeure
195 3114 256 3178 frui
266 3114 429 3204 precepit,
443 3137 553 3204 agrum
564 3110 689 3179 colente
700 3125 813 3182 natura
825 3113 1021 3182 volentibus?

5 3224 150 3290 uomodo
167 3245 245 3312 ergo
260 3229 325 3291 nob
341 3235 390 3288 est
406 3223 586 3298 bombex,
602 3233 636 3287 et
651 3222 799 3310 magistra
813 3222 962 3310 justitiael
980 3225 1022 3290 Et

2 3357 79 3400 =rsus
96 3331 367 3422 quinquagesimo
384 3354 467 3399 anno
484 3330 575 3420 jubet
591 3329 703 3396 eadem
718 3331 841 3406 faeere,
864 3355 934 3419 que
953 3356 1022 3422 sep

1 3464 48 3507 no
68 3452 254 3531 :praeterea
279 3439 415 3506 reddens
432 3440 603 3529 unicuique
622 3439 805 3529 proprium,
829 3439 853 3504 si
872 3442 924 3506 eui
946 3465 1021 3508 essu

8 3575 79 3641 quo
101 3547 231 3617 ablatus
254 3561 336 3614 esset
354 3549 499 3616 fundus:
522 3561 554 3614 et
578 3571 689 3616 eorum
712 3547 942 3635 cupiditatem,
966 3553 1021 3640 qui

0 3661 141 3726 idere
168 3657 367 3734 desiderant,
388 3655 530 3728 dimenso
552 3656 661 3722 utendi
678 3679 716 3724 ac
730 3656 855 3724 fruendi
879 3669 1023 3748 tempore

35 3765 245 3836 umseribens
262 3790 270 3831 ι
288 3778 320 3831 et
340 3791 416 3844 eos,
434 3767 489 3857 qui
511 3776 642 3856 propter
658 3763 785 3853 longam
802 3779 1022 3856 paupertatem

6 3901 83 3945 nas
112 3873 435 3952 dederunt,⁴nolens
463 3886 617 3966 perpetuo
645 3873 760 3963 puniri.
785 3873 1022 3966 «Eleemosynae
