2738 4628
525 301 639 347 sanct!
662 299 776 346 tnattlsst
800 301 863 346 us.
888 303 908 344 Υ

640 461 765 552 511.

395 649 440 690 oa
473 650 769 698 unaarrcnnnrs
801 625 1033 693 novaram

133 881 136 890 ,
167 851 175 878 ι
251 815 371 882 Omnes
392 815 479 880 eninr
501 815 522 881 ii
546 815 636 881 valde
662 817 852 905 posteriores
871 826 946 882 sunt
964 837 1060 904 quam
1083 813 1244 905 episcopi,

206 926 320 1014 quibus
340 922 483 1014 Apostoli
505 925 705 992 tradiderunt
719 925 868 993 ecclesias
883 949 895 992 r
912 937 944 992 et
962 925 1026 994 boe
1043 925 1076 992 in
1091 927 1186 994 tertio
1204 924 1245 991 li-

82 1045 87 1054 “
204 1040 264 1104 bro
278 1059 351 1104 cum
364 1035 450 1102 omni
462 1033 622 1125 diligentia
633 1037 914 1105 manifestavimus.
924 1035 1151 1102 Necessitatem
1162 1060 1243 1127 ergo

204 1149 324 1216 habent
338 1136 480 1237 praedicti
496 1146 649 1222 haeretici,
662 1149 812 1236 quoniam
827 1161 901 1215 sunt
916 1147 992 1214 caeci
1006 1147 1047 1213 ad
1059 1148 1242 1225 veritatem,

204 1258 335 1326 alteram
351 1270 384 1322 ct
398 1255 530 1322 alteram
541 1255 705 1342 ambulare
717 1257 930 1326 exorbitantes
942 1259 1046 1324 viam:
1062 1271 1094 1324 et
1108 1271 1247 1348 propter

205 1369 268 1438 boc
283 1370 530 1436 inconsonanter
540 1382 573 1434 et
588 1369 854 1458 inconsequenter
865 1369 1005 1457 dispersa
1020 1379 1095 1434 sunt
1110 1368 1241 1457 vestigia

205 1480 358 1548 doctrinae
384 1479 536 1567 ipsorum.
560 1479 682 1544 Eorum
702 1493 809 1546 autem
833 1480 886 1569 qui
910 1482 950 1547 ab
976 1479 1117 1547 Ecclesia
1145 1491 1243 1556 sunt,

206 1587 331 1661 semita,
359 1585 550 1658 circumiens
571 1586 728 1652 mundum
758 1585 951 1663 universum,
973 1588 1091 1677 quippe
1113 1586 1246 1654 firmam

207 1697 328 1762 habens
350 1694 390 1760 ab
410 1677 568 1783 dpostolis
587 1695 804 1770 traditionem,
826 1707 858 1759 et
878 1695 984 1760 videre
1006 1697 1098 1762 uobis
1119 1697 1244 1762 donans

206 1803 349 1868 omnium
369 1787 465 1866 unam
486 1813 518 1865 et
539 1802 687 1868 eamdem
706 1825 775 1868 esse
796 1801 907 1880 fidem,
926 1803 1075 1869 omnibus
1093 1829 1192 1870 unum
1208 1817 1245 1870 et

206 1912 355 1979 eumdem
364 1911 467 1976 Deum
475 1909 602 1976 Patrem
616 1911 885 2000 praecipientibus,
901 1925 933 1990 et
945 1912 1090 1978 eamdem
1105 1913 1246 2002 disposi«

206 2023 326 2087 tionem
338 2017 639 2085 incarnationisFilii
652 2019 710 2085 Dei
722 2020 938 2097 medentibus,
948 2034 981 2086 et
991 2023 1137 2088 eamdem
1145 2021 1246 2088 dona-

204 2133 326 2206 tionem
333 2128 469 2218 Spiritus
481 2129 666 2205 scientibus,
674 2130 823 2196 eteoclem
833 2130 1059 2199 meditantibus
1067 2145 1246 2225 praecepta,

86 2272 98 2284 ·
205 2255 238 2308 et
248 2241 394 2308 eamdem
405 2240 544 2330 figuram
559 2241 629 2329 ejus
645 2264 716 2328 quae
730 2254 777 2306 est
790 2265 864 2332 erga
879 2238 1055 2309 Ecclesiam
1069 2242 1244 2310 ordinatio-

206 2351 527 2445 niseustodientibus,
538 2363 570 2416 et
582 2352 731 2417 eumdem
745 2353 984 2440 expectantibus
996 2355 1168 2420 adventum
1180 2355 1245 2421 llo-
1358 2445 1361 2450 ,

206 2461 298 2540 mini,
313 2475 346 2528 et
364 2461 511 2528 eamdem
527 2459 660 2526 salutem
677 2462 772 2526 totius
787 2461 937 2537 bominis,
953 2463 986 2529 id
1002 2475 1063 2540 est,
1079 2465 1194 2531 animae
1208 2475 1243 2530 et

208 2573 351 2662 corporis
362 2571 602 2637 sustinentibus.
614 2573 656 2637 Et
670 2570 820 2638 Ecclesia
831 2573 961 2660 quidem
972 2575 1155 2663 praedicatio
1168 2599 1242 2641 vera

209 2694 242 2748 et
258 2681 362 2755 firma,
380 2679 465 2766 apud
487 2699 583 2767 quam
599 2702 661 2744 una
676 2691 708 2745 et
723 2681 834 2748 eadem
850 2680 958 2747 salutis
974 2683 1022 2748 ria
1038 2685 1071 2751 in
1096 2685 1246 2750 universo

209 2791 329 2859 mundo
346 2791 533 2856 ostenditur.
550 2791 633 2858 Huic
647 2791 733 2857 enim
752 2792 909 2858 creditum
924 2805 972 2860 est
993 2792 1101 2862 lumen
1121 2797 1193 2873 Dei,
1210 2809 1243 2862 et

210 2916 340 2994 propter
358 2902 421 2968 hoc
435 2927 448 2962 s
463 2901 614 2992 sapientia
630 2931 643 2963 r
658 2903 729 2978 Dei,
749 2925 916 2992 perquam
938 2903 1035 2970 salvat
1056 2929 1166 2972 omnes
1181 2905 1245 2972 ho-

209 3013 324 3088 mines,
342 3039 355 3072 ι
370 3012 402 3077 in
416 3012 502 3076 exitu
518 3012 654 3086 canitur,
667 3012 700 3076 in
715 3010 826 3100 plateis
841 3024 949 3078 autern
964 3013 1153 3081 fiducialiter
1164 3017 1241 3105 agit.

211 3127 273 3191 rin
294 3124 425 3190 summis
451 3122 550 3188 muris
573 3122 775 3212 praedicatur,
800 3124 832 3189 in
855 3125 953 3212 portis
978 3137 1086 3192 autem
1109 3127 1244 3193 civitatis

212 3245 423 3301 »constanter
445 3230 586 3320 loquitur
594 3231 616 3298 ².
642 3231 793 3319 »Ubique
818 3233 904 3299 euim
925 3233 1066 3301 Ecclesia
1091 3235 1243 3325 praedicat

211 3345 402 3411 veritatem:
422 3355 454 3409 et
474 3341 544 3408 haec
563 3353 611 3407 est
629 3346 778 3421 inaspectos
795 3341 945 3419 lucerna,.
958 3344 1075 3412 Christi
1096 3344 1244 3436 bajulans

213 3455 333 3522 lumen.

259 3564 323 3644 Qui
345 3586 420 3652 ergo
444 3561 627 3650 relinquunt
648 3562 843 3652 praeconium
868 3561 1248 3655 auctoramentum

215 3686 397 3741 sanctorum
423 3673 682 3761 presbyterorum
708 3683 870 3760 arguunt,
896 3697 960 3741 non
993 3674 1250 3765 contemplantes

248 3831 334 3898 ¹Cap.
346 3847 387 3890 n,
400 3831 492 3897 p.317.

248 3903 341 3957 ²Prcv‚
354 3925 374 3968 r,
387 3921 428 3964 no,
440 3921 480 3954 ur.
