2738 4628
199 251 245 327 do
525 269 638 315 saacrr
662 267 775 314 rasam
798 269 859 315 nra.
886 269 906 312 v

192 390 307 478 ,itaque
317 410 448 465 sensus,
466 412 537 478 quae
551 389 612 454 suit
626 389 660 454 in
675 387 846 478 serpente,
866 387 1016 456 diasomta
1031 399 1080 454 out
1093 409 1152 476 per
1166 405 1243 450 eam

199 521 272 587 quae
294 497 354 564 fait
376 501 407 566 in
428 499 559 566 bomine
580 498 742 566 humilitas
762 521 772 564 a
793 512 826 565 et
840 501 889 566 bis
902 501 969 588 jam
985 499 1087 564 vietus
1107 505 1177 563 erat
1199 495 1241 560 de

200 604 366 710 Scriptura
387 605 545 683 diabolus,
562 627 638 673 eum
651 618 702 672 est
720 606 885 675 traductus
908 606 1065 674 contraria
1080 614 1242 706 praeoepto

200 715 260 782 aa
280 717 429 793 suadens,
449 728 482 782 et
501 715 679 787 seeundum
695 717 884 784 sententian
903 738 994 782 suam
1005 715 1063 780 Dei
1081 713 1180 781 bostis
1191 734 1241 777 os·

196 836 321 892 masna.
338 825 403 906 Qui
417 836 450 891 et
468 825 793 920 magneleonl'utatus,
808 837 841 892 et
856 826 944 915 quasi
959 826 1165 913 semetipsum
1175 819 1242 889 ool·

201 935 316 1026 iigena‚
342 937 520 1004 universam
547 959 644 1026 quam
668 936 808 1003 habebat
835 937 987 1002 virtutem
1009 936 1042 1002 in
1069 933 1240 1002 mendatio

201 1045 372 1122 ordinans,
390 1046 486 1114 tertio
506 1046 645 1114 ostendit
662 1046 693 1112 ei
715 1045 822 1113 aaeouli
851 1069 948 1136 regna
969 1046 1090 1120 omnia,
1113 1045 1237 1118 dioens,

203 1154 477 1244 quemadmodum
496 1155 642 1222 meminit
661 1154 763 1222 Lucas
779 1177 788 1220 ε
807 1181 820 1216 a
838 1156 915 1223 Haeo
934 1156 1041 1222 omnia
1061 1154 1118 1220 tibi
1139 1153 1236 1228 dabo,

202 1293 217 1328 ι
232 1265 383 1354 quoniam
395 1265 474 1332 mibi
488 1266 602 1332 hadita
615 1279 702 1342 sunt,
715 1276 748 1332 et
758 1267 812 1334 eui
822 1264 895 1332 volo
910 1266 953 1332 do
969 1289 1021 1340 ea,
1033 1266 1058 1331 si
1069 1263 1238 1354 procidens

199 1374 409 1442 a.adoraveris
424 1397 476 1441 me
486 1373 509 1439 ⁵.
528 1374 709 1441 »Dominus
721 1375 827 1464 itaque
842 1374 1012 1442 tradueens
1026 1397 1099 1440 eum
1116 1373 1175 1462 qui
1190 1395 1238 1438 es·

184 1495 249 1548 „aet
263 1507 301 1548 a«
311 1481 413 1559 Vade,
427 1485 542 1572 inquit,
554 1483 689 1559 Satanas
706 1484 861 1575 seriptum
877 1497 925 1550 eat
939 1485 1025 1550 enim
1038 1507 1047 1548 τ
1061 1483 1236 1550 Dominum

197 1617 215 1654 a
227 1591 333 1658 Deum
345 1603 436 1658 tuum
447 1593 606 1668 adorabis,
619 1605 652 1658 et
665 1591 710 1659 illi
722 1592 779 1660 soli
791 1595 907 1660 servies
916 1593 938 1658 ².
955 1594 1149 1660 »Denudana
1161 1613 1236 1658 enm

199 1723 257 1792 per
267 1701 331 1770 boe
341 1725 472 1780 nornen,
484 1715 517 1769 ot
532 1725 567 1770 ae
577 1703 750 1770 ostendens
764 1705 817 1792 qui
835 1716 915 1770 erat.
935 1703 1050 1770 satana
1062 1704 1147 1769 enim
1163 1725 1237 1769 ver·

199 1813 278 1879 bum
293 1813 501 1890 Hebraioum‚
513 1826 690 1903 apostatam
708 1812 876 1904 signifieat.
891 1815 932 1880 Et
942 1814 1037 1880 tertio
1048 1814 1154 1901 itaque
1170 1813 1238 1878 vin·

200 1943 276 1988 aena
289 1945 378 1999 eum,
402 1923 443 1988 de
465 1921 587 2011 reliquo
607 1921 724 2013 reptdit
744 1945 762 1988 a
779 1923 961 2011 semetipso,
985 1924 1074 2010 quasi
1096 1921 1238 2012 legitime

199 2031 321 2099 vietum
344 2055 353 2096 s
378 2044 411 2098 et
440 2030 540 2097 soluta
561 2043 609 2098 eat
627 2055 664 2097 ea
691 2053 762 2120 quae
782 2031 887 2098 suerat
904 2032 936 2098 iu
960 2030 1063 2099 Adam
1084 2032 1241 2121 praeoepti

198 2140 258 2209 Dei
279 2142 509 2232 pravaricatio,
525 2165 583 2232 per
600 2155 795 2232 praeceptum
815 2141 906 2232 Legis
921 2143 1008 2230 qnod
1030 2143 1165 2210 servant
1179 2141 1237 2208 Fi-

195 2247 259 2318 lius
276 2251 427 2330 hominis,
443 2276 508 2319 non
525 2253 757 2344 transgrediens
776 2265 971 2343 praeoeptum
987 2253 1056 2319 Dei.

250 2361 330 2442 Quis
356 2385 431 2452 ergo
457 2362 613 2429 Dominus
641 2363 742 2439 Deus,
769 2363 821 2428 oui
845 2361 991 2429 Christus
1016 2359 1237 2427 testimonium

197 2473 362 2561 perbibet;
384 2497 480 2561 quem
503 2496 598 2540 nemo
623 2474 772 2547 tentabit,
794 2484 827 2538 et
850 2495 945 2560 quem
971 2495 1080 2538 omnes
1100 2472 1236 2537 adorare

198 2596 337 2672 oportet,
353 2596 385 2648 et
403 2585 461 2673 ipsi
477 2583 535 2650 soli
550 2584 693 2650 servire?
704 2583 899 2649 Omnimodo
915 2581 967 2649 ille
981 2596 1029 2648 est
1041 2583 1108 2649 sine
1119 2582 1235 2658 dubio,

198 2693 253 2779 qui
272 2703 304 2757 et
320 2690 436 2780 Legem
450 2692 539 2757 dedit
553 2692 650 2758 Deus.
668 2693 744 2758 Haeo
759 2691 845 2758 enim
862 2693 894 2757 in
906 2691 990 2781 Lege
1001 2693 1149 2782 praedicta
1161 2692 1236 2759 sue-

197 2812 282 2877 runt,
300 2812 333 2867 et
351 2823 408 2889 per
426 2801 516 2890 Legis
537 2802 725 2867 sententiam
743 2801 882 2867 ostendit
901 2802 1068 2878 Dominus,
1081 2803 1234 2890 quoniam

197 2906 263 2976 Lex
282 2909 413 2999 quidem
430 2933 448 2976 a
470 2910 563 2976 Patre
580 2908 724 2977 Verbum
741 2911 869 2977 Domini
887 2911 1075 2978 annuntiat:
1090 2923 1235 3000 apostata
1275 2967 1280 2978 .

197 3035 305 3090 autom
323 3021 382 3089 Dei
407 3021 546 3112 Angelus
568 3045 627 3112 per
643 3021 726 3089 illius
742 3022 916 3089 destruitur
937 3044 1048 3089 rooem
1066 3023 1234 3090 traductus

196 3136 266 3222 quis
281 3147 376 3211 esset,
394 3145 426 3200 et
446 3134 547 3201 vietus
566 3157 584 3198 a
601 3133 682 3199 Filio
700 3134 838 3200 hominis
856 3145 1000 3199 servante
1017 3133 1075 3202 Dei
1093 3153 1235 3223 praecep·

195 3254 275 3308 tum.
292 3242 454 3323 Quoniam
464 3243 550 3308 enim
566 3244 598 3307 in
618 3243 707 3308 initio
720 3241 841 3308 homini
856 3243 953 3308 suasit
966 3243 1139 3332 transgredi
1152 3266 1233 3332 prae·

196 3363 324 3440 neptum
336 3351 475 3427 factoris,
489 3353 561 3419 ideo
572 3375 645 3418 eum
659 3351 770 3418 babuit
785 3351 818 3416 in
830 3374 885 3417 sua
905 3365 1077 3441 potestate:
1091 3365 1232 3442 potestas

196 3473 305 3527 autem
315 3462 385 3549 ejus
400 3475 447 3528 est
458 3461 661 3550 trangressio,
674 3473 706 3527 et
717 3461 886 3549 apostasia,
897 3475 930 3527 et
941 3462 990 3530 bis
1006 3463 1164 3554 colligavit
1175 3465 1233 3532 ho-

194 3571 313 3637 minem
321 3593 332 3645 ς
348 3593 405 3660 per
415 3571 578 3638 bominem
591 3572 694 3661 ipsum
707 3571 824 3636 iterum
838 3574 1005 3661 oportebat
1018 3575 1137 3640 vietum
1153 3595 1230 3640 eum

195 3681 354 3748 contrario
386 3681 525 3773 colligari
552 3683 664 3750 iisdem
682 3681 817 3749 vinculis
833 3684 948 3773 quibus
970 3682 1105 3774 alligavit
1122 3685 1233 3750 homi-

147 3849 150 3857 ,
195 3815 283 3869 nem,
299 3805 335 3857 ut
354 3792 451 3861 homo
473 3792 593 3860 solutus
612 3805 789 3860 revertatur
802 3793 842 3858 ad
861 3817 954 3864 suum
977 3795 1164 3872 Dominum,
1183 3794 1230 3862 iiii

228 3918 310 3969 ¹Luo.
321 3935 356 3980 aa,
367 3919 391 3979 6,
401 3917 588 3984 7·-²Mattb.
602 3937 679 3983 rv,ro.
