2382 4592
302 253 491 302 amourrutr
512 254 574 302 aru.
601 257 648 302 ιιι.
937 235 997 322 ¹57

13 408 23 429 ι
41 373 174 442 rationis
188 368 372 466 expertium
383 377 591 444 animantium
603 387 717 444 natura
732 373 878 445 homiues
889 374 1002 442 iecerit

7 481 206 559 laecilliorea,
222 505 360 572 quorum
375 483 518 574 exempla
534 485 696 552 consecuti
712 494 805 560 sunt,
829 483 883 572 qni
900 508 917 550 a
932 483 1002 550 Deo

22 622 35 645 ιι
74 588 204 656 formati
227 589 326 656 suere.
353 591 408 658 Sin
431 603 538 658 autem
558 605 671 658 natura
693 591 824 681 quidem
846 613 901 658 eoa
919 591 1003 657 sicut

14 736 16 751 ι
44 730 47 751 2
65 696 198 763 deduxit
210 696 252 764 od
263 696 402 766 filiorum
416 699 673 788 procreationem
689 723 698 764 ι
712 699 792 765 moti
804 709 912 766 autem
927 709 1002 765 suut

1 804 54 871 'us
71 827 170 893 quam
191 805 353 895 oportuit,
375 807 487 873 fraude
510 807 658 885 inducti,
679 830 753 875 curn
777 805 883 874 adhuc
897 816 1002 874 essent

46 946 50 971 ι
66 943 108 986 ·-:,
128 913 250 1002 justum
270 914 399 1003 quidem
414 927 463 981 est
477 914 535 984 Dei
551 915 708 1004 judicium
720 916 754 982 iu
769 935 848 993 eos,
866 914 1002 1004 quinon

0 1050 18 1083 ιι
32 1050 64 1077 ιι
82 1033 172 1087 runt
192 1022 262 1111 ejus
286 1020 482 1089 voluntatem
509 1046 518 1088 ι
539 1035 648 1090 sancta
668 1035 716 1090 eat
730 1034 845 1104 ,antem
868 1043 1002 1112 genera-

21 1150 99 1218 ,per
115 1151 211 1216 quam
229 1129 367 1197 mundus
383 1131 547 1205 consistit,
570 1153 629 1220 per
648 1150 745 1220 quam
765 1129 929 1208 essentiae,
944 1152 1002 1220 per

70 1233 192 1304 naturas
201 1286 211 1313 ,
225 1257 390 1327 perquam
405 1235 517 1328 Angeli
530 1260 608 1327 ,per
623 1261 720 1327 quam
736 1239 928 1315 potestates,
945 1259 1003 1327 per

10 1396 22 1399 ι.
38 1374 52 1401 ιι
70 1344 195 1422 animae,
206 1367 264 1435 per
276 1341 372 1433 quam
383 1359 554 1436 praecepta,
568 1368 626 1435 per
637 1368 734 1434 quam
745 1347 823 1424 Lex,
835 1369 893 1437 per
906 1343 1002 1436 quarn

4 1451 182 1541 angelium,
190 1475 350 1543 perquam
361 1454 419 1522 Dei
432 1454 581 1544 cognitio.
593 1455 655 1521 «Et
665 1455 768 1522 omnis
780 1477 856 1522 caro
866 1454 1001 1531 soeuum,

0 1597 12 1616 -ι
36 1559 133 1625 omnis
154 1559 253 1650 gloria
274 1561 344 1649 ejus
363 1561 452 1650 quasi
474 1561 534 1628 llos
555 1559 632 1628 foeni
652 1573 714 1628 :et
733 1560 855 1630 foenum
873 1553 1002 1652 quidem
1087 1610 1090 1616 -

0 1700 22 1725 ι.
36 1666 183 1745 iocatur,
206 1667 265 1735 llos
286 1681 392 1736 autem
409 1670 545 1747 decidit,
562 1662 769 1738 sed'verbum
791 1670 921 1739 Domini
939 1693 1004 1740 tna·

2 1786 48 1840 ιι
62 1773 115 1850 ’,ι
138 1776 226 1865 quod
247 1777 336 1843 unxit
356 1776 494 1846 enimam
517 1789 551 1845 et
570 1777 651 1843 uniit
673 1777 807 1866 spiritui.
833 1777 1004 1859 Quomodo

1 1895 96 1960 tem,
114 1907 183 1973 prae
198 1885 299 1952 estin
319 1882 463 1952 Ecclesia
484 1899 619 1964 nostra,
645 1886 824 1953 oeconomia
846 1885 887 1952 ad
908 1885 1007 1956 tuem

6 2024 9 2029 ·
41 1993 102 2058 «uci
119 1993 273 2083 potuisset
294 1992 414 2084 absque
436 2017 597 2084 corpore,
624 2016 700 2060 cum
723 1995 820 2060 etiam
842 1993 926 2084 ipse,
952 1993 1007 2082 qui

0 2111 24 2164 t
37 2091 127 2188 caput
140 2098 306 2176 Ecclesiae,
323 2101 357 2168 iu
374 2122 470 2168 carne
487 2101 616 2190 quidem
633 2099 777 2168 informis
789 2113 822 2167 et
836 2103 941 2192 specie
957 2123 1008 2170 oa·

0 2207 152 2274 navitam
167 2209 310 2284 transiit,
336 2221 371 2275 ut
393 2209 523 2276 doceret
546 2229 605 2274 nos
626 2209 786 2298 respicere
803 2209 844 2277 ad
861 2223 1008 2278 naturam

6 2316 93 2382 'riuae
115 2339 217 2383 causae
243 2317 413 2383 informem
433 2315 473 2383 'et
496 2316 745 2406 incorpoream?
769 2316 898 2384 «Arbor
923 2316 1009 2384 euim

8 2425 77 2501 itae,
92 2425 188 2512 inquit
201 2425 470 2511 properassem
481 2427 566 2492 bono
575 2425 731 2491 desiderio
739 2423 764 2502 ²,
774 2452 788 2498 ι
797 2426 915 2492 docens
927 2425 1011 2492 bona

15 2533 130 2599 munda
142 2532 296 2599 desideria
308 2582 318 2609 ,
331 2555 401 2622 que
412 2544 486 2598 sunt
497 2533 531 2598 in
544 2533 682 2601 Domino
698 2533 832 2599 vivente.
851 2531 924 2598 Jam
935 2553 1011 2600 vero
1089 2531 1090 2536 ’

4 2637 84 2706 ιΙιιιιι
98 2640 155 2708 viri
175 2663 251 2709 cum
267 2662 366 2706 uxore
377 2640 410 2706 in
425 2637 631 2708 matrimonio
643 2639 926 2719 consuetudinem,
940 2661 1012 2728 quac

0 2761 57 2816 cta
71 2763 118 2817 est
131 2749 283 2840 cognitio,
301 2771 370 2816 esse
386 2763 554 2839 peccatum
574 2773 582 2814 a
603 2771 675 2816 eam
691 2748 807 2839 quippe
821 2749 956 2818 indicari
971 2771 1013 2817 ex

0 2904 8 2917 ·.
49 2859 125 2948 tigni
143 2859 214 2926 boni
228 2872 256 2925 ct
271 2857 347 2924 mali
361 2857 386 2934 ³,
403 2883 461 2949 per
476 2855 738 2948 significationem
753 2857 849 2950 hujus
864 2857 1012 2926 vocabuli

4 2967 111 3055 peonis
125 2966 158 3043 ⁴,
174 2990 246 3057 quae
263 2966 404 3032 mandati
424 2966 702 3055 transgressionem
725 2977 824 3033 notat.
849 2966 884 3034 si
906 2975 1014 3032 autem

1 3074 99 3142 recita
117 3090 183 3152 est,
204 3074 344 3142 veritatis
365 3096 492 3162 quoquc
507 3075 666 3164 cognitio,
685 3087 733 3140 est
749 3097 821 3139 esus
836 3072 914 3162 ligni
928 3073 1009 3140 vitoe.

4 3195 80 3249 otest
102 3207 177 3272 ergo
196 3183 370 3248 honestum
389 3204 427 3248 ac
445 3181 646 3247 moderatum
668 3181 912 3248 matrimonium
931 3177 1014 3246 illius

1 3315 98 3381 noque
113 3291 188 3382 ligni
207 3315 275 3357 esse
291 3291 459 3380 particeps.
476 3289 574 3356 Nobis
588 3285 694 3355 autem
707 3289 795 3377 prius
808 3289 930 3354 dictum
945 3298 993 3353 est
1002 3335 1014 3366 ,

10 3430 13 3456 ι
22 3401 61 3466 od
74 3400 147 3467 licet
163 3403 245 3467 bene
257 3412 289 3465 et
307 3397 389 3465 male
403 3398 448 3464 uti
460 3398 663 3465 matrimonio
681 3421 689 3462 :
707 3408 741 3462 et
750 3396 814 3464 hoc
827 3407 876 3462 est
889 3395 1011 3485 liguum

5 3508 173 3595 pulticula,
192 3507 216 3572 si
235 3531 300 3573 non
317 3505 586 3596 transgrediamur
600 3503 684 3594 leges
699 3503 902 3570 matrimonii.
923 3503 1011 3584 Quid

8 3643 11 3651 ¹
40 3616 73 3675 -l
94 3640 134 3682 an
154 3638 221 3681 nou
244 3611 394 3682 Servatur
414 3625 542 3689 noster,
563 3613 647 3678 sicut
671 3611 833 3685 animam,
857 3611 901 3678 ita
918 3611 1016 3684 'etiam

1 3745 88 3812 'rpus
103 3725 225 3792 curavit
248 3723 290 3789 oh
314 3719 560 3788 allectionibus?
576 3720 687 3809 Neque
705 3742 780 3784 vero
795 3718 820 3785 si
837 3729 919 3787 esset
939 3741 1016 3792 coro

18 3871 89 3931 'Issi
102 3891 148 3938 xa,
160 3875 192 3938 6,
205 3889 228 3935 ι.
239 3900 272 3912 -
282 3869 292 3898 ⁰
303 3873 377 3922 Prot.
386 3885 453 3934 nn,
470 3885 511 3920 ιι.
522 3897 555 3908 -
566 3869 644 3919 'Gen
655 3885 687 3918 ιιι
695 3902 703 3931 ,
722 3862 747 3918 5.
759 3895 793 3913 -
805 3865 814 3894 ⁴
829 3867 868 3918 ld.
879 3883 915 3926 tv,
929 3881 952 3924 1.
