2614 4628
359 284 561 330 concararre
585 285 625 329 an
649 286 779 331 usuras.
1024 271 1082 349 145

32 408 191 476 ailiarius.
203 407 248 474 At
259 427 325 472 nun
335 402 368 470 id
380 403 515 493 Sterope
527 403 617 482 dicit,
626 426 692 472 non
703 403 850 482 AEthuss,
863 429 929 474 non
938 407 1085 486 Arsinoe,
1109 473 1112 490 ,

32 543 97 588 nen
118 517 308 608 Zeuxippo,
326 538 393 584 non
415 512 567 604 Pretbce,
589 538 654 582 non
676 516 840 606 Marpisss,
861 541 928 586 non
949 518 1087 610 denique

32 628 232 721 Hypsipyle.
250 627 371 718 Effugit
385 627 472 694 enim
486 625 554 694 sala
574 625 708 717 Daphne
730 640 766 694 et
781 640 885 698 ratem
906 642 940 696 et
959 631 1095 716 vitium.¹
1153 681 1160 701 .

33 741 72 808 lu
86 751 167 830 post
183 761 301 807 omnes
325 736 432 804 veniat
454 738 522 826 ipse
536 735 677 826 Jupiter,
700 750 803 805 vestra
824 741 979 808 sententia
998 765 1011 802 a
1028 740 1087 807 hu·
1189 771 1194 784 ¹

33 853 196 918 »minum
217 860 312 941 pater
332 859 428 937 atque
444 846 591 926 deorum,
611 877 625 910 ι
641 848 744 936 quiin
759 871 907 916 venerem
923 851 1003 917 adeo
1025 849 1086 917 fuit

34 961 172 1038 effusus,
192 973 231 1026 ut
245 982 358 1027 omnes
374 957 503 1047 quidem
516 969 695 1051 appeteret,
711 971 744 1024 et
755 983 846 1027 suam
860 960 894 1027 in
909 983 1020 1028 omnes
1035 986 1087 1029 ex-

34 1069 139 1162 pleret
154 1069 341 1137 libidinem.
359 1065 555 1157 Explebatur
569 1067 666 1158 igitur
681 1065 882 1146 mulieribus,
898 1093 964 1136 non
980 1071 1086 1138 minus
1165 1061 1167 1068 ’

36 1207 133 1272 quarn
151 1183 269 1250 hircus
287 1177 515 1276 Thmuitarum
531 1179 646 1269 capris.
669 1177 775 1270 Atque
790 1191 844 1248 tua
862 1179 1006 1269 quidem,
1025 1181 1087 1248 lle

36 1318 140 1374 mere,
154 1293 304 1361 admiror
315 1297 488 1382 poemata:

118 1474 217 1546 nixis,
226 1483 257 1533 et
267 1469 401 1531 caeruleis
412 1468 574 1548 superciliis
583 1469 683 1528 annuit
695 1470 866 1542 Saturnius,

120 1573 286 1634 Anbrcsiae
294 1583 392 1632 autem
400 1590 491 1630 ecmae
504 1589 650 1630 concussa
660 1581 727 1630 sunt
738 1570 815 1649 regis

121 1677 226 1757 Capite
238 1673 278 1736 ab
288 1673 457 1749 immortali,
468 1691 605 1752 magnum
618 1683 715 1732 autem
726 1669 886 1731 tremefecit
898 1670 1069 1751 Olympum.

47 1837 285 1916 venerabilem,
302 1839 456 1914 ilumere,
476 1837 590 1905 Jevcm
605 1835 741 1929 effingis.
761 1848 795 1905 et
812 1838 1026 1906 reverendum
1043 1838 1088 1908 illi

54 1961 169 2016 nutum
178 1947 300 2032 tribuis.
314 1949 359 2016 At
369 1947 396 2014 si
409 1965 533 2015 castum
544 1944 641 2014 semel
653 1947 845 2025 ostenderis,
858 1948 903 2015 mi
915 1945 1026 2028 homo,
1039 1971 1089 2018 ar·

59 2058 167 2148 guitur
180 2057 310 2148 Jupiter,
320 2067 354 2123 et
364 2055 436 2146 ejus
447 2077 540 2122 corna
552 2055 711 2122 dedecore
722 2055 870 2124 allicitur.
886 2055 924 2126 ln
935 2069 1090 2148 quantam

60 2165 224 2234 libidinem
238 2166 382 2257 precessit
405 2161 457 2232 ille
474 2163 614 2255 Jupiter,
636 2164 691 2255 qui
714 2175 763 2232 tet
782 2177 893 2234 noctes
913 2189 989 2235 cum
1009 2165 1087 2236 Alc-

58 2301 150 2346 mena
166 2278 308 2368 transegit
321 2280 355 2344 in
366 2274 549 2366 voluptate!
569 2274 794 2364 intemperanti
808 2277 894 2343 enim
908 2300 950 2343 ne
971 2301 1087 2347 novem

55 2387 180 2477 quidem
194 2401 305 2456 noctes
322 2400 396 2456 sunt
410 2385 529 2477 longam
545 2385 602 2452 sed
616 2385 723 2476 potius
738 2397 806 2452 tcta
822 2386 884 2453 vita
900 2387 998 2453 breve
1020 2410 1089 2476 spa-

48 2635 114 2678 rem
134 2611 240 2680 deum
266 2611 450 2678 seminaret.
475 2608 565 2676 «levia
588 2620 695 2676 autem
717 2607 803 2676 lilius
826 2621 895 2675 crat
917 2607 1089 2686 Hercules,

47 2745 220 2811 germanus
237 2733 327 2790 certe
349 2720 439 2787 lovis
460 2717 557 2795 silius,
574 2715 669 2808 longa
690 2715 741 2786 illa
761 2730 859 2786 necte
878 2731 1086 2810 procreatus:

45 2831 96 2920 qu·
117 2833 258 2922 quidem
276 2828 447 2897 duodecim
465 2823 517 2894 illu
536 2827 710 2894 certamina
728 2851 793 2896 nen
813 2828 874 2896 nisi
894 2825 990 2920 longo
1009 2842 1089 2898 tem·

45 2963 118 3030 pore
138 2938 303 3017 absolvit,
328 2936 556 3029 quinquaginta
576 2959 652 3002 vero
672 2935 794 3004 Thestii
815 2935 893 3006 lilius
911 2962 974 3006 una
994 2949 1091 3006 nocte

46 3051 308 3142 compressimus
320 3049 479 3139 virginum
490 3043 616 3113 adulter
626 3057 659 3111 et
670 3069 804 3136 sponsus
816 3048 931 3115 eodem
943 3061 1089 3136 tempere

45 3159 143 3228 iactus
159 3185 168 3226 :
184 3171 222 3226 ut
238 3161 346 3250 ipsum
358 3159 465 3250 'polite
482 3157 648 3245 infelicem
664 3168 697 3222 et
711 3157 880 3246 nefarium
899 3180 965 3225 non
977 3157 1093 3246 injuria
1123 3163 1126 3170 ’

46 3258 219 3363 appellent.
244 3271 396 3362 Longum
422 3280 505 3336 esset
533 3280 565 3334 et
593 3283 866 3358 supervacaneum
887 3267 995 3334 omnia
1017 3269 1088 3356 ejus

46 3381 200 3450 almteria
215 3393 251 3448 et
261 3403 438 3471 puerorum
461 3390 568 3468 stupra
584 3399 760 3443 recensere.
778 3377 860 3445 Nam
874 3397 936 3444 nec
951 3378 1088 3468 apueris

48 3493 174 3582 quidem
191 3491 237 3559 dii
260 3491 358 3560 rastri
376 3489 580 3558 abstinuere:
597 3510 734 3577 quorum
755 3509 837 3554 unus
853 3484 994 3575 Hyllum,
1009 3486 1091 3556 aliua

48 3601 280 3692 Hyacinthum.
303 3599 384 3668 alius
404 3599 566 3690 Pelopem,
586 3595 667 3664 alius
683 3595 912 3687 Chrysippum,
928 3595 1008 3666 alius
1022 3595 1090 3665 Ga-

49 3715 206 3802 nymeden
218 3711 351 3780 amavit.
367 3710 432 3777 llos
445 3708 520 3776 deos
532 3719 643 3775 vestra
657 3729 769 3774 uxores
781 3707 927 3784 adorant,
941 3705 1017 3774 tales
1029 3708 1091 3776 sibi

51 3824 174 3890 maritos
195 3831 388 3913 precentur,
405 3817 485 3886 adeo
506 3827 732 3906 temperantes,
751 3829 787 3882 ut
801 3815 917 3885 similes
937 3817 1000 3884 sint
1016 3816 1091 3894 diis,
1132 3828 1137 3836 “

51 3943 81 3996 et
90 3930 202 4000 similia
219 3939 462 4003 consectentur.
477 3927 542 3996 llos
554 3923 610 3992 lilii
627 3925 720 3992 vestri
733 3924 837 3994 colere
849 3939 1043 4002 assuescant,
1056 3938 1095 3993 ut
