2478 4594
5 263 8 306 ι
349 267 539 314 arnousrurr
561 271 622 314 un.
650 271 705 315 vn.
987 253 1054 344 5¹9

5 389 143 466 ssimos.
158 388 297 458 Thraces
309 401 416 457 autem
427 389 528 458 fulvos
538 403 572 458 et
587 390 738 460 caeruleos
753 417 762 460 :
778 421 794 457 r
808 393 852 462 ita
867 396 964 464 etiam
979 399 1052 466 ani-

9 496 363 588 nosassimilantiisqui
373 521 428 564 eos
439 498 607 590 effingunt,
624 497 757 568 Barbari
769 502 900 590 quidem
912 518 1049 594 agrestes

5 617 35 680 st
59 605 196 674 efferatis
220 609 387 675 moribus:
412 608 515 676 Greci
535 620 641 676 autem
664 609 914 690 mansuetiores,
937 615 993 680 sed
1015 615 1049 682 in

5 737 85 803 {uos
101 726 206 782 tamen
217 716 337 782 cadant
347 717 518 806 passiones.
536 718 694 798 Quocirca
709 739 840 786 necesse
854 731 903 785 est
918 721 1050 808 quidem

10 834 36 887 rt
52 824 191 913 improbi
204 823 303 892 malas
316 824 356 891 de
367 826 436 891 Deo
453 825 627 914 suscipiant
637 827 844 916 cogitationes
856 877 865 904 ,
879 830 972 916 probi
989 853 1051 898 au-

5 953 67 1017 em
79 933 224 1021 optimas.
241 935 461 1014 Quamobrem
474 934 528 1022 qui
539 945 590 1000 est
601 935 706 1003 auimo
717 957 790 1001 vere
801 933 889 1025 regio
905 947 940 1000 et
950 937 1053 1004 Gnos-

11 1040 99 1117 icus,
114 1041 141 1105 is
153 1063 227 1107 cum
233 1053 266 1106 et
273 1042 326 1130 pie
332 1041 436 1108 Deum
449 1040 551 1118 colat,
563 1054 596 1108 et
604 1043 645 1108 sit
651 1040 796 1108 alienusa
809 1044 1047 1133 superstitione,

5 1167 189 1238 q‚ersuesum
197 1145 295 1212 hahet
309 1169 384 1211 eum
394 1143 510 1222 solum,
523 1145 577 1234 qui
589 1158 638 1212 est
649 1145 733 1212 solus
749 1146 848 1224 Deus,
859 1169 927 1214 esse
940 1147 1048 1214 hono-

15 1251 163 1327 andum,
188 1253 425 1331 venerandum,
450 1253 675 1343 magnificum,
701 1253 901 1331 beneficum,
923 1255 1048 1346 prinei-

5 1424 8 1462 ,Γ
16 1383 76 1425 em
91 1372 124 1426 et
139 1372 305 1428 auctorem
319 1363 478 1429 honorum
495 1362 660 1440 omnium,
682 1361 842 1430 malorum
860 1375 965 1430 autem
980 1389 1047 1432 non

5 1490 71 1574 rsse
89 1491 227 1534 causam.
251 1467 354 1555 Atque
376 1469 415 1534 de
437 1470 623 1536 Graecorum
644 1469 775 1558 quidem
795 1469 871 1537 salsa
895 1470 1048 1562 religione

5 1569 93 1666 satis,
111 1588 146 1640 ut
162 1577 310 1652 arbitror,
327 1577 523 1642 ostendimus
539 1578 572 1643 in
592 1576 674 1643 libro
690 1579 744 1666 qui
762 1579 880 1644 dicitur
893 1579 1047 1670 Pr0trep-

5 1681 99 1758 ἀπε,
122 1683 250 1749 abunde
270 1683 418 1749 adhibitis
436 1683 473 1748 iis
488 1707 560 1772 quae
575 1707 614 1748 eo
629 1683 788 1751 faciehant
802 1685 954 1751 historiis.
973 1685 1046 1762 Non

5 1766 71 1856 ¹snt
95 1813 173 1879 ergo
192 1790 365 1877 repetenda
392 1813 429 1856 ea
452 1813 523 1877 quse
543 1803 651 1879 aperte
674 1791 872 1857 dictasunt:
890 1805 1046 1880 quatenus

8 1896 108 1964 'utem
123 1899 223 1964 fuerit
238 1898 278 1963 ad
289 1897 360 1962 haeo
370 1894 557 1964 illustranda
568 1899 803 1974 necessarium,
820 1917 895 1964 cum
907 1891 1049 1966 adhunc

5 1979 109 2071 ¹scum
130 2005 370 2094 pervenerimus
388 2015 519 2070 eatenus
535 2005 609 2070 satis
628 2017 675 2070 est
690 2027 793 2094 pauca
808 2027 847 2070 ex
862 2005 972 2072 multis
985 2007 1048 2074 ad-

5 2089 137 2190 ἲιιοεω,
153 2115 270 2202 quihus
286 2112 489 2179 ostendamus
504 2136 558 2178 eos
573 2135 643 2178 esse
654 2113 769 2203 impios
784 2114 838 2200 qui
851 2114 955 2180 Deum
970 2135 1048 2205 pes-

5 2199 84 2286 imis
101 2219 287 2286 hominibus
306 2219 491 2287 assimilant.
510 2221 575 2286 Aut
589 2220 676 2286 enim
691 2241 804 2286 eornm
819 2223 976 2291 sententia
993 2225 1045 2291 Dii

5 2313 160 2396 'eduntur
175 2329 214 2394 ab
229 2328 434 2406 hominibus,
457 2339 489 2394 et
505 2339 574 2392 tum
590 2329 645 2417 qui
662 2327 824 2394 laeduntur
843 2333 968 2396 anobis
987 2355 1045 2421 up-

5 2437 124 2502 ·arebit
150 2459 218 2502 esse
240 2436 425 2503 hominibus
448 2435 645 2501 deteriores:
667 2448 721 2501 aut
741 2436 766 2501 si
789 2459 856 2502 non
872 2435 1044 2514 laeduntur,

5 2567 96 2632 [nare
117 2543 251 2632 perinde
266 2565 303 2610 ec
320 2542 472 2610 iracunda
495 2542 621 2611 anicula
642 2543 683 2610 ad
697 2544 778 2609 irem
792 2544 923 2610 incitata
941 2543 1047 2635 indig-

5 2652 144 2718 nantur?
164 2651 435 2740 quemadmodum
454 2649 566 2718 dicunt
585 2651 719 2718 Dianam
741 2663 873 2741 propter
893 2653 1043 2720 OEneum

5 2771 112 2826 ratam
130 2760 224 2826 fuisse
247 2759 371 2827 AEtolis.
398 2761 571 2841 Quomodo
594 2759 777 2826 enimcum
800 2760 866 2827 Dea
881 2774 963 2826 esset
977 2781 1042 2828 non
1111 2753 1115 2762 ’

5 2868 167 2956 οὲἰῑεινίῑ,
191 2891 255 2934 non
276 2891 333 2957 per
356 2879 597 2958 contemptum,
620 2869 789 2944 OEneum,
810 2868 934 2935 sedvel
955 2859 1042 2959 duod

5 2987 82 3043 sset
97 2973 233 3052 oblitus,
255 2973 304 3040 vel
329 2977 416 3062 quasi
440 2976 646 3044 sacrificasset
668 2975 864 3066 neglexisse?
879 2977 968 3042 Bene
984 3001 1042 3043 au-

5 3105 64 3148 em
80 3082 147 3169 ipsa
161 3103 289 3170 quoque
304 3103 431 3148 cauum
449 3105 538 3148 suam
556 3081 729 3148 defendens
744 3084 828 3172 apud
844 3081 1038 3161 Minervam,

5 3201 166 3279 rropterea
181 3189 267 3279 quod
283 3189 312 3254 ei
330 3202 530 3256 succenseret
544 3190 631 3279 quod
646 3191 679 3258 in
701 3191 821 3281 templo
844 3191 1038 3282 peperisset,

5 3295 100 3362 licit:

102 3464 316 3483 .......
343 3423 459 3503 Spolia,
474 3423 603 3502 gaudes,
616 3441 685 3482 cum
699 3425 794 3496 vides,

97 3526 206 3604 Erepta
221 3525 323 3596 caesis,
340 3523 434 3583 lacera
449 3563 458 3596 ,
474 3524 660 3582 semidirutu.

98 3627 161 3684 Nec
175 3626 410 3705 execrarisuista:
424 3625 469 3684 sin
487 3642 536 3683 me
547 3621 597 3682 hic
610 3625 760 3705 conspicis
839 3611 853 3716 ¹¹

99 3726 270 3805 Peperisse,
285 3737 402 3804 turgeu

5 3885 217 3951 uquanquam
236 3874 348 3930 cetera
370 3885 496 3952 quoque
519 3858 664 3932 animalia
686 3883 755 3948 quse
776 3861 808 3930 in
827 3865 951 3962 templis
975 3889 1031 3956 pe-
