2574 4628
328 305 536 366 monh-1¹10,
551 304 592 352 th
614 309 743 356 GENTES·
987 314 1048 364 ’ΞΗ

1086 385 1092 408 ι

95 435 164 501 Huc
174 461 226 522 age
232 443 390 524 prosedas,
398 444 517 505 illustris
523 445 650 524 Uiysses,
660 447 759 525 ingens
769 443 861 526 gioria
874 451 1053 528 Graecorum,

95 547 214 604 Narem
225 546 304 617 siste,
316 559 349 606 ut
360 547 539 606 diviniorem
547 565 647 606 recem
659 547 769 608 audias.
893 557 895 565 ’

24 677 138 747 iaudat
153 693 200 760 te,
217 707 237 750 o
254 697 363 758 nauta,
376 698 410 751 et
426 683 583 752 celebrem
598 699 702 764 vocat,
719 685 966 778 Graecorumque
981 689 1051 781 glo-

24 789 95 856 riam
112 815 207 858 suam
223 793 328 860 facere
345 807 479 862 conatur
496 797 656 871 meretrix.
681 793 786 864 Sine
776 821 876 888 ipsam
897 799 1051 869 cadavera

24 897 203 988 depascere,
226 901 283 982 tibi
299 900 433 971 eoelestie
447 903 584 994 Spiritus
600 929 694 996 opem
706 905 794 974 fert.
806 911 1053 1068 praetergredere

24 1009 230 1102 uoluptatem,
246 1013 390 1096 seducit:
1121 1002 1125 1011 ¹

96 1163 140 1220 Ne
153 1180 231 1220 vero
246 1161 352 1222 mulier
363 1174 391 1224 te
401 1163 497 1224 animo
510 1163 609 1224 oiunes
619 1177 722 1224 ornata
733 1164 868 1244 decipiat,

96 1259 208 1320 Blande
220 1262 358 1342 garriens,
373 1264 477 1322 tuum'
468 1267 619 1344 inquirens
631 1265 789 1344 tugurium.

27 1398 251 1490 mmviga
277 1414 432 1468 eantumt
450 1415 554 1492 morte
575 1401 684 1470 affioit.
711 1401 845 1480 &veiis
866 1404 1055 1484 medeni—

30 1510 93 1580 cisti
112 1513 281 1580 interitum
301 1533 312 1577 ι
336 1525 369 1579 et
389 1512 475 1603 ligno
495 1512 652 1604 alligatus,
679 1515 720 1581 uh
742 1515 830 1584 omui
848 1516 1054 1606 corruptione

29 1619 225 1688 solutuseris.
240 1620 441 1690 Gubernabit
454 1633 487 1688 te
502 1621 644 1690 Verbum
660 1623 731 1700 Dei,
749 1634 781 1688 et
794 1623 975 1712 adportare
986 1645 1054 1690 οω-
1126 1711 1131 1718 ⁶

33 1729 129 1798 iorum
138 1732 278 1824 appellet
290 1732 425 1822 Spiritus
443 1745 582 1800 sanetus.
599 1731 683 1798 Tuan
698 1733 804 1800 Deum
822 1754 933 1798 meum
949 1734 1054 1799 intue-

33 1841 143 1918 beris¹,
154 1845 296 1912 attactis
310 1841 372 1910 illis
382 1843 540 1930 mysteriis
556 1843 741 1920 initiaberis,
756 1853 790 1908 et
804 1843 841 1908 iis
857 1844 953 1909 rebus
967 1842 1056 1910 frua
1075 1907 1078 1916 ,

36 1948 77 2014 ris
93 1972 161 2040 qua
175 1953 208 2019 in
220 1949 307 2019 ciniis
327 1951 503 2028 reooudita,
522 1973 593 2040 que
612 1951 691 2020 mihi
709 1964 864 2020 aswrrata
879 1964 966 2030 suat,
979 1976 1057 2041 quae

40 2061 349 2139 mooeboudioit,
367 2063 476 2128 nscia
488 2077 631 2128 meeum
641 2059 983 2152 alicujueooneramth
1013 2119 1020 2132 ,

116 2201 204 2279 Atqui
217 2200 281 2260 mihi
288 2201 394 2260 videor
406 2199 504 2260 ridere
517 2200 591 2260 duos
602 2199 686 2274 soles,

116 2301 298 2382 &mumque
313 2301 446 2374 Thebas,

36 2441 153 2508 dicebat
172 2443 300 2532 quidem
322 2463 380 2532 per
395 2439 563 2510 simulacra
582 2441 615 2507 in
629 2431 770 2507 furorem
785 2450 887 2518 actus,
903 2456 1053 2532 metaque
1115 2476 1124 2496 ι

32 2553 130 2618 ebrius
140 2553 325 2644 ignorantia.
340 2551 390 2618 hie
402 2574 476 2618 vero
486 2551 556 2638 ejus
568 2549 794 2618 debacchantis
806 2550 983 2627 misereret,
992 2573 1053 2617 nec

31 2685 148 2754 possem
162 2665 377 2740 committere,
397 2663 475 2750 quin
490 2661 536 2728 sic
551 2673 657 2726 mente
674 2658 845 2726 alienatum
858 2659 900 2726 ad
914 2661 1053 2728 sobriam

30 2769 154 2839 sautem
173 2771 331 2840 hortarer.
353 2770 509 2838 Dominus
522 2769 609 2836 euim
623 2768 842 2859 paenitentiam
860 2769 1051 2858 peccatoris,

29 2879 266 2974 haudquaquam
280 2895 388 2950 autum
396 2882 466 2970 ejus
485 2889 620 2946 mortem
635 2877 848 2969 amplectitur.
862 2875 958 2960 Veni,
969 2901 989 2944 o
1001 2878 1053 2946 in-

29 3015 108 3072 sane,
124 3019 189 3062 non
205 2993 331 3060 innixus
345 2989 467 3080 thyrso,
486 3011 591 3079 neque
611 2988 727 3057 hedera
742 2987 917 3056 redimitus.
938 2988 1053 3077 Ahjice

29 3105 161 3182 mitram,
169 3104 276 3192 abjice
287 3101 465 3177 nehridem,
473 3099 541 3165 redi
551 3098 707 3166 adsunam
716 3112 865 3166 mentem.
878 3096 1054 3194 Ostendam

28 3212 79 3280 tihi
91 3211 247 3291 Verbum,
258 3225 291 3278 et
302 3209 399 3278 Verbi
413 3207 576 3298 mysteria,
588 3231 625 3274 ea
639 3209 726 3296 juxta
741 3220 868 3273 tuarum
883 3203 1053 3296 imaginem

28 3345 127 3390 rerum
142 3345 305 3390 enarrans.
323 3319 383 3388 Hie
397 3331 446 3387 est
460 3343 550 3387 mons
565 3317 633 3386 Deo
647 3314 781 3385 dilectus
794 3329 802 3381 t
817 3316 872 3404 qui
886 3313 1052 3403 haudqua-

29 3453 129 3518 quam,
144 3431 242 3498 ueluti
263 3429 438 3504 Cithaerou,
457 3425 616 3518 tragoediis
637 3425 801 3492 materiam
822 3423 973 3514 praehuita
996 3421 1053 3490 sed

30 3541 158 3607 resimis
177 3541 303 3607 actibus
321 3549 523 3606 consecratus
537 3548 595 3602 est.
614 3533 703 3600 Mons
718 3531 854 3609 sobrius,
871 3533 963 3599 castis
980 3557 1050 3599 um*

29 3649 132 3718 hrosus
151 3649 257 3740 sylvis.
278 3649 316 3718 In
331 3671 370 3716 eo
384 3660 491 3715 autem
508 3646 717 3720 bacchantur,
738 3641 825 3710 haud
846 3643 974 3732 quidem
988 3641 1045 3710 sul·

31 3761 107 3827 miae
120 3762 193 3830 ictae
208 3757 350 3828 Semeles
370 3781 505 3836 sereres,
520 3754 687 3833 Maenades,
707 3755 831 3844 impura
848 3753 1051 3824 visceratione

59 3885 139 3938 ¹Vide
152 3889 184 3938 D.
196 3889 308 3952 Gnidon,
320 3905 348 3956 p.
358 3888 416 3954 389.

57 3959 68 3994 ¹
81 3963 251 4028 aestinatae,
260 3981 285 4030 9.
425 3980 429 3991 “
497 3979 500 3986 ’

822 4046 869 4123 14.
