2614 4628
384 255 588 300 cononrrrro
613 258 652 301 an
674 259 805 304 oneras.
1050 247 1130 335 159¹

62 374 135 439 totis
153 373 282 440 viribus
297 373 339 439 sd
355 373 521 441 veritatem
537 375 774 455 contendimus,
792 401 994 472 nequaquam
1008 384 1114 452 adbuc

62 487 113 550 irae
132 483 195 551 lilii
220 508 346 552 sumus.
373 483 533 566 Quocirca
558 509 628 563 nos,
650 489 705 576 qui
725 491 888 580 quondam
903 493 1114 584 improbitatis

61 593 116 660 lilii
128 595 274 673 inimus,
285 597 353 684 jem
362 619 422 686 per
432 595 530 664 Verbi
542 595 745 666 clementiam
757 601 814 668 Dei
830 601 886 668 filii
897 626 1007 670 sumus
1019 606 1110 680 lacti;

62 727 115 771 ros
144 718 264 773 autem
291 719 398 773 vester
423 708 519 774 etiem
543 715 636 798 potita
662 709 871 799 Empedocles
894 713 1115 804 Agrigentinus

61 817 220 884 incessit:

142 981 359 1058 Quamobrem
372 981 550 1060 importunis
562 982 720 1041 excruciati
735 983 824 1056 vitiis,

144 1088 314 1163 Nunquam
328 1082 442 1144 acerbis
454 1083 582 1142 animum
595 1081 746 1142 doloribus
760 1084 903 1144 levabitis.

63 1240 104 1309 Bt
116 1265 191 1332 qna
207 1242 253 1310 de
267 1243 381 1311 reatris
397 1243 456 1308 diis
470 1243 652 1319 traduntur,
669 1243 806 1318 maxima
820 1243 950 1333 quidem
964 1266 1004 1312 ex
1016 1255 1108 1335 parte

67 1351 138 1420 bata
151 1365 232 1420 snut
246 1367 280 1420 et
296 1353 537 1421 commentitia:
553 1364 667 1422 eaeters
678 1363 798 1430 eutem,
815 1376 1025 1444 quaecumque
1038 1377 1112 1426 rere

66 1473 152 1551 gesta
163 1462 265 1528 inisse
276 1473 445 1551 putentur,
457 1462 498 1529 ad
511 1459 608 1528 olium
620 1461 781 1531 neminem
792 1463 981 1553 pertinuisse
992 1487 1112 1532 memo

68 1583 192 1651 rantur,
216 1585 317 1662 quam
343 1572 490 1640 homines
512 1570 643 1640 libidine
664 1585 759 1663 etqua
783 1565 933 1644 omnibus
962 1573 1044 1640 vitiis
1067 1575 1112 1643 in·

70 1681 178 1750 lomes.

158 1826 232 1882 tam
246 1822 322 1881 fastu
336 1821 437 1880 miseri
448 1822 569 1896 erretis,
581 1821 700 1904 verique
711 1821 813 1883 relicto

155 1921 294 1994 Tramite,
305 1941 360 2004 per
370 1920 590 2000 sentes'sugitis,
599 1941 710 2002 perque
719 1921 841 1983 horrida
852 1923 943 2003 spinis

162 2018 261 2078 trevie
271 2024 417 2094 Quorsum
433 2018 550 2078 isthec?
560 2021 663 2096 studiis
674 2021 804 2082 absistite
814 2023 909 2096 venis,

164 2118 460 2200 blortrles,pulsaquc
473 2119 550 2178 diem
561 2121 763 2199 comprendite
776 2133 871 2181 noete.

77 2269 151 2335 llaec
170 2271 260 2336 nobis
285 2271 430 2362 precipit
449 2271 584 2361 Sibylla,
607 2273 772 2360 utriusque
798 2273 887 2348 artis,
917 2271 1109 2362 prophetico

73 2391 164 2468 etque
174 2383 322 2471 poeticas,
335 2383 465 2449 scientie
477 2384 607 2474 insignis
623 2383 785 2474 :praecipit
796 2383 893 2450 etiam
904 2383 970 2472 ipsa
982 2382 1107 2458 veritas,

71 2513 137 2578 quae
152 2491 292 2558 deorum
303 2492 435 2559 turbam
453 2493 539 2561 exuit
554 2493 604 2561 bis
623 2491 818 2560 terribilibus
833 2491 939 2570 larris,
960 2513 1030 2580 quae
1046 2504 1110 2560 atu·

68 2623 177 2690 porem
194 2603 352 2692 imperitis
367 2602 545 2678 incutiunt;
562 2613 594 2669 et
610 2603 773 2692 opiniones
788 2615 908 2669 temere
924 2612 1107 2693 conceptas,

66 2711 191 2778 detecta
214 2714 384 2779 nominum
400 2711 619 2789 similitudine,
635 2712 806 2802 redarguit.
826 2712 883 2780 Est
897 2712 982 2778 enim
998 2736 1014 2778 a
1030 2734 1107 2778 non·

65 2821 158 2888 nullis
175 2823 344 2889 memoriae
357 2822 532 2912 proditum,
546 2835 609 2888 tres
624 2822 719 2888 Joves
733 2817 828 2887 fuisse
844 2844 852 2886 :
870 2845 1009 2910 quorum
1025 2844 1106 2886 unus

64 2934 101 2998 ab
117 2931 256 2998 AEtbere
279 2933 313 2998 in
332 2932 486 3006 Arcadia3
509 2931 614 2998 ceteri
631 2941 740 2996 autem
762 2929 825 2997 duo
844 2953 861 2996 a
878 2929 1030 3004 Saturno,
1053 2928 1107 2994 bic

64 3044 195 3130 quidem
206 3041 241 3108 in
253 3041 363 3119 Creta,
376 3041 456 3108 alter
466 3064 542 3107 vero
553 3063 662 3106 rursus
674 3040 706 3106 in
718 3039 867 3116 Arcadia,
880 3039 1007 3105 oriundi
1018 3051 1103 3104 sunt.

62 3151 146 3218 Sunt
161 3153 261 3217 etiam
277 3176 295 3218 a
311 3151 427 3241 quibus
443 3152 583 3240 quinque
597 3149 745 3216 Minervae
760 3148 965 3217 celebrantur
982 3147 1105 3237 sprima

62 3261 194 3349 quidem
208 3259 425 3337 Atheniensis,
441 3258 576 3326 Vulcani
587 3258 651 3326 filia
666 3283 674 3324 t
689 3259 829 3325 secunde
845 3255 1006 3346 AEgyptia,
1022 3255 1101 3324 Nili:

62 3371 154 3436 tertia
170 3367 318 3444 Saturni,
337 3349 528 3438 cui‘bellicae
549 3371 624 3436 artis
639 3370 778 3438 inventio
794 3369 947 3435 tribuitur
965 3390 974 3433 :
993 3379 1103 3456 quarta

62 3479 163 3554 loris,
179 3503 281 3570 quam
296 3479 444 3547 blessenii
460 3479 624 3546 demetria
643 3498 708 3546 suae
724 3479 853 3546 nomine
876 3476 1103 3568 Corypbasiam

62 3588 305 3680 appellaverunt
314 3612 323 3653 ι
331 3602 505 3679 postrema,
518 3588 666 3656 Pallantis
677 3587 871 3658 etTitanidia
883 3588 1004 3658 Oceani
1016 3588 1101 3666 ttliae,

62 3721 131 3786 quae
146 3721 224 3766 cum
240 3709 369 3787 patrem
386 3722 481 3765 suum
496 3699 591 3788 impie
606 3699 806 3776 trucidasset,
829 3701 898 3788 ejus
917 3699 1013 3789 pelle,
1031 3711 1103 3764 tan-

63 3833 158 3898 quam
179 3810 278 3876 ovino
304 3805 437 3886 vellere,
453 3833 499 3904 se
525 3809 659 3876 ornavit.
690 3809 776 3888 Quin
801 3811 896 3878 etiam
919 3805 1102 3875 Aristoteles

62 3919 245 4008 Apollinem
264 3919 420 4008 primum,
444 3917 577 3988 Vulcani
594 3931 625 3984 et
641 3917 787 3988 blinervae
808 3919 932 4003 (actum
946 3931 994 3984 est
1009 3917 1103 4005 igitur
