2412 4596
165 144 211 224 ko
480 151 655 209 cnutum
679 151 895 206 smmum

152 272 340 376 'discipulus
352 279 542 360 Sonchedis,
556 275 811 373 archiproplrete
822 277 962 370 AEgyptii
973 301 982 348 t
992 277 1076 351 Pisto
1084 294 1166 360 m

165 392 401 484 Sochnuphidis
421 388 646 484 Heliopolitaui
662 414 671 456 ε
687 387 841 460 Eudoxus
859 400 966 458 autem
983 387 1104 458 Cnidius
1119 391 1168 460 Go-

165 502 334 595 nuphidis,
350 501 404 593 qui
417 501 485 594 ipse
497 523 627 591 quoque
637 498 698 568 suit
708 497 887 592 AEgyptius.
902 499 941 568 ln
954 497 1079 590 Dialogo
1088 514 1167 572 tutet

166 614 208 684 de
223 612 347 688 anima,
361 633 470 678 rursus
484 608 611 678 videtur
623 607 714 678 Plato
726 631 898 700 agnoscere
911 605 1119 702 prophetiam,
1131 609 1168 678 in-

164 722 337 790 troducens
350 719 540 814 prophetam
555 716 704 790 Lachesis
716 717 893 787 orationem
908 718 1170 796 corruentem

163 827 252 924 apud
269 851 323 898 eas
340 853 412 922 quae
429 828 625 908 sortiuntur,
647 827 770 898 ammes
785 826 1035 920 predicentem:
1051 838 1083 896 et
1093 826 1170 900 ioll-

162 963 246 1020 maso
260 937 529 1033 sapientissimum
547 936 701 1009 Solonem
715 935 891 1008 introducit
906 935 1078 1006 dueentem
1091 934 1169 1007 rte

162 1049 254 1122 ltere.
279 1048 326 1120 lta
348 1059 455 1118 nutem
479 1045 631 1121 sehabet
652 1045 771 1118 dictio:
793 1044 991 1118 «OSelont
1010 1043 1117 1118 Solon!
1131 1069 1177 1118 ro-

162 1158 290 1230 rGraeci
305 1182 431 1250 semper
451 1159 526 1227 estis
544 1157 657 1252 pueri,
678 1179 775 1244 senex
793 1167 902 1226 autem
919 1153 1029 1224 nullus
1047 1167 1093 1224 est
1107 1155 1170 1228 tre

164 1290 245 1336 »cus
260 1292 269 1334 ε
287 1265 486 1359 disciplinam
497 1267 584 1336 enim
598 1263 718 1336 nullam
733 1263 858 1336 hebetis
869 1286 997 1336 mnam.
1011 1293 1026 1330 r
1038 1264 1170 1336 Domeci-

100 1371 106 1382 '
165 1387 218 1444 tua
232 1387 342 1448 autem
357 1375 493 1448 morales
505 1375 604 1446 libros
619 1373 746 1467 scripsit
759 1372 998 1466 Babyloniooss
1017 1374 1123 1444 dicitur
1132 1399 1170 1446 er-

164 1495 233 1555 tem
240 1483 379 1575 Apicari,
389 1497 541 1577 quemest
552 1486 778 1578 interpretatus
789 1481 996 1565 columnam,
1006 1484 1070 1555 sois
1079 1481 1179 1576 satyra

163 1589 360 1688 adjunxisse.
376 1593 483 1686 Atque
497 1617 538 1662 er
554 1595 623 1686 ipse
641 1593 803 1664 observari
818 1592 884 1664 hoc
896 1605 1027 1688 potest,
1040 1593 1177 1674 nitidius·

162 1715 266 1774 ortas
289 1703 365 1772 dicit
387 1703 600 1783 Danaeius,
618 1702 739 1774 scribit.
759 1701 945 1785 Quinetiam
962 1702 1007 1774 de
1024 1701 1169 1798 seipse&

163 1833 281 1906 magna
301 1835 359 1882 sua
378 1834 412 1882 so
429 1813 551 1904 jactans
569 1803 734 1890 doctrina,
753 1811 817 1880 ait:
834 1811 924 1905 oligo
936 1834 979 1882 ex
992 1811 1052 1892 iis,
1065 1812 1166 1904 qum

163 1934 332 2015 »tempore
343 1921 496 2003 luerunt,
513 1919 666 2013 plurimes
680 1933 782 1990 terras
796 1921 983 2014 peragrari,
999 1943 1040 1990 ea
1053 1943 1168 2015 quapr-

164 2030 241 2103 rcul
257 2043 348 2100 erant
362 2042 487 2102 remote
498 2031 682 2126 inquirens,
693 2040 728 2100 et
739 2030 820 2100 airis
834 2039 868 2099 et
879 2041 974 2100 terre
987 2029 1165 2123 vidiragioss

163 2140 359 2234 spludmas,
373 2153 407 2210 et
422 2141 567 2211 homiues
587 2140 698 2214 doctos
714 2139 820 2212 audiri
833 2138 1013 2232 plurimos,
1028 2138 1164 2212 neciult·

164 2248 299 2320 »cerdis
329 2250 633 2340 committendisque
659 2248 772 2330 lineis,
797 2247 848 2318 rel
872 2271 1014 2330 eorum,
1043 2249 1093 2341 qni
1111 2247 1164 2340 apd

163 2357 353 2452 »AEgyptios
367 2357 603 2452 Arpedonaptae
617 2357 787 2438 dicuntur,
802 2359 972 2452 quisquam
987 2383 1043 2430 me
1059 2359 1168 2428 damon·

164 2470 363 2540 strutionum
378 2470 572 2541 certitudine
583 2469 772 2563 superabat,
787 2469 905 2563 quihus
918 2489 998 2540 cum
1010 2463 1165 2538 emnilurl

164 2579 350 2670 »octoginta
377 2603 479 2649 annos
503 2580 689 2674 peregrinus
714 2577 896 2676 hospesque
920 2591 1064 2648 versatus
1083 2598 1161 2647 sumt

164 2687 252 2758 Adiit
266 2687 354 2768 enim
368 2685 589 2781 Babylonem,
605 2685 769 2760 Persidem
782 2701 817 2759 et
833 2687 1008 2781 AEgyptum
1018 2737 1030 2770 ,
1042 2687 1166 2780 nuptu

164 2809 198 2876 et
215 2796 426 2868 secerdotum
444 2821 479 2866 se
496 2797 643 2890 prebens
662 2793 865 2890 discipulum.
877 2797 1079 2870 Zoroastren
1093 2806 1166 2866 antra

164 2905 296 3000 ttagumy
312 2906 441 2978 Persem
456 2905 651 3000 Pythagorae
667 2905 817 2976 ostendit.
839 2907 904 2991 Qui
921 2905 1048 2978 Prodici
1061 2903 1165 2976 heda

164 3028 421 3110 persequuntur,
440 3013 617 3109 gloriantur·
632 3040 667 3086 se
680 3039 812 3088 arcanos
826 3013 925 3084 libros
942 3014 1039 3108 hujus
1053 3016 1102 3087 riri
1115 3035 1164 3106 ps·

165 3127 279 3197 sidere.
294 3123 474 3196 Alexander
487 3139 607 3207 autem,
617 3127 650 3196 in
662 3123 745 3194 libro
754 3125 794 3194 de
806 3124 966 3216 Symbolis
977 3121 1163 3218 Pythagorici,

11 3235 12 3240 ’
165 3237 264 3304 refert
278 3237 490 3331 Pythagoram
502 3234 598 3303 luisse
609 3233 802 3326 discipulum
816 3235 961 3306 Nonarati
979 3234 1090 3328 Assyrii
1101 3230 1164 3320 (ααῖ

166 3343 242 3413 dem
256 3367 333 3414 eum
347 3344 528 3414 existimant
543 3341 764 3422 Ezechielem,
779 3339 916 3416 sednon
934 3355 1001 3422 est,
1013 3338 1163 3412 utosteodr
1194 3387 1196 3418 .

165 3465 221 3522 tur
231 3458 372 3547 postea)
383 3465 417 3522 et
431 3451 501 3524 vult
513 3465 666 3546 pretereo
679 3451 893 3547 Pythagoram
906 3451 1014 3526 Gallos
1024 3451 1162 3524 radim
1195 3447 1196 3486 ³

166 3562 393 3634 Brachmanae.
409 3563 581 3634 Clearchus
597 3574 707 3634 antem
726 3564 955 3657 Peripateticus
969 3564 1085 3634 dicitas
1098 3576 1160 3628 nota
1194 3577 1196 3640 t

167 3671 340 3761 quemdam
353 3673 521 3754 Judaeum,
536 3697 613 3746 cum
630 3697 696 3768 quo
711 3686 851 3743 versatus
866 3686 916 3743 est
928 3670 1104 3746 mummia.
1116 3667 1160 3735 tte

165 3777 297 3854 reclitus
314 3795 421 3880 autem
441 3807 509 3874 uon
528 3767 733 3870 humtmttu,
758 3785 814 3857 sod
836 3783 985 3862 ‘livinitus
1005 3781 1095 3878 petius
1107 3773 1196 3846 ἲῖαἲ
