2452 4602
219 209 284 298 59⁸
531 225 704 272 ossusnrts
728 226 941 272 ramercurt

220 371 305 428 trore
313 353 426 434 nolint,
434 355 476 422 od
486 353 831 445 famulosoontugtunt,
842 356 1201 431 obsonatorumonsnae

219 481 426 542 structorum,
442 489 617 555 eorumque
636 467 689 554 qui
705 489 817 532 carnes
832 466 866 532 in
881 465 979 532 stusta
999 465 1143 533 artilioioso
1153 467 1201 534 dis-

222 589 342 654 secant,
358 597 506 664 magnam
521 586 663 641 ementes
677 573 925 643 multitudinem.
950 575 987 642 ln
1006 575 1109 642 multas
1125 589 1202 644 ouon

219 702 252 756 et
266 689 366 756 varios
377 699 482 776 partes
493 687 538 751 eis
553 699 627 752 sunt
642 685 732 753 divisi
749 686 947 754 mercenarii.
963 687 1010 754 Ao
1023 686 1144 753 nonnulli
1155 689 1202 775 qoi-

220 802 293 866 dom
308 821 420 864 eorum
435 796 581 862 laborant
595 797 628 862 in
650 798 687 863 iis
703 819 773 887 quae
789 798 831 863 ad
851 796 1039 886 explendem
1053 796 1120 886 gulo
1131 797 1203 886 inglo-

219 911 302 977 viem
322 909 495 999 pertinent,
515 918 699 984 structores,
716 921 749 972 et
768 907 915 974 ciborum
934 909 1116 983 conditores,
1127 920 1153 974 et
1167 907 1205 976 ali

218 1021 346 1110 quidem
361 1017 578 1093 be'llariorum,
591 1015 643 1083 olii
658 1040 734 1083 voro
749 1017 888 1084 liborum
902 1041 941 1086 ao
955 1017 1203 1108 placentarumdi

219 1132 458 1224 pulmentorum
480 1151 518 1195 ec
536 1129 745 1195 sorbitionem
761 1139 835 1195 sunt
849 1129 1075 1218 compositores
1089 1142 1116 1194 et
1128 1129 1204 1195 eroli·

218 1243 294 1308 teeti
311 1264 319 1306 τ
337 1239 389 1306 olii
404 1262 478 1305 vero
494 1248 618 1326 ponunt
632 1261 762 1326 operam
775 1241 808 1305 in
825 1240 966 1307 vestibus
981 1237 1132 1328 superllois
1149 1236 1203 1304 :di

218 1364 325 1419 autom
341 1372 454 1415 aurum
471 1347 665 1426 custodiunt,
687 1362 723 1416 ut
740 1350 878 1440 gryphes
898 1371 906 1414 ε
928 1347 981 1415 olii
999 1360 1203 1438 argentumve·

217 1474 305 1539 vant,
318 1472 350 1528 et
366 1461 550 1549 abstergunt
561 1459 688 1550 pocula,
701 1473 734 1526 et
749 1461 967 1527 conviviorum
983 1471 1137 1549 apparatus
1148 1479 1202 1546 pm·

216 1581 329 1664 parant
354 1593 363 1635 z
386 1569 437 1635 elii
459 1569 574 1636 fricant
595 1571 764 1659 jumenta:
788 1581 994 1658 comparatur
1014 1570 1103 1634 otiam
1118 1567 1150 1631 alt
1164 1563 1202 1630 id

216 1685 310 1751 turba
325 1679 560 1772 pocillatorum,
576 1679 850 1769 formosorumque
867 1678 1100 1748 adolescentum
1117 1669 1202 1767 prpe,

218 1807 369 1882 tanquam
384 1813 550 1881 pecorum,
566 1789 681 1878 quihus
701 1787 863 1878 emulgent
880 1785 1146 1877 pulchritudinem.
1159 1785 1203 1850 01-

218 1913 457 1972 natoresoutem
469 1912 501 1966 ot
512 1898 685 1965 ornatrices
694 1898 879 1966 mulieribus
887 1900 1036 1967 ornandis
1048 1898 1199 1965 deserviunt:

218 2025 252 2080 ot
265 2014 315 2080 hae
331 2012 459 2101 quidem
470 2009 619 2099 speculis,
631 2008 692 2077 illae
707 2021 814 2076 autem
828 2011 925 2087 vittis,
937 2009 1006 2076 aliae
1023 2034 1097 2076 vcro
1110 2013 1204 2100 prend

216 2123 407 2212 pectinibus.
428 2120 575 2187 Eunuchi
591 2118 695 2196 multi,
712 2120 795 2208 iique
817 2117 961 2194 lenones,
980 2132 1136 2209 propterea
1149 2113 1206 2205 prol

217 2235 258 2302 sit
281 2230 445 2325 probohile
468 2254 522 2296 eos
543 2229 665 2296 libidini
683 2254 748 2296 non
773 2253 864 2320 poseo
887 2251 1020 2319 operam
1037 2229 1120 2301 dare,
1134 2223 1225 2312 iisqa?

218 2347 329 2414 volunt
354 2367 466 2410 vacare
490 2339 643 2431 voluptati
663 2341 868 2408 inservientes
887 2340 966 2407 citra
989 2337 1087 2405 ullom
1103 2317 1225 2425 sospitas

219 2480 304 2523 nem.
324 2450 497 2519 Eunuchus
512 2461 620 2515 autem
637 2473 730 2516 verus
747 2461 807 2528 est,
826 2473 890 2516 non
910 2449 964 2538 qui
983 2473 1048 2516 non
1064 2439 1225 2558 potestati}

219 2568 272 2655 qui
289 2588 353 2631 non
366 2561 433 2630 vult
444 2562 520 2627 dore
531 2583 661 2650 operam
673 2559 837 2650 voluptati.
852 2559 1068 2650 Transgressis
1083 2555 1209 2646 itaquel*

220 2676 293 2741 daeis
312 2695 369 2762 per
386 2669 568 2742 Samuelem
584 2671 773 2760 prophetam
795 2671 896 2761 Logos
918 2682 1108 2760 protestans,
1128 2661 1210 2759 petati

164 2829 167 2835 -
218 2778 1210 2873 regempopulononhumanumpolliceturdominum,sodon!

219 2895 292 2961 dom
307 2915 341 2958 se
355 2888 542 2956 insolentem
554 2891 704 2957 daturum
716 2891 761 2957 eis
778 2891 916 2956 minatur
930 2903 1116 2978 tyrannum,
1126 2883 1211 2954 libidil'

123 3003 131 3012 ’
217 3015 250 3080 et
264 2999 417 3090 voluptati
434 2999 578 3064 deditum
598 3021 606 3064 τ
624 3025 638 3060 ι
654 2999 717 3080 Qui
732 3010 864 3075 vestras,
881 2999 1005 3086 inquit,
1026 2997 1106 3068 lilios
1118 2993 1215 3084 accipit

218 3142 232 3175 s
247 3113 279 3178 in
297 3109 532 3200 unguentarias,
549 3131 680 3196 coquas,
692 3120 724 3172 et
737 3107 908 3199 panificas¹
924 3129 932 3172 τ
948 3137 962 3172 s
979 3110 1080 3197 utqui
1098 3103 1213 3192 bellilop

161 3294 164 3300 ,
217 3247 271 3290 eas
285 3221 445 3295 invaserit,
458 3242 522 3285 non
539 3231 646 3284 autem
659 3231 808 3307 sequetur
820 3218 987 3308 pacificam
1003 3217 1169 3308 reipublice
1177 3203 1224 3288 sd}

218 3331 493 3401 ministrationem.
509 3331 550 3396 Et
561 3329 615 3418 qui
631 3327 802 3395 mulierum
817 3329 947 3418 quidem
963 3327 1093 3396 lecticas
1107 3331 1136 3393 in
1145 3309 1224 3396 don}

216 3444 341 3520 tollant,
359 3453 391 3508 et
405 3442 438 3507 in
456 3440 598 3506 humeris
613 3463 666 3506 eas
677 3439 798 3516 lerant,
815 3438 906 3506 multi
927 3436 1009 3507 Gelli
1029 3452 1101 3506 sunt
1118 3462 1126 3504 τ
1143 3431 1215 3502 lanii·

219 3557 304 3623 cium
314 3551 576 3640 autem,telaeque
585 3550 727 3617 texendae
736 3551 920 3627 artificium,
930 3549 1140 3639 muliebreque
1147 3567 1224 3636 opus.

218 3687 257 3731 ao
272 3665 384 3729 domus
399 3661 628 3728 administratio
639 3672 673 3726 et
683 3659 840 3736 custodia,
859 3682 1019 3749 nusquam
1038 3671 1087 3726 est
1102 3685 1110 3725 z
1123 3656 1169 3724 sed
1179 3649 1224 3744 qai}

218 3771 403 3842 mulieribus
422 3769 499 3836 falsa
517 3781 661 3845 narrant,
674 3781 741 3835 toto
753 3768 804 3836 dio
822 3791 897 3836 cum
912 3767 958 3835 eis
974 3782 1145 3844 versantur,
1155 3786 1216 3830 ana·

250 3904 259 3939 ¹
274 3919 283 3952 ι
297 3901 477 3968 Reg.vrrt,13.
