2412 4596
311 279 498 323 ernoutruu
519 281 580 325 nte.
607 281 629 328 1·
947 259 989 322 tt

9 421 80 478 utam
92 404 161 494 legis
171 402 302 470 ferendae
312 401 432 491 peritus
439 402 494 491 qui
508 401 560 478 id,
573 401 661 491 quod
675 403 843 478 convenit,
861 402 987 468 unicui-

9 515 155 608 p'sanimae
168 512 265 602 parti,
282 523 315 575 et
336 511 404 600 ejus
423 509 514 576 factis
537 510 658 576 tribuit.
679 509 781 576 Moses
803 522 932 588 autem,
957 523 992 579 ut

9 623 146 696 smmatim
168 621 288 695 dicam,
314 632 383 686 erat
397 619 447 685 lex
469 620 623 696 animata,
644 643 714 708 quae
724 620 815 708 Logo
831 622 916 686 bono
932 645 993 712 gu-

9 735 166 801 ernahatur.
185 728 438 796 subministravit
458 729 563 815 itaque
584 731 701 794 bonam
723 727 994 818 Reipuhiieaewad·

9 839 175 922 tinistrandae
195 837 359 904 rationem.
384 838 429 902 Ea
451 849 558 904 autem
579 848 627 902 est
655 839 739 903 bona
763 838 911 905 educatio
928 837 992 905 ho-

9 952 94 1020 rinum
108 948 138 1013 in
152 944 308 1012 societate.
327 945 401 1012 Jam
413 968 488 1011 vcro
503 944 686 1012 facultatem
698 947 844 1014 tractavit
855 947 995 1036 judicia-

9 1059 73 1135 hm,
87 1081 150 1145 quac
165 1067 211 1120 est
225 1055 356 1122 scientia
374 1065 558 1144 peccatores
576 1056 772 1144 corrigendi,
789 1069 825 1122 ut
840 1057 996 1146 justitiam

9 1165 103 1236 tunt.
136 1164 284 1255 Ejusdem
310 1175 417 1230 autem
443 1185 520 1230 cum
543 1186 582 1230 ea
613 1163 754 1241 ordinis,
784 1178 833 1231 est
860 1167 996 1255 puniens

9 1274 116 1350 >acuitas,
140 1297 207 1371 quoe
223 1285 311 1340 tenet
339 1272 471 1340 modum
492 1272 526 1338 in
547 1273 721 1361 puniendo.
746 1275 792 1340 Ea
808 1297 901 1380 pero,
920 1274 998 1342 dum

9 1383 235 1460 nnit‚,animam
262 1381 402 1471 corrigit.
427 1381 578 1450 Versatur
600 1392 725 1458 autem,
747 1395 783 1448 ut
805 1383 998 1462 itadicam,

9 1497 47 1570 ‘ru
62 1491 145 1558 Mosis
160 1491 335 1568 institutio,
351 1502 384 1556 et
398 1491 431 1558 in
445 1489 596 1558 docendis
614 1491 669 1569 iis,
697 1492 752 1580 qui
774 1505 907 1582 possunt
929 1517 1000 1560 esse

9 1601 55 1674 tori
67 1613 95 1666 et
110 1600 247 1674 honestir
275 1611 309 1665 et
332 1599 365 1666 in
383 1599 420 1664 iis
435 1599 585 1666 venandis
594 1649 607 1684 ,
624 1600 768 1688 quisunt
789 1600 839 1667 his
855 1599 972 1668 similes
989 1626 997 1667 τ

9 1733 51 1800 pe
64 1711 180 1800 quidem
196 1709 293 1775 fuerit
305 1733 354 1776 ars
369 1708 581 1797 imperatoria.
597 1709 677 1789 Quae
689 1720 796 1776 autem
814 1722 957 1777 versatur.
968 1710 1002 1776 in

9 1831 66 1886 acta
84 1818 195 1884 utendo
212 1817 270 1894 iis,
292 1841 362 1907 quae
378 1816 465 1906 Logo
492 1827 585 1905 capta
608 1829 702 1894 sunt,
726 1841 764 1884 ea
783 1817 878 1883 fuerit
896 1816 1003 1908 legum

9 1921 166 1994 innodarum
179 1927 343 2016 sapientia.
358 1926 435 2015 Ejus
452 1926 560 2000 enim,
575 1936 612 1990 ut
622 1949 694 2014 quse
705 1925 745 1991 sit
757 1927 893 1993 manime
904 1927 1002 2016 regin,

9 2037 190 2125 estproprium
205 2047 239 2102 et
257 2034 433 2124 possidere,
450 2033 555 2099 etuti.
577 2031 689 2101 Solum
708 2035 814 2124 itaque
829 2037 1004 2125 sapientem

9 2141 165 2235 Philosophi,
189 2167 321 2234 regem,
343 2140 575 2232 legislatorem,
595 2143 838 2231 imperatorem,
860 2146 1004 2236 justum,

9 2265 134 2333 andum,
153 2254 222 2321 Deo
245 2253 386 2319 amicum
402 2251 585 2340 praedicant.
607 2251 640 2318 Si
655 2251 725 2318 haec
740 2265 845 2320 autem
864 2253 897 2319 in
919 2253 1006 2320 Mose

9 2365 197 2441 mouerimus,
223 2374 319 2428 uter
333 2361 407 2451 ipsis
427 2360 604 2426 ostenditur
622 2360 814 2452 Scriptus-is,
830 2374 918 2428 recte
939 2386 1008 2450 per-
1058 2353 1065 2370 ’

9 2473 63 2548 uari
83 2473 268 2547 dixerimus,
285 2471 459 2560 sapientem
481 2489 589 2535 revera
610 2493 677 2534 esse
700 2469 819 2537 Mosen.
842 2471 1009 2552 Quemad-

9 2581 185 2672 nodumergo
193 2577 386 2672 pastoralem
393 2589 493 2646 artem
502 2578 726 2646 oviumcuram
738 2603 847 2668 gerere
855 2579 1006 2646 dicimus:
1024 2629 1025 2632 ,
1044 2577 1047 2586 ’

9 2689 57 2755 nde
75 2691 155 2758 enim
178 2691 315 2766 dicitur,
344 2687 430 2777 quod
449 2699 555 2774 pastor
576 2689 675 2772 boatu
695 2687 829 2754 ammam
847 2689 935 2776 pouit
951 2713 1019 2776 pro-

9 2797 98 2866 niitu¹
113 2825 122 2866 z
135 2801 177 2868 ita
187 2797 400 2888 etiamlcgum
410 2797 611 2865 serendarum
623 2811 741 2875 artem,
758 2821 834 2866 oum
840 2798 1009 2866 hominum

9 2909 79 2998 pagis
94 2932 202 2978 curam
217 2920 327 3000 gerat,
350 2932 462 2977 eorum
478 2909 625 2975 virtutem
642 2920 802 2987 astruere,
818 2921 853 2974 et
869 2909 956 2998 quod
976 2910 1010 2974 in

9 3009 47 3080 tlt
56 3019 170 3086 honum
178 3032 247 3095 est,
261 3017 412 3084 suscitare
431 3018 582 3083 dicemus.
600 3017 696 3098 Quod
710 3018 736 3082 si
748 3019 850 3106 gregis
864 3017 1011 3107 allegoria

9 3143 103 3214 pacm
117 3129 287 3194 hominum
300 3127 422 3203 innuit,
438 3127 592 3194 Dominus
606 3127 692 3206 idem
702 3128 763 3192 erit
779 3131 881 3192 honus
896 3139 928 3193 et
943 3149 1012 3217 pas
1087 3177 1094 3188 .

9 3239 39 3296 or
54 3248 83 3300 et
103 3234 281 3326 legislator:
307 3246 339 3301 ct
356 3233 499 3323 ejusdem
524 3235 645 3323 gregis,
669 3257 785 3323 nempe
809 3259 933 3311 earum,
950 3237 1014 3324 qud

9 3335 76 3424 iaus
88 3345 234 3421 audium,
251 3343 348 3410 ovium
363 3341 394 3418 ²,
413 3367 494 3409 unus
518 3355 566 3408 est
582 3355 728 3420 curator,
753 3367 868 3432 nempe
887 3345 934 3422 is,
959 3347 1012 3434 qui

9 3451 142 3518 orditum³
161 3467 195 3519 et
210 3451 501 3541 qaaeritetinvenit,
517 3451 585 3540 iege
597 3451 759 3517 etratione
774 3476 781 3516 :
797 3452 952 3541 siquidem
965 3452 1014 3520 lex

9 3571 44 3638 at
56 3562 239 3650 spiritualis,
259 3575 292 3627 et
308 3585 377 3650 quae
393 3561 433 3626 ad
454 3561 556 3651 ipsam
574 3560 661 3625 ducit
674 3560 914 3653 beatitudinem.
935 3563 1015 3643 Qum

9 3669 67 3736 aiu
78 3673 195 3760 Spiritu
209 3683 322 3738 sancto
335 3671 415 3738 iacta
434 3683 501 3746 est,
528 3681 575 3736 est
591 3667 771 3758 spiritualis.
795 3667 824 3735 la
844 3682 949 3738 autem
967 3681 1015 3736 est

9 3795 88 3846 evera
103 3778 276 3870 legislator,
297 3780 351 3870 qui
372 3803 437 3848 non
454 3778 557 3846 solum
581 3779 664 3844 bona
683 3790 716 3842 et
732 3776 864 3846 honesta
884 3778 1013 3869 profite-

30 3879 714 3974 norm,1i.-²1ttu.ro.-·ruau.xvm,12.

157 4025 200 4066 av.
516 4045 525 4082 ,
890 4002 909 4064 5
