2738 4628
199 203 219 276 l,
525 221 638 270 saaca!
662 223 776 269 tasoni
799 224 859 266 nra.
886 222 905 266 v

173 325 179 334 ¹
199 343 317 410 minem
340 365 504 433 perseam
526 341 790 420 incarnationem,
806 353 841 408 et
860 339 954 408 firme
974 351 1008 406 et
1028 360 1100 405 vere
1122 337 1154 404 in
1176 337 1236 402 ad-

198 464 294 518 ventu
305 474 363 518 suo
380 451 519 519 donante
529 452 621 520 nabis
632 448 893 543 incorruptelam,
905 472 963 540 pcr
973 449 1236 518 communionem

197 585 267 651 quaa
282 571 330 628 cst
341 561 383 628 ad
396 583 488 636 eum;
502 561 665 650 perierunt
680 582 791 628 omncs
806 559 1030 626 baereticorum
1043 555 1208 624 doctrine.

241 669 322 737 Vani
345 671 431 736 enim
453 683 528 736 sunt
553 668 772 760 quipntatira
798 667 910 734 dicunt
934 689 1010 736 eum
1035 665 1231 756 apparuisse.

198 781 268 847 Non
283 769 369 848 enim
385 780 525 869 putative
542 778 623 855 baec,
639 776 695 843 scd
710 778 743 844 in
757 777 931 843 substantia
945 777 1083 842 veritatis
1097 775 1230 842 fiebant.

196 889 230 955 si
249 901 368 964 autem,
387 911 463 956 cum
486 887 584 954 bomo
606 910 680 978 noa¹
693 898 787 962 esset,
803 887 975 976 apparebat
994 885 1108 960 homo;
1128 909 1235 975 neque

195 998 369 1088 quoderat
389 1023 462 1064 vere
482 997 705 1088 perseveravit,
722 996 858 1088 Spiritus
872 997 944 1074 Dei,
957 997 1107 1086 quoniam
1123 997 1235 1064 invisi—

195 1109 266 1176 bilis
288 1122 337 1174 est
357 1107 517 1198 Spiritus:
534 1131 638 1198 neque
659 1108 773 1174 veritas
795 1106 940 1194 quaedam
960 1119 1028 1172 erat
1043 1109 1077 1172 in
1091 1130 1147 1181 eo;
1165 1129 1233 1174 non

194 1219 281 1286 enirn
303 1216 469 1284 illuderet
491 1216 578 1305 quod
597 1216 773 1284 ridebatur.
792 1215 996 1282 Praediximus
1015 1229 1234 1307 autem,quo-

108 1355 116 1364 ·
195 1329 282 1394 niam
303 1326 466 1396 Abrabam
488 1337 521 1393 et
542 1324 655 1416 reliqui
677 1323 842 1415 Prophetae
869 1309 1057 1417 propbetice
1080 1325 1234 1392 videbant

195 1462 285 1513 eum;
304 1438 337 1505 id
355 1439 442 1527 quod
466 1436 610 1504 laturum
631 1449 712 1514 erat,
732 1461 790 1528 per
815 1437 966 1504 visionem
990 1435 1229 1528 prophetantes.

194 1551 229 1618 Si
243 1550 340 1640 igitur
353 1562 386 1616 et
406 1571 493 1617 nunc
514 1547 584 1616 talis
598 1549 756 1638 apparuit,
769 1571 833 1616 non
848 1548 985 1616 existens
1002 1549 1089 1636 quod
1104 1547 1231 1613 videba-

194 1674 259 1738 tur,
271 1661 418 1750 quaedam
433 1661 618 1751 prophetica
634 1659 711 1726 risio
726 1659 807 1726 sacta
823 1671 871 1726 est
886 1658 1082 1736 bominibus,
1095 1670 1127 1723 et
1138 1681 1232 1748 opor

192 1783 239 1836 tet
253 1768 351 1837 alium
365 1782 534 1859 expectare
548 1763 720 1836 adrentum
736 1770 819 1858 ejus,
834 1770 866 1836 in
882 1793 946 1860 quo
961 1767 1032 1836 talis
1050 1768 1111 1837 erit
1128 1767 1230 1858 qualis

191 1903 279 1949 nunc
303 1880 388 1947 visus
410 1893 458 1946 est
480 1879 676 1970 prophetica.
706 1879 912 1947 Ostendimus
931 1890 1053 1958 autem,
1077 1880 1230 1969 quoniam

190 1991 277 2059 idem
290 2002 352 2066 est,
367 1989 508 2079 putativo
523 1990 631 2058 dicere
645 2011 721 2056 eum
737 1989 852 2066 risum,
864 2002 897 2056 et
911 1988 991 2056 nihil
1007 2012 1046 2056 ex
1060 1987 1158 2055 illaria
1173 2011 1231 2055 ac·

192 2100 322 2190 cepisse.
341 2100 452 2189 Neque
469 2100 653 2168 animasset
670 2120 744 2166 vera
763 2099 950 2189 sanguinem
971 2111 1005 2166 et
1022 2121 1151 2165 carnem
1169 2097 1231 2164 ha-

154 2200 156 2206 ’
190 2213 282 2288 bens,
295 2234 353 2301 per
367 2233 463 2301 quam
484 2233 542 2278 nos
564 2201 712 2288 redemit,
729 2211 789 2278 nisi
807 2212 972 2301 antiquam
986 2193 1250 2299 plasmationem'

190 2321 268 2388 ddae
283 2320 316 2388 in
331 2321 535 2410 semetipsum
550 2317 798 2410 recapitulasset.
809 2318 890 2387 Vani
901 2319 997 2408 igitur
1012 2320 1065 2408 qui
1080 2342 1099 2384 a
1115 2317 1231 2385 Valen-

191 2430 258 2496 tino
271 2441 358 2516 sunt,
371 2428 434 2496 boc
446 2427 694 2517 dogmatizantes
711 2429 758 2498 uti
776 2425 947 2496 excludant
963 2426 1097 2496 salutem
1108 2429 1227 2504 carnis,

190 2549 223 2604 et
233 2541 405 2628 reprobent
418 2534 660 2625 plasmationem
674 2535 743 2602 Dei.

166 2691 168 2698 ·
235 2645 316 2713 Vani
336 2658 445 2712 autem
462 2657 495 2710 ot
509 2643 664 2721 Ebionaei,
682 2644 858 2712 unitionem
878 2645 937 2712 Dei
958 2658 991 2712 ct
1012 2646 1149 2713 hominis
1170 2670 1229 2739 per

191 2757 289 2824 lidcm
303 2779 370 2823 uon
385 2754 573 2844 recipientes
585 2755 719 2822 insuam
736 2755 888 2833 animam,
900 2757 957 2823 sed
972 2757 1005 2822 in
1021 2758 1118 2824 veteri
1132 2779 1229 2847 gene-

191 2867 321 2935 rationis
344 2875 580 2955 perseverautes
601 2864 776 2939 fermento:
799 2889 903 2954 neque
926 2866 1101 2958 intelligere
1121 2865 1227 2934 volen-

191 2989 251 3050 tes,
264 2974 415 3063 quoniam
429 2969 564 3060 Spiritus
583 2983 711 3039 sanctus
732 2973 858 3040 advenit
874 2975 906 3042 in
921 2974 1065 3052 blariam,
1078 2987 1110 3042 et
1126 2977 1226 3042 virtus

192 3083 342 3151 Altissimi
368 3081 570 3148 obumbravit
589 3102 660 3146 eam
680 3103 688 3146 s
709 3096 902 3174 quapropter
927 3096 961 3150 et
984 3085 1070 3174 quod
1090 3109 1225 3177 genera-

191 3209 260 3260 tum
275 3205 322 3260 est
338 3204 483 3258 sanctum
498 3203 559 3265 ast,
571 3203 605 3254 et
619 3189 702 3257 lilius
715 3191 866 3259 Altissimi
881 3193 939 3260 Dei
954 3194 1054 3262 Patris
1065 3197 1224 3274 omnium,

192 3304 246 3392 qui
261 3312 410 3392 operatus
424 3313 473 3366 est
486 3299 736 3368 bacernationem
752 3301 835 3390 ejus,
847 3314 880 3371 et
893 3327 1008 3370 novam
1023 3307 1162 3372 ostendit
1173 3331 1227 3398 ge·

183 3413 401 3483 ,uenationem
421 3407 467 3474 uti
482 3409 752 3497 quemadmodum
766 3433 824 3501 per
834 3412 972 3503 priorem
987 3402 1225 3504 generationem

190 3531 329 3589 mortem
343 3516 610 3594 haereditavimus,
622 3519 668 3586 sic
679 3543 737 3610 per
747 3522 982 3611 &serationem
995 3525 1078 3593 bane
1093 3525 1226 3596 baeredi-

190 3645 330 3700 teramus
351 3631 458 3697 vium.
485 3627 669 3720 Reprobant
690 3631 797 3720 itaque
819 3630 853 3700 bi
875 3635 1135 3704 commixtionem
1159 3638 1224 3706 vini

191 3737 389 3840 coelestis,'net
403 3735 504 3804 solam
518 3761 632 3827 aquam
647 3739 831 3808 saecularem
847 3738 957 3810 volunt
971 3764 1051 3820 csse,
1067 3768 1132 3812 non
1144 3749 1224 3816 reci·

193 3831 426 3938 pientesDe'um
440 3849 478 3914 ad
487 3851 840 3918 commixtionemsuam
848 3875 857 3926 ;
867 3838 1103 3942 perseverantes
1115 3871 1223 3927 autem
