2478 4594
190 273 251 338 sie
499 291 673 340 cemento
699 295 909 341 inuenerint

187 411 346 481 »modum
359 413 453 480 luerit
468 435 601 503 corpore
615 413 891 505 praeslentissimos
905 427 938 484 et
950 416 1200 484 tentamentis

188 523 264 610 equi
274 520 394 611 plantet
402 536 587 590 exercentur
600 535 633 589 et
641 537 770 592 strenue
780 526 947 602 comedet,
961 537 995 590 et
1005 535 1123 612 eorpus
1133 537 1198 588 vere

189 629 374 698 »laboribus
385 655 393 696 ε
406 643 571 720 materque
585 633 685 698 futuri
700 633 828 700 inbutis
847 647 878 700 et
893 636 931 698 sit
946 635 1083 699 robusto
1095 653 1197 720 corpore

188 752 291 805 »etse
306 752 488 806 exerceat.»
509 740 633 807 Rursus
648 763 723 806 cum
734 742 890 810 Homerus
903 741 1032 808 dixisset
1045 741 1086 806 de
1096 738 1195 828 clypeo.

187 872 282 938 quem
290 848 461 916 fabricatus
476 860 543 914 eret
560 847 740 918 Velenus:

287 974 443 1034 Tellurem
458 993 602 1054 moreque
615 987 645 1033 et
660 974 772 1036 coelum
789 975 947 1036 fabricatus
962 977 994 1034 in
1006 975 1058 1034 illo
1070 985 1127 1047 est,
1230 1017 1232 1026 Α

287 1075 400 1134 Oceani
411 1091 554 1152 magnum
566 1085 598 1133 et
612 1077 674 1135 rim
690 1076 822 1134 fluminis
837 1076 942 1135 indidit
953 1075 1018 1146 illi,

188 1191 267 1259 dicit
278 1192 477 1281 Pherecydes
490 1193 607 1280 Syrus:
632 1191 721 1260 «zac
737 1193 812 1260 lacit
828 1216 978 1282 magnum
991 1193 1192 1282 pulchriusque

186 1297 361 1390 spodium,
374 1311 407 1366 et
417 1301 503 1366 varie
514 1299 547 1366 in
558 1322 598 1364 eo
614 1300 764 1366 describit
775 1313 892 1368 terrem
908 1313 941 1364 ot
957 1300 1103 1389 Ogenum
1116 1313 1142 1366 et
1153 1301 1188 1364 do

188 1431 286 1476 »mos
297 1406 435 1496 Ogeni.»
451 1409 491 1474 Et
507 1430 582 1476 cum
599 1407 726 1473 dixisset
737 1407 913 1474 Homerus:

287 1533 346 1609 Qui
362 1531 458 1612 pudor
473 1535 536 1612 ipse
548 1531 702 1592 bominem
716 1533 847 1592 multum
863 1531 1005 1609 miteque
1019 1533 1159 1612 juretque

184 1650 354 1742 Euripides
373 1650 484 1716 scribit
500 1650 532 1716 in
546 1649 747 1718 Erechtheo:

288 1779 369 1856 Quid
384 1779 422 1839 de
433 1778 548 1860 pudore
559 1779 663 1839 dixero
677 1797 755 1858 segre
766 1779 897 1858 judicem
911 1799 918 1837 ε

288 1881 420 1960 ligemus
436 1878 509 1954 illo,
525 1898 581 1939 nee
593 1881 683 1938 nimis
695 1897 838 1958 magnum
853 1889 898 1938 est
909 1879 1036 1938 melum.

154 2051 157 2058 .
184 1995 233 2061 Ex
255 2005 368 2061 mutue
382 2006 490 2060 nutem
511 1991 748 2084 comparatione
765 1993 878 2058 furtiva
893 1991 966 2058 loce
988 1993 1179 2080 sumpseris,et

182 2127 222 2168 ex
246 2103 283 2168 iis
304 2103 359 2193 qui
378 2101 472 2170 simul
488 2101 683 2179 floruerunt,
700 2115 733 2167 et
748 2103 781 2168 in
806 2102 917 2168 iisdem
935 2103 1018 2168 inter
1039 2127 1068 2167 se
1084 2123 1169 2168 conten

185 2222 304 2278 terunt.
319 2213 368 2279 Ex
380 2211 532 2303 Euripide
549 2211 677 2299 quidem
693 2211 725 2278 in
742 2209 871 2276 Oreste:

285 2341 392 2400 Somni
405 2339 545 2400 illecebra
559 2352 662 2419 grata,
676 2359 743 2418 quae
759 2340 899 2398 morbum
915 2336 995 2398 leves
1010 2358 1018 2408 ;

182 2467 218 2520 et
230 2452 389 2544 Sophocle
404 2477 444 2518 ex
457 2451 627 2542 Eriphyle:

285 2584 342 2644 dbi
354 2582 391 2641 ed
403 2599 563 2663 soporem,
578 2583 629 2661 qui
644 2581 725 2641 melo
739 2579 810 2642 huie
826 2581 1006 2640 medebitur.

183 2699 223 2768 Et
234 2695 388 2789 Euripide
398 2723 438 2765 ex
454 2699 635 2790 Antigone:

287 2823 421 2884 Notbum
437 2825 520 2884 dedit
533 2823 712 2906 probrosum
728 2834 835 2884 natum
850 2826 972 2884 nomine
990 2842 1000 2894 ;

182 2938 357 3030 Sophocles
369 2952 475 3007 eutem
486 2962 525 3005 ex
538 2937 746 3006 blevedibus:

279 3069 435 3148 Quidquid
445 3070 561 3130 bonum
577 3077 640 3138 eet,
656 3079 793 3128 ueterem
804 3065 893 3128 hebet
909 3067 1000 3128 telem
1011 3083 1125 3145 quoque.

184 3189 304 3260 timeus
318 3187 485 3276 Euripides
502 3187 631 3276 quidem
645 3186 678 3251 in
695 3183 863 3252 Ctimenor

285 3319 403 3375 Etenim
415 3315 509 3374 leboel
522 3313 696 3374 commodat
710 3330 833 3374 menum
849 3313 947 3384 Deus;
1026 3369 1030 3376 .

186 3431 359 3525 Sophocles
374 3432 529 3499 antemio
544 3431 650 3498 Minoe
663 3451 671 3496 ε

289 3564 348 3638 Qui
361 3563 402 3621 nil
415 3572 507 3641 egunt
522 3605 530 3634 ‚
544 3563 579 3619 iis
594 3580 655 3620 non
669 3561 787 3619 iortunn
801 3561 858 3618 lert
869 3578 970 3639 opem.

186 3680 368 3770 Quinetiam
382 3679 548 3768 Euripides
565 3677 694 3766 quidem
706 3700 745 3743 ex
761 3675 962 3744 Alexandro:

286 3809 437 3868 Ostendet
450 3819 551 3868 eutem
565 3818 701 3889 tempus,
718 3827 755 3867 ex
766 3827 898 3885 quonam
911 3807 1003 3866 indice

286 3911 328 3973 Te
344 3909 390 3968 vei
406 3911 536 3991 probum
550 3909 597 3975 rel
612 3909 787 3991 improbum
801 3909 989 3990 cognoverim
1004 3925 1012 3976 ;
