2452 4602
1 588 81 653 itur.
99 587 241 679 Reliquae
258 605 331 660 suut
348 593 429 672 ulie,
442 619 513 684 quae
527 597 732 685 gymnastieae
747 618 812 661 uon
827 594 1007 661 liberalium

10 709 46 764 tae
59 700 238 768 studiorum
250 703 489 772 meditationem
500 704 702 793 profitentur.
716 703 828 771 Modus
840 715 948 770 autem
959 716 1007 769 est

12 806 93 894 ique
103 810 328 900 etteudendus.
345 812 626 892 Quemadmodum
642 814 727 879 euim
742 825 789 880 est
804 815 962 904 optimum
973 826 1008 878 ut

0 915 97 981 bores
111 919 202 985 cibos
217 920 401 1009 praecedant
413 945 421 986 :
435 923 478 987 itu
490 946 586 1011 supra
599 922 731 988 modum
742 922 898 999 laborare,
912 935 961 990 est
975 937 1008 989 et

8 1055 27 1080 a«
46 1025 166 1104 imum,
177 1041 211 1094 et
225 1028 413 1108 molestum,
428 1042 461 1098 et
476 1033 663 1097 morborum
679 1054 785 1098 cause.
803 1032 911 1121 Neque
930 1055 1006 1122 ergo

0 1170 11 1215 μ
26 1149 97 1204 utet
114 1163 184 1206 esse
202 1142 334 1208 omniuo
348 1143 498 1219 otiosum,
512 1167 616 1231 noque
630 1144 756 1232 penitus
774 1142 883 1209 labore
899 1143 1007 1232 fatige-

23 1247 264 1316 ¹1.Sieuteuim
279 1251 320 1316 de
337 1249 488 1318 alimento
503 1252 651 1329 diximus,
667 1253 710 1318 ite
723 1253 821 1319 etium
833 1253 1005 1319 dioeudum

0 1388 15 1411 ³
40 1358 156 1448 ubique
180 1360 213 1426 iu
239 1361 398 1427 omuibus.
423 1360 494 1428 Nou
514 1361 556 1427 ud
578 1360 774 1452 voluptutem
796 1360 1007 1428 luxuriosum-

12 1485 33 1521 ·³
58 1467 216 1537 rationem
236 1471 298 1536 vitu
321 1471 442 1562 egendo
463 1484 532 1537 ost:
550 1495 611 1539 neo
626 1495 734 1540 rursus
753 1469 794 1538 ad
816 1471 1009 1540 contrarium

2 1616 4 1621 s
37 1601 103 1664 quae
133 1577 261 1645 nullum
289 1580 405 1646 habeat
428 1591 729 1670 temperamentum,
756 1579 813 1647 sed
838 1603 909 1647 eam
939 1601 1009 1669 quae

5 1701 60 1756 «ter
80 1691 152 1757 haec
177 1689 320 1756 medium
340 1687 449 1758 locum
471 1692 607 1767 obtinet,
627 1703 739 1780 estque
766 1700 955 1781 temperato,
971 1711 1010 1756 uo

6 1830 27 1855 ιι
41 1813 160 1878 erate,
181 1813 213 1866 et
239 1824 318 1890 pure
342 1803 382 1867 ab
408 1785 544 1891 utroque
568 1803 656 1879 vitio,
680 1800 866 1869 deliciorum
889 1800 1010 1868 seilicet

31 1911 200 1998 parcitatis.
220 1911 294 1978 Jem
309 1908 607 1988 vero,'si0utetia1n
623 1923 696 1976 outo
715 1911 864 1987 diximus,
876 1911 936 1977 sibi
952 1907 1011 2000 ipsi

3 2032 45 2075 ut·
70 2043 138 2096 ere,
155 2033 204 2088 est
214 2021 430 2088 exercitium
445 2020 528 2086 sustu
543 2019 703 2086 alienum:
722 2033 770 2097 ut,
786 2017 921 2109 exempli
936 2043 1009 2108 gra-

17 2178 38 2204 ,‚
51 2131 119 2219 quie
134 2132 194 2221 ipsi
208 2131 269 2198 sibi
286 2129 409 2198 calceos
423 2130 549 2203 induet.
566 2127 662 2217 pedes
677 2127 771 2204 luvet,
787 2125 858 2194 oleo
875 2140 1007 2195 unctum

0 2239 142 2308 mirieet.
166 2241 266 2308 Porro
293 2253 400 2308 autem
427 2241 456 2307 ei
484 2261 613 2329 quoque
638 2237 694 2326 qui
720 2237 842 2303 fricavit
867 2249 1012 2303 mutuum

0 2355 1 2402 t
48 2379 50 2386 ·
72 2373 216 2440 operum,
228 2351 263 2416 id
278 2373 404 2440 quoque
421 2360 469 2415 est
482 2347 759 2414 communicative
773 2346 902 2435 justitiae
920 2369 1012 2411 exer-

0 2491 19 2517 ι·
26 2490 50 2514 ιι
60 2484 92 2526 m
101 2487 109 2527 :
119 2474 154 2527 et
166 2462 305 2529 dormire
315 2463 405 2551 juxta
416 2459 556 2527 amioum
566 2467 790 2548 egrotantem
802 2467 835 2522 et
846 2456 1013 2545 impotenti

10 2569 178 2646 mitram
203 2585 236 2638 et
260 2571 365 2662 egenti
388 2592 425 2634 ea
452 2592 522 2656 quae
545 2579 620 2634 sunt
644 2567 820 2634 necessarie
840 2589 1012 2656 apponere.
1068 2611 1071 2618 ·

1 2675 33 2746 Bt
55 2684 204 2774 opposuit
223 2683 285 2758 eis,
308 2681 428 2770 iuquit,
449 2679 552 2744 tribus
577 2674 740 2744 Abrohom
765 2672 935 2765 prandium
954 2675 1016 2742 eud

1 2789 116 2868 odore,
137 2805 171 2857 et
196 2792 305 2858 astitit
328 2791 374 2856 eie
403 2783 682 2855 comedentibus¹.
705 2783 840 2852 Pisoutio
867 2809 1012 2876 quoque,

2 2902 254 2988 {uemadmodum
267 2899 405 2977 Peto-0²,
422 2900 447 2966 si
468 2899 562 2966 nobis
579 2895 769 2988 superfuerit
790 2920 808 2962 o
829 2895 1014 2964 necessariis

2 3005 63 3098 [ogi
84 3008 255 3101 disciplinis
282 3011 395 3077 otium.
417 3009 494 3076 Haeo
520 3021 569 3075 est
594 3022 702 3075 eutem
722 3006 836 3073 melior
863 3005 1011 3094 piscatio,

2 3139 82 3206 uuum
95 3121 250 3189 Dominus
271 3119 402 3212 largitus
418 3131 466 3188 eet
482 3118 650 3209 discipulo,
664 3119 719 3209 qui
741 3130 895 3207 tauquam
911 3116 1015 3205 pisces

4 3227 290 3318 uaqur,honiw
300 3228 585 3320 pieartdoouu.
998 3219 1000 3224 ¹

26 3377 35 3412 ¹
46 3379 131 3432 (inu.
141 3382 251 3445 xum-8.
262 3409 293 3423 -
303 3381 316 3418 ²
325 3383 401 3436 torn.
412 3397 465 3444 ιιι,
475 3381 538 3433 3.-
547 3379 558 3416 ⁸
567 3381 656 3432 utute
671 3391 706 3440 rr,
719 3377 759 3439 re,
770 3391 807 3442 ro
