2614 4628
236 315 297 396 154
544 341 721 386 cununnrrs
747 327 958 384 suuxsunnrnl

231 457 352 548 ingenti
373 479 508 525 moerore
523 459 679 528 conlecta.
695 459 761 526 Sed
776 460 876 535 enim,
888 458 926 524 iis
940 457 995 548 qui
1012 455 1199 530 initiantur,
1214 475 1281 543 gra-

231 568 313 634 viter
326 591 368 634 ne
381 569 458 659 quiri
476 569 579 637 simile
592 584 700 661 agant,
720 572 754 638 in
769 570 961 638 hodiernum
976 589 1079 656 usqne
1098 565 1193 632 diem
1210 587 1281 654 pro

230 675 378 754 hibetur;
395 680 506 770 utique
520 703 560 747 ne
574 683 673 748 sacris
689 681 802 748 initiati
818 677 980 771 lugentem
992 677 1149 744 Cererem
1157 677 1281 744 imitari

232 788 408 856 videantur.
434 790 595 858 Caeterum
621 791 803 860 Eleusinem
833 814 892 882 per
913 791 946 857 iri
970 801 1097 879 tempus
1115 787 1281 877 indigenas

232 898 362 988 quidam
383 885 577 976 incolebant,
606 923 744 991 quorum
769 901 840 968 hec
861 899 951 966 luere
976 897 1121 973 nomina,
1147 897 1280 970 Baubo,

231 1007 398 1097 llysaules,
421 1009 648 1102 Triptolemus,
669 1010 859 1102 Eumolpus,
875 1021 908 1077 et
921 1007 1095 1078 Eubuleus.
1115 1007 1166 1074 hc
1183 1004 1280 1095 Trip-

232 1116 368 1184 tolemus
383 1119 512 1208 quidem
524 1120 684 1190 huhulcus
693 1135 775 1200 erat,
788 1119 964 1212 Eumolpus
973 1131 1094 1209 pastor,
1106 1113 1278 1186 Eubulum

231 1245 308 1294 vero
319 1225 483 1305 subulcus,
496 1230 661 1320 exquibus
672 1229 950 1320 Eumolpidarum,
961 1251 1089 1297 necnon
1103 1223 1189 1294 illud
1200 1250 1277 1316 prae·

209 1379 213 1391 ·
233 1361 352 1406 conum
371 1363 471 1430 genus
495 1359 661 1410 sacrorum
685 1366 724 1410 ac
745 1341 936 1433 religionum
951 1341 1122 1431 interpres,
1138 1335 1275 1408 Athenis

233 1449 382 1517 effloruit.
400 1450 511 1518 Baubo
527 1451 623 1541 igitur
648 1455 728 1536 (nec
743 1451 829 1517 enim
843 1453 883 1518 ah
898 1449 996 1540 hujus
1007 1450 1104 1516 otiam
1118 1448 1168 1512 rei
1184 1467 1275 1514 com-

232 1559 462 1626 memoratione
482 1561 623 1628 reroenri
645 1583 699 1631 me
713 1560 850 1651 patiar),
863 1581 938 1628 cuna
963 1559 1102 1650 hospitio
1119 1557 1274 1624 Cererem

232 1671 419 1762 excepisset,
444 1670 658 1740 hauriendum
677 1671 706 1737 ei
729 1671 860 1740 cinnum
876 1671 1037 1761 propinat,
1056 1689 1121 1759 qua
1140 1677 1276 1756 propter

231 1781 298 1848 vim
326 1780 442 1849 doloris
461 1781 613 1872 poculum
634 1795 812 1870 potumque
829 1792 1012 1872 respuente,
1035 1777 1088 1846 ille
1110 1774 1275 1866 repulsam

233 1891 365 1961 moleste
380 1894 497 1972 serens,
513 1894 599 1982 quod
622 1917 656 1960 se
678 1894 860 1981 despectam
879 1903 1084 1982 spretumque
1098 1888 1191 1956 luisse
1208 1907 1277 1975 pu-

233 2013 315 2067 taret
327 1999 461 2077 scilicet,
470 2001 609 2069 reductis
620 2004 759 2069 vestihus
774 2001 916 2070 occultas
928 2001 1070 2092 corporis
1080 2011 1184 2089 partes
1192 1997 1276 2062 dirae

232 2107 333 2176 oculis
348 2109 475 2196 objicit;
495 2132 559 2199 quo
582 2109 764 2200 spectaculo
786 2108 954 2188 delectata,
975 2109 1117 2178 oblatam
1134 2108 1195 2174 sihi
1214 2129 1274 2196 po-

232 2220 366 2296 tionem,
383 2243 466 2311 egre
480 2218 568 2297 licet,
585 2221 715 2287 tandem
736 2233 844 2287 mmen
859 2221 970 2289 ehihit
993 2221 1070 2288 ileo
1095 2216 1273 2286 Athenien·

232 2333 318 2398 siuns
331 2332 494 2399 recondite
509 2333 658 2421 mysteria
674 2344 760 2409 sunt,
777 2355 847 2422 que
862 2333 987 2423 scriptis
1008 2329 1161 2420 Orpheus
1177 2326 1272 2394 etiam

232 2443 299 2532 ipse
311 2441 482 2508 mandarit.
502 2443 604 2530 Hujus
617 2463 677 2530 ego
692 2440 750 2508 tibi
765 2465 874 2508 versas
888 2464 1014 2532 quoque
1034 2437 1219 2529 s'uhjiciam,
1238 2449 1272 2500 ut

233 2575 329 2643 quem
345 2563 380 2616 tn
396 2563 617 2642 mystagogum
632 2549 744 2628 habes,
761 2553 910 2619 eumdem
922 2552 1040 2620 habeas
1055 2549 1221 2640 flagitiosae
1235 2569 1272 2614 ac

134 2749 137 2756 Ι
231 2663 333 2751 turpis
344 2662 480 2730 insamiae
495 2674 628 2730 testem:

313 2807 445 2880 Dixerat,
456 2805 621 2868 obscoenam
633 2811 732 2869 Cereri
745 2823 806 2868 turn
821 2821 901 2868 vesto
913 2807 1032 2866 reducta

313 2907 453 2985 Corporis
464 2919 590 2966 ostentat
602 2910 729 2988 speciem
741 2929 749 2981 ;
759 2929 832 2989 puer
846 2919 922 2967 astat
931 2907 1061 2978 Iacchus,

315 3013 411 3082 Quem
426 3007 521 3066 laetata
532 3027 620 3068 manu
634 3011 744 3070 medias
754 2997 901 3071 Bauhonis
914 3010 943 3066 in
954 3009 1037 3066 ulnas

313 3107 437 3186 conjicit
450 3131 457 3166 :
470 3109 538 3168 hinc
550 3109 601 3170 olli
612 3113 755 3184 arridens,
766 3112 904 3190 luctuque
914 3109 1018 3182 soluta,

311 3208 481 3288 Multiplicis
492 3210 652 3269 commixta
660 3211 757 3272 hausit
765 3213 819 3272 dea
831 3211 937 3292 pocula
946 3211 1032 3270 cinni.

235 3337 321 3415 Jam,
337 3335 571 3406 Eleusiniorum
583 3342 808 3429 mysteriorum
819 3341 998 3408 communis
1013 3341 1164 3429 quedam
1182 3341 1270 3431 quasi

234 3458 365 3524 tessera,
380 3446 450 3514 haeo
467 3460 516 3515 est
529 3472 537 3513 :
551 3475 563 3510 ι
575 3450 736 3541 Jejunavi,
749 3453 881 3520 cinnum
900 3452 1000 3526 ebibi.
1016 3455 1130 3543 accepi
1145 3475 1165 3519 o
1178 3453 1267 3525 cistas

235 3568 424 3644 seperatus,
442 3559 475 3624 in
493 3557 654 3627 calathum
669 3562 809 3650 reposui,
831 3584 869 3628 ac
890 3583 1015 3627 rursum
1038 3562 1073 3627 in
1096 3563 1208 3628 cistam
1229 3583 1270 3625 ex

235 3694 248 3728 r
264 3663 401 3731 calatho.
419 3693 432 3726 s
448 3669 578 3759 Egregia
594 3692 670 3737 vero
682 3671 875 3763 spectacula,
889 3695 1021 3761 quaeque
1039 3671 1137 3738 deam
1157 3674 1189 3738 in
1205 3672 1267 3761 pri·

235 3777 295 3844 mis
317 3775 468 3842 deceant!
494 3780 574 3857 imo,
590 3781 684 3871 digna
703 3806 777 3849 sane
794 3783 931 3848 tenebris
953 3781 1082 3870 ignique
1105 3781 1269 3870 mysteria,

234 3888 329 3976 digna
344 3886 524 3974 ingentibus
542 3903 596 3956 aut
611 3893 717 3980 potius
733 3892 869 3958 vanitate
885 3889 986 3982 plenis
1000 3889 1271 3956 Erechthidarum

234 4007 483 4082 caeterorumque
495 3995 680 4072 Graecorum
691 4001 815 4078 ommis,
827 4027 840 4064 r
851 4025 930 4089 quos
941 3999 1071 4092 quidem
1084 4023 1122 4067 ea
1134 4013 1206 4089 post
1217 4002 1271 4064 oh
