2448 4610
262 283 327 336 onis
349 280 438 327 nrrrs
461 261 639 326 subvereri.
891 262 954 346 447

23 404 342 476 iiubumiiemutotio
351 421 390 472 ao
400 426 505 479 casus,
517 403 563 467 uti
575 402 669 468 docet
679 399 793 467 Sermo
802 401 956 468 divinus¹:

23 517 138 606 opiusque
153 515 188 581 ad
208 514 431 580 humaniorem
449 513 607 588 existimo,
623 533 718 600 quom
733 508 861 601 peipere
880 510 962 599 (iili-

23 626 118 715 rditer)
133 625 232 692 divites
247 625 299 710 (et
315 623 459 691 laudibus
475 623 630 712 evehere)
644 645 703 710 pro
718 622 855 709 eoquod
867 620 962 688 mole-

23 737 100 810 tetint,
116 735 249 820 (monitis
263 735 440 810 subvenire,
455 737 509 824 et)
528 732 662 799 sulutem
676 730 735 797 iilis
751 735 960 821 (procurare)

23 843 75 910 ibus
86 841 143 907 fieri
155 853 252 932 potest
264 841 393 914 mediis3
411 842 561 907 nimirum
578 841 681 906 neum
697 840 830 915 orando,
842 842 896 926 qui
912 863 963 906 res

23 951 108 1018 unodi
122 952 178 1018 suis
190 951 258 1018 fiiiis
272 951 406 1018 firmiter
420 973 458 1017 ec
470 950 612 1040 jucunde
627 949 776 1015 fruendos
791 947 961 1039 elargitur:

23 1083 113 1126 utero
126 1061 320 1149 pergratiam
337 1059 507 1127 salvatoris
523 1081 635 1124 eorum
652 1059 764 1124 animis
779 1058 912 1136 mederi,
925 1058 965 1124 il-

23 1169 131 1234 oiraudo
144 1170 224 1236 etad
237 1168 465 1259 capessendum
480 1171 646 1234 veritatem
660 1191 719 1233 nos
740 1168 785 1232 eis
804 1169 902 1234 duces
916 1168 967 1234 of-

23 1279 88 1346 ondo
104 1303 111 1344 ε
125 1303 210 1368 quom
224 1280 368 1368 quisquis·
379 1280 511 1370 adeptus
526 1279 635 1355 fuerit,
647 1280 802 1367 bonisque
817 1279 966 1368 operibus

23 1389 112 1463 tuerit,
130 1387 206 1456 solus
224 1390 293 1456 vitae
313 1403 438 1455 aeternae
458 1389 603 1456 brorium
621 1389 752 1478 proemio
777 1391 960 1478 reportabit.

23 1496 118 1564 iniero
127 1499 231 1578 oratio,
242 1523 314 1587 quse
325 1501 435 1588 utique
446 1498 488 1566 ed
503 1512 680 1565 extremum
694 1499 838 1589 spiritum
850 1500 966 1566 durure

23 1609 72 1683 bet,
84 1612 229 1676 robustum
250 1612 393 1678 animum
414 1622 508 1698 utque
523 1631 692 1677 serenum:
714 1633 810 1700 porro
824 1611 896 1677 vitae
914 1633 967 1677 ru-

23 1735 67 1782 tte
77 1717 229 1808 discipline,
247 1722 382 1809 probum
398 1731 552 1796 mentem,
568 1720 712 1807 aequique
728 1741 766 1786 oc
788 1719 864 1808 justi
878 1732 969 1785 tene-

23 1844 61 1901 n,
78 1839 104 1892 et
122 1851 183 1918 quse
203 1829 244 1894 od
266 1829 374 1897 omnio
397 1828 566 1897 salvatoris
588 1842 746 1918 praeceptu
769 1829 969 1905 extendatur,

23 1933 104 2000 udat

30 2041 60 2108 ll.
78 2043 153 2112 Forte
165 2059 269 2114 eutem
285 2069 350 2114 non
366 2069 467 2114 unum
488 2048 566 2135 quid
581 2047 714 2137 simplex
734 2051 883 2140 estquod
898 2049 973 2126 iecit

23 2151 215 2240 opulentorum
229 2157 315 2225 seius
333 2156 491 2224 difficilior
505 2168 654 2247 uppureut
670 2156 770 2224 solute
786 2180 971 2249 egenorum,

23 2257 137 2329 dditersi
153 2268 271 2354 generis
292 2267 388 2355 hujus
408 2267 489 2332 ratio
505 2263 653 2333 extiterit.
672 2265 733 2333 Atti
748 2269 846 2344 enim,
862 2269 975 2335 cuditis

23 2369 80 2454 ptin
88 2383 116 2436 et
124 2375 330 2461 perfunctorie
342 2375 402 2441 iiiis
413 2375 541 2442 Domini
552 2375 723 2442 salvatoris
735 2377 878 2455 vocibus,
889 2406 902 2438 r
913 2375 977 2444 Fu-

23 2475 82 2544 uiius
91 2485 291 2551 edcumeiunr
306 2485 518 2574 perforamen
534 2509 610 2552 ocus
625 2485 772 2564 transire,
786 2509 881 2575 quum
895 2486 977 2555 divi-

23 2591 174 2673 buintrure
192 2617 326 2685 regnum
348 2594 536 2673 coelorum¹,
555 2625 568 2658 s
584 2596 725 2662 animum
746 2595 977 2688 despondentes

23 2698 60 2761 usi
71 2701 151 2767 ritum
164 2705 294 2770 minime
309 2704 526 2780 consecuturi,
544 2716 578 2769 et
593 2715 740 2792 tunquam
757 2729 895 2796 praesens
908 2705 979 2773 baec

23 2807 104 2874 bools
120 2811 173 2878 diis
196 2812 317 2901 reliqua
332 2814 383 2887 sit,
407 2811 490 2878 iilius
506 2814 661 2880 desiderio
677 2817 832 2904 suspensi,
854 2814 979 2906 longius

23 2915 57 2978 tir
73 2943 130 3006 quse
147 2923 177 2988 iu
197 2922 316 2990 coelum
337 2923 426 2988 ducit
449 2924 658 3000 diverterunt,
674 2947 714 2990 ne
735 2927 1003 3015 pervestigantes·

23 3023 91 3093 idem
103 3034 238 3122 serioque
257 3045 428 3122 pensantes
445 3055 599 3121 quosnam
614 3033 767 3101 Dominus
783 3048 816 3100 et
831 3037 981 3125 magister

23 3134 98 3222 peiiet
109 3139 225 3219 divites,
237 3165 276 3208 uc
288 3166 349 3208 nec
360 3142 521 3231 quomodo
533 3143 618 3231 opud
632 3141 777 3209 homines
789 3141 981 3233 impossibiie

23 3263 48 3307 ro
62 3247 94 3312 sit
108 3252 259 3338 possibile.
279 3250 340 3319 Alii
356 3275 441 3327 vero,
462 3251 525 3318 hoc
540 3252 668 3340 quidem
686 3265 773 3320 recte
788 3253 981 3320 couvenien-

23 3373 81 3441 tque
90 3359 323 3430 intellexeruut:
338 3362 488 3452 neglectis
501 3375 605 3429 temen
618 3387 687 3451 quae
700 3363 740 3429 od
752 3362 885 3429 salutem
896 3385 983 3452 speo-

23 3475 50 3526 Ιῑ
63 3473 205 3555 operibus,
223 3485 378 3561 quantum
393 3497 452 3563 pur
467 3486 535 3539 erat
558 3487 744 3563 apparatum
760 3496 826 3539 non
842 3473 986 3539 iecerunt

23 3579 125 3643 iterun
143 3603 210 3671 quo!
236 3585 270 3649 in
295 3605 349 3672 spe
371 3583 471 3671 posito
494 3593 568 3648 sunt
591 3593 753 3672 compotes
771 3581 983 3649 efficerentur.

23 3683 77 3750 ”bt
90 3688 150 3758 bec
163 3693 248 3760 dicto
269 3715 286 3759 e
302 3715 354 3759 me
370 3705 443 3759 suut
458 3693 498 3758 de
515 3693 664 3759 divitibus
676 3693 791 3781 quibus
806 3703 878 3762 note
894 3705 940 3761 est
956 3705 989 3759 et

26 3917 112 3976 'biettb
123 3947 189 3992 mn,
203 3951 239 3982 ru.
253 3962 282 3970 -
293 3931 304 3967 ²
317 3934 357 3984 ld.
369 3951 420 3994 ω,
430 3935 468 3994 24·
