2614 4628
349 332 554 392 douonrarto
579 347 618 390 an
641 348 773 394 esurus.
1020 324 1079 390 stt

19 461 121 530 lienda
136 465 371 532 commendat.
388 465 443 532 llle
454 479 575 543 sutem,
588 489 649 535 nec
660 467 746 534 enim
758 465 953 558 pererelovi
961 468 1080 542 renuit.

20 573 225 664 discerptum
238 572 450 664 lacerumque
461 577 595 644 cadaver
606 578 640 644 in
650 577 804 644 Parnasso
812 589 922 644 monte
935 577 1077 668 deponit.

16 681 66 749 Sin
76 683 222 774 placeat
237 685 475 775 Corybantium
486 711 613 778 quoque
623 689 713 777 orgia
722 685 947 780 contemplari,
959 710 1000 754 ex
1018 684 1079 754 illis

16 795 74 860 duo
85 794 238 861 tertium
249 795 386 863 fratrem
402 820 477 865 cum
492 797 697 874 occidissent,
714 809 811 887 caput
827 797 987 865 demortui
1004 817 1080 887 pur-

14 927 90 995 pura
115 917 325 973 contectum
340 919 374 972 et
391 930 509 974 corona
527 907 669 975 cinctum
692 908 734 973 nd
756 905 886 998 Olympi
901 907 1017 974 montis
1030 927 1078 972 ra·

16 1014 113 1090 dices,
124 1039 202 1103 quo
214 1013 301 1080 illud
311 1038 395 1082 aereo
406 1028 497 1083 scuto
509 1017 694 1106 impositum
705 997 899 1093 detulerant,
911 1014 1073 1107 sepeliere.

15 1123 88 1190 llaec
98 1121 160 1190 illa
177 1137 262 1190 sunt
274 1122 428 1214 praeclsrs
439 1125 603 1214 mysteria,
616 1129 728 1202 verbo,
740 1126 857 1202 caedes,
867 1148 905 1193 ac
915 1122 1072 1215 sepulcra:

15 1257 158 1323 quorum
183 1236 389 1312 sacerdotes,
406 1241 632 1308 Ανακτοτελὲςαι,
658 1235 748 1325 qussi
770 1257 861 1326 reges
887 1258 1072 1311 sacrorum,

18 1345 56 1412 ab
77 1345 114 1411 iis
136 1369 292 1434 quorum
307 1347 466 1436 ejusmodi
483 1346 650 1438 appellatio
665 1349 796 1413 interest
816 1345 1003 1435 nuncupati,
1020 1369 1076 1412 no·

18 1455 63 1520 ris
76 1457 218 1546 insuper
233 1457 390 1523 monstris
406 1455 526 1522 caedem
546 1456 637 1521 istam
653 1466 857 1546 exaggerant,
873 1454 980 1542 apium
999 1475 1075 1520 cum

20 1579 82 1632 tota
96 1568 216 1634 radice
239 1567 283 1633 ad
298 1591 442 1634 mensam
464 1567 580 1657 apponi
598 1569 729 1634 omnino
750 1565 969 1657 prohibentes,
988 1563 1075 1653 quod

24 1701 59 1742 ex
79 1678 328 1766 Corybantiaco
357 1676 412 1744 illo
441 1679 606 1768 sanguine,
624 1678 679 1766 qui
700 1679 732 1744 in
756 1691 875 1743 terram
897 1676 1074 1751 ellluxerat,

27 1789 129 1876 apium
145 1788 348 1878 germinasse
363 1788 580 1853 arbitrentur:
596 1809 710 1876 nempe
726 1783 999 1875 quemadmodum
1013 1783 1074 1850 illae

29 1895 360 1987 Thesmophoriornm
376 1897 524 1963 antistitae
538 1921 556 1962 a
572 1896 777 1964 comedendis
791 1893 866 1962 mali
881 1896 990 1984 punici
1006 1918 1074 1985 gra-

32 2008 96 2083 nis,
107 2010 135 2073 si
151 2031 223 2098 quaa
237 2010 270 2074 in
283 2021 403 2074 terram
418 2008 607 2084 ceciderint,
622 2007 972 2097 diligenterebstinent,
985 1996 1071 2094 quod

37 2139 78 2182 ex
91 2117 130 2182 iis
148 2119 267 2182 cruoris
282 2117 430 2185 Bacchici
445 2119 542 2208 guttis
557 2116 641 2183 mala
656 2117 773 2206 punica
788 2115 927 2182 extitisse
941 2116 1071 2206 opinen-

35 2239 99 2294 tur.
118 2227 289 2302 Caeterum,
299 2251 371 2294 cum
383 2225 427 2292 illi
440 2228 643 2316 Corybantes
654 2227 731 2290 istos
744 2225 876 2292 Gabinos
887 2225 1068 2299 nominent,

32 2349 100 2401 turn
113 2359 190 2401 rero
201 2333 382 2402 Gabiricum
395 2335 577 2425 hujusmodi
588 2335 709 2400 iactum
720 2347 909 2401 memorant.
927 2334 1068 2422 Quippe,

27 2446 92 2512 dno
107 2447 196 2512 enirn
211 2445 264 2511 isti
284 2444 467 2521 fratricida,
484 2444 598 2511 cistam
612 2441 699 2508 illam
718 2465 829 2509 seeum
845 2417 1023 2508 auferentes
1039 2442 1072 2506 in

23 2581 83 2644 qua
99 2556 224 2624 Raccbi
243 2555 432 2644 pudendum
447 2555 606 2622 inclusum
616 2566 697 2629 eret,
707 2553 739 2618 in
747 2552 897 2620 Tusciam
915 2551 1071 2630 detulere,

21 2669 135 2734 mercis
151 2669 289 2757 egregiae
305 2677 511 2741 mercatores,
528 2653 583 2731 ubi
599 2687 675 2731 cum
689 2661 798 2729 exules
817 2675 960 2753 agerent,
976 2661 1069 2730 lucu·

18 2774 101 2842 lenta
117 2776 299 2842 admodum
314 2775 438 2864 pietatis
454 2774 598 2842 doctrina
625 2774 857 2839 Hetrusoorum
879 2774 1001 2839 animos
1016 2773 1067 2839 in-

17 2887 214 2962 formarunt,
232 2887 313 2952 dum
327 2886 440 2954 cistam
459 2885 496 2950 iis
515 2908 553 2951 ac
568 2897 730 2951 veretrum
749 2907 829 2951 nova
844 2882 996 2973 religione
1009 2905 1066 2948 eo«

15 2995 108 3063 lenda
121 2997 339 3063 tradiderunt.
357 2995 461 3084 Atque
471 2995 556 3062 hanc
565 2993 711 3061 nonnulli
722 3017 851 3062 causam
862 3017 931 3060 esse
940 2992 1067 3067 volunt,

13 3131 85 3196 quse
99 3132 182 3174 sane
194 3104 468 3173 verisimilitudine
480 3130 544 3172 non
559 3117 658 3181 caret,
676 3107 885 3194 quamobrem
897 3103 1064 3170 Bacchum

14 3216 117 3304 ipsum
155 3216 260 3292 Attin,
290 3215 380 3304 quusi
411 3226 572 3288 exectum,
601 3213 827 3302 nuncuparint.
857 3212 1062 3298 Quanquam,
1203 3283 1206 3294 ¹

13 3327 89 3414 qnid
112 3326 238 3392 mirum
257 3326 444 3401 Hetruscos,
462 3323 609 3390 homines
625 3325 792 3399 barbaros,
804 3323 855 3388 his
870 3319 1062 3412 flagitiorum

14 3435 139 3523 probris
164 3435 297 3512 initiari,
320 3459 395 3501 cum
416 3435 476 3526 ipsi
497 3459 625 3524 quoque
643 3434 867 3508 Athenienses,
889 3454 927 3498 ac
950 3430 1061 3522 reliqui

15 3545 146 3611 Greciae
163 3541 288 3634 populi,
305 3544 391 3632 qnod
406 3543 517 3612 mevel
534 3543 651 3610 referre
662 3545 774 3633 pudet,
789 3541 875 3608 illam
889 3543 928 3608 de
944 3542 1059 3610 Cerere

13 3653 172 3730 ubuum,
181 3655 368 3742 usqueadeo
382 3663 507 3744 turpem
519 3653 759 3743 indignamque,
772 3651 1058 3719 retineanti'Enim-

14 3785 86 3828 sero
101 3783 184 3828 cnm
200 3763 232 3827 in
248 3763 428 3852 vestiganda
455 3763 643 3852 Proserpina
670 3761 747 3838 filiu,
771 3760 836 3828 huc
857 3775 952 3850 atque
979 3761 1056 3830 illuc
1083 3781 1094 3800 ⁸

27 3871 214 3939 errabunda
228 3872 325 3938 Ceres
339 3885 517 3963 vagaretur,
530 3872 614 3940 circa
630 3871 811 3938 Eleusinem
830 3873 959 3958 (Attice
977 3871 1066 3950 locus

26 3976 114 4061 est),
137 3969 252 4038 labore
270 3971 443 4050 debilitata,
460 3972 614 4046 constitit,
633 3994 671 4038 ae
685 3981 781 4062 puteo
801 3972 1067 4050 cuidaminsedit,
