2382 4592
292 237 481 284 sraousruu
503 241 564 282 aaa.
593 241 634 284 tv.
925 222 984 301 rat

8 387 55 440 uc,
70 385 140 452 quat
156 363 197 429 de
211 361 408 430 naturalibus
423 363 586 452 principiis
602 376 666 429 eta
680 351 800 430 'Gracia
815 377 847 430 et
866 368 907 432 ab
918 365 985 434 aliis

8 473 109 546 ¹baris,
124 483 224 559 prout
237 471 276 536 ad
287 494 344 536 nos
356 483 568 558 pervenerunt
580 471 757 560 opiniones,
772 473 886 540 tradita
899 487 986 550 sunt,

8 592 72 646 >rtet
87 601 254 644 recensere
263 604 273 652 ς
292 590 324 643 ct
341 579 489 644 adversus
504 580 661 668 praecipua
674 602 807 655 eorum,
824 603 895 668 quae
911 595 985 647 sunt

8 690 120 776 :ogitata
137 686 391 776 aphilosophis,
408 688 629 783 argumentari.
657 687 782 768 Quibus
797 687 892 754 fuerit
903 712 983 756 con-

8 819 100 886 pens,
117 807 151 858 ut
166 807 338 885 postquam
354 793 560 884 Theologiam
577 795 694 861 cursim
709 796 982 883 percurrerimus,

8 953 13 980 ‚
24 926 86 991 quae
94 904 132 968 de
140 901 312 993 prophetia
323 901 438 968 tradita
451 915 544 978 sunt,
558 915 749 971 tractemus:
762 915 878 972 utcum
887 905 983 972 etiam

8 1011 140 1101 ipturas‚
158 1011 276 1098 quihus
293 1010 505 1086 credidimus,
524 1008 641 1076 validas
660 1034 696 1076 ac
710 1023 793 1076 ratas
804 1034 872 1078 esse
885 1013 985 1086 omni,-

8 1120 67 1186 enti
81 1120 270 1186 auctoritato
285 1118 536 1195 ostenderimus,
561 1117 641 1182 serie
658 1119 814 1214 possimus
829 1143 888 1210 per
902 1120 984 1209 ipsas

8 1227 109 1317 agredi,
126 1238 158 1292 et
173 1225 254 1292 hinc
275 1226 423 1290 omnibus
441 1225 617 1290 haeresibus
638 1248 739 1292 unum
754 1226 858 1293 Deum
875 1239 982 1302 oston÷

8 1359 43 1410 a,
56 1347 85 1400 et
100 1335 277 1400 Dominum
293 1334 562 1422 omnipotentem,
585 1334 639 1421 qui
656 1357 714 1422 per
732 1327 841 1423 legem
857 1348 888 1400 et
908 1337 983 1402 Pro-

8 1455 97 1508 ttaset
110 1444 245 1508 boatum
262 1442 358 1507 etiam
373 1440 579 1530 Evangelium
600 1441 660 1506 fuit
683 1441 806 1508 sincere
827 1443 983 1540 praedica-

8 1579 17 1614 r.
30 1549 117 1616 Multa
135 1563 246 1616 autem
269 1561 443 1638 sequuntur
465 1550 556 1615 nobis
579 1549 714 1615 dicenda
738 1551 887 1616 adversus
909 1575 980 1630 eos,

8 1659 86 1726 isunt
101 1659 231 1726 diversa
249 1658 420 1746 opinionis,
437 1658 626 1722 conantibus
642 1681 680 1722 eo
692 1658 725 1722 in
738 1659 862 1747 scriptis
874 1658 982 1725 dissol-

8 1789 42 1842 c,
62 1791 124 1854 quae
147 1769 188 1834 ab
210 1767 287 1854 ipsis
308 1765 501 1841 afferuntur,
523 1777 555 1830 et
569 1763 619 1830 vel
643 1765 747 1829 invitis
769 1767 980 1854 persuadere,

8 1877 102 1963 ripsas
125 1873 347 1941 convincendo
371 1873 561 1961 Scripturas.
587 1872 731 1938 Perleeto
758 1873 864 1964 itaqua
890 1875 981 1940 nobis

8 1981 89 2048 iverso
102 1983 286 2072 proposito,
299 2005 374 2047 cum
386 1981 451 2066 jam
465 1980 738 2054 Commentarios,
754 1979 861 2068 quales
876 1980 982 2047 volue-

14 2089 149 2176 Spiritus,
162 2090 203 2157 ad
219 2112 317 2154 usum
332 2089 503 2154 instantem
519 2087 800 2154 ministraverimus
816 2091 980 2176 (quaednm

8 2197 111 2264 manta
120 2200 287 2287 veritatem
302 2197 434 2263 omnino
445 2196 569 2285 praefari
582 2218 712 2262 necesse
727 2199 793 2286 est)
812 2209 889 2263 tunc
907 2223 980 2267 vere

8 2307 116 2372 uticam
137 2320 261 2377 naturas
287 2306 508 2395 aggrediemur
532 2303 853 2394 contemplationem,
877 2308 979 2394 parvis

8 2423 143 2504 temagna
155 2415 275 2482 initiati
290 2414 460 2506 mysteria,
478 2425 513 2477 ut
531 2437 606 2479 vere
622 2413 734 2478 divinae
751 2436 914 2478 sacrorum
930 2415 981 2480 in-

8 2526 154 2610 pmtationi
170 2523 252 2592 nihil
264 2523 304 2588 sit
320 2523 569 2611 impedimento,
585 2522 672 2610 prius
690 2522 869 2610 expurgatis
885 2534 980 2611 atque

8 2627 115 2698 trustis
131 2635 185 2710 iis,
204 2655 276 2721 quae
298 2642 422 2720 oportet
441 2643 513 2704 ante
533 2631 606 2696 sciri
628 2641 660 2694 et
681 2630 772 2695 tradi.
796 2631 843 2698 Ac
859 2643 979 2698 naturae

8 2735 74 2806 idem
87 2744 260 2809 secundum
273 2741 412 2806 veritatis
428 2736 568 2827 regulum
580 2736 763 2830 disciplina,
782 2762 837 2804 seu
853 2739 978 2828 inspec-

8 2848 119 2932 ›potius,
132 2874 200 2939 quae
213 2875 272 2940 per
281 2848 458 2938 gnosticam
474 2845 676 2912 traditionem
692 2836 881 2934 acquiritur,
894 2839 977 2913 facto
1021 2833 1024 2841 ¹

18 2958 191 3024 ortumundi
205 2957 315 3033 initio,
330 2957 404 3022 inde
422 2955 580 3020 adrerum
597 2949 773 3020 divinarum
786 2953 979 3042 contempla-

8 3081 66 3125 nem
79 3067 224 3131 ascendit.
247 3064 337 3130 Unde
353 3086 480 3138 eorum,
498 3087 568 3150 quta
580 3061 763 3136 tradentur,
784 3062 977 3149 principium

8 3171 152 3249 tructione,
168 3197 238 3261 quae
254 3169 446 3260 aprophetis
470 3167 625 3258 descripta
647 3180 716 3244 est,
740 3167 911 3244 ducemus,
933 3169 978 3233 in-

8 3275 156 3346 misceutes
165 3302 395 3366 nonnunquam
411 3299 481 3365 quae
493 3279 533 3343 ab
545 3277 599 3350 iis,
612 3278 665 3363 qui
687 3263 808 3342 diversa
825 3276 976 3351 sentiunt,

8 3396 114 3463 :untur‚
130 3391 161 3453 et
175 3387 279 3478 quoad
298 3386 423 3454 anobis
443 3385 511 3450 sveri
529 3385 660 3474 poterit,
678 3383 892 3449 dissolventes.
914 3383 991 3464 Sed¹

8 3493 150 3579 squidem
164 3521 239 3562 mox
258 3497 456 3569 scribentur,
470 3495 496 3559 si
512 3490 597 3559 Deus
609 3490 702 3567 velit,
720 3503 752 3556 et
767 3493 976 3582 quemadmo-

8 3619 35 3661 vn
51 3597 95 3666 ille
116 3603 308 3694 inspiraverit
328 3628 336 3667 τ
354 3625 441 3669 nunc
465 3613 570 3667 autom
590 3599 835 3690 aggrediendum
857 3612 904 3666 est
924 3598 972 3676 id}

8 3705 42 3769 cd
61 3709 112 3774 luit
133 3691 356 3802 propositum3'
370 3721 401 3776 et
421 3708 610 3778 absolvenda
635 3733 688 3783 ea,
711 3732 780 3796 quse
803 3711 843 3774 ad
868 3725 973 3774 mores

8 3813 98 3892 rtiuet,
113 3822 219 3887 oratio.
245 3827 248 3834 '
344 3832 349 3842 “
