2412 4596
324 253 515 308 srnouarutt
536 256 598 306 ars.
624 259 647 305 r.
863 309 871 334 ι
962 242 1005 332 57

15 381 111 455 runa
120 377 257 450 motam
274 379 413 449 aaran
427 380 578 452 trasna.
596 381 634 452 aar
650 383 793 453 saeuus
807 352 1007 475 haustra,

15 515 74 566 uem
88 487 198 564 audiuit
211 489 358 562 Socratas
372 514 382 558 r

94 666 137 731 Ex
147 661 191 729 tu
201 663 392 744 aeqottoqous
405 661 566 728 declinarit
578 663 725 748 lapicida,

96 767 215 830 oratoru
228 767 411 845 incantator,

15 933 33 1002 it
41 931 141 1003 Timon
152 932 184 1000 in
199 929 303 1009 stitis,
322 943 491 1025 propterea
506 933 623 1023 quoda
637 931 775 1024 physicis
787 931 953 1005 declinarit
968 936 1009 1006 ad

15 1065 109 1134 nque
119 1040 268 1112 admores
276 1042 449 1132 pertinent.
459 1043 627 1131 Socratem
639 1055 746 1113 autem
758 1067 833 1115 cum
845 1043 1007 1125 audiisset,

15 1151 169 1220 ntistheues
188 1149 340 1240 quidem,
368 1161 488 1220 sectam
516 1150 693 1220 introduxit
721 1151 895 1243 Cynicam,
916 1153 1007 1224 Plato

15 1273 83 1331 rum
101 1259 223 1328 secessit
237 1259 272 1329 in
288 1257 506 1331 Academiam.
517 1258 613 1352 Apud
623 1259 788 1332 Platonem
801 1259 1008 1356 philosopha-

15 1367 237 1448 cursuales,
254 1392 332 1439 cum
343 1370 520 1438 transiisset
535 1369 568 1440 in
582 1369 743 1463 Lyceum,
760 1384 881 1442 sectam
898 1373 1009 1443 condit

15 1479 218 1572 tripateticam.
235 1479 276 1549 Ei
296 1479 440 1548 succedit
454 1478 710 1572 Theophrastus,
727 1480 780 1551 cui
795 1482 938 1562 Straton,
954 1484 1007 1553 cui

15 1611 100 1678 yson,
113 1587 224 1657 deinde
242 1585 423 1667 Critolaiis,
442 1587 558 1658 deinde
572 1587 743 1660 Diodorus.
759 1587 884 1661 Platoni
899 1578 1008 1662 succe-

15 1696 36 1762 it
48 1697 243 1789 Speusippus,
260 1697 293 1764 ci
308 1696 528 1776 Xenocrates,
548 1699 600 1768 cui
621 1697 776 1770 Polemon
798 1723 808 1767 r
825 1697 1006 1772 Polemonis

15 1816 84 1878 utcu
104 1807 257 1876 auditores
282 1806 372 1876 fuere
394 1806 505 1876 Crates
525 1819 559 1876 ct
580 1807 737 1888 Crantor,
758 1808 793 1880 in
815 1831 896 1900 quos
915 1808 1009 1880 desiit

15 1913 251 1986 endeademia.
269 1915 435 1986 Crantoris
446 1928 555 1986 autem
565 1916 626 1988 tuit
637 1917 796 2009 particeps
809 1916 1006 2002 Arcesilatis,

15 2045 76 2112 tque
83 2047 171 2117 usque
183 2023 223 2094 ed
234 2013 440 2118 Hagesilaiim
448 2025 553 2096 media
565 2023 676 2096 floruit
685 2025 868 2098 Academia·
880 2027 1007 2099 Deinde

15 2127 145 2202 tuate
168 2136 316 2205 succedit
343 2133 531 2227 hegesilao,
553 2147 587 2202 et
611 2133 664 2204 alii
685 2134 846 2231 deinceps.
870 2136 1007 2209 Cratetis

15 2251 83 2312 uun
95 2243 259 2337 discipulus
275 2243 338 2315 tuit
347 2243 438 2315 Zeno
453 2243 596 2322 Citieus,
611 2243 795 2316 Stoicorum
810 2258 905 2318 sectae
915 2248 1007 2342 prin-

15 2371 76 2442 sps:
89 2350 157 2423 huic
170 2353 317 2424 succedit
333 2351 523 2432 Cleanthes,
539 2365 613 2448 post
628 2376 725 2443 quem
742 2353 958 2448 Chrysippus,
974 2367 1008 2426 et

16 2455 194 2555 liidcinreps.
211 2461 363 2532 Eleaticea
377 2473 485 2534 autem
500 2459 674 2556 disciplinae
691 2463 840 2556 princeps
861 2465 922 2534 init
937 2465 1009 2537 Xe-

16 2565 132 2656 uphuncs
142 2571 379 2665 Colophonius,
392 2594 489 2664 quem
503 2571 583 2641 dicit
594 2570 732 2640 Timacus
752 2572 849 2642 fuisse
863 2585 1008 2669 tempore

16 2673 135 2760 munh,
146 2683 199 2771 qui
213 2683 248 2752 in
264 2679 371 2750 Sicilia
387 2681 526 2750 obtinuit
540 2680 739 2751 dominatum
747 2729 758 2762 ,
774 2694 807 2751 ct
821 2683 1007 2777 Epicharmi

16 2791 100 2874 pitu:
115 2787 345 2883 Appollcdorus
356 2803 550 2860 autemeam
561 2841 571 2868 ,
583 2813 659 2861 oum
674 2803 766 2876 natus
778 2805 861 2862 esset
872 2793 1007 2884 quadra-

16 2893 93 2982 pum
108 2898 312 2994 Olympiade,
337 2901 518 2994 pervenisse
536 2924 637 2990 usque
651 2901 693 2969 ed
707 2899 851 2994 'tempora
864 2903 953 2972 Darii
974 2915 1009 2972 ct

16 2999 72 3092 itti·
82 3003 281 3102 Xenophanis
295 3033 373 3102 ergo
383 3010 445 3077 tuit
455 3010 581 3078 auditor
590 3008 807 3090 Parmenides,
819 3013 890 3104 ejus
903 3011 1007 3091 Zeno,

16 3107 93 3181 laide
109 3117 304 3212 Leucippus,
327 3117 443 3188 deinde
464 3119 679 3189 Democritus.
703 3119 881 3190 Democriti
899 3133 1009 3192 autem

16 3218 150 3306 aditores,
169 3229 356 3322 Protagoras
379 3227 594 3299 Abderitanae
611 3240 646 3296 ct
665 3227 865 3297 Metrodorus
887 3228 1008 3312 Chius,

16 3326 76 3418 dus
84 3333 230 3429 Diogenes
242 3339 445 3428 Smyrnaeus,
457 3339 551 3431 cujus
566 3337 773 3409 Anaxarchus
788 3362 796 3406 a
814 3339 885 3431 ejus
901 3350 1007 3410 autem

16 3433 138 3524 hohen,
151 3449 243 3540 cujus
259 3447 475 3540 Nausiphanes
496 3471 506 3514 r
528 3448 599 3540 ejus
614 3447 727 3516 dicunt
744 3445 890 3518 nonnulli
910 3447 1008 3517 disci-
1035 3470 1039 3482 “

16 3541 94 3649 ΝΜ]
105 3551 192 3623 irrisae
206 3555 390 3648 Epicurum·
408 3557 450 3626 Et
470 3555 541 3626 hae
559 3569 609 3624 est
629 3556 759 3646 quidem
778 3555 935 3626 successio
949 3581 1009 3626 eo-

16 3669 77 3734 tm,
89 3661 136 3751 qui
151 3663 279 3736 luerunt
296 3665 381 3758 apud
396 3666 542 3747 Graecos,
557 3664 837 3758 philosophorum,
855 3678 1008 3758 tanquam

16 3755 169 3854 totoue.
189 3775 346 3868 Tempora
366 3789 473 3845 autem
487 3798 618 3853 eorum,
637 3776 834 3866 quisnamne
848 3777 1008 3869 principes

16 3877 165 3954 tuusne
179 3885 320 3980 ipsorum
338 3885 558 3982 pitooptriae,
575 3898 650 3958 sunt
664 3885 798 3961 denda
812 3907 1008 3988 conmmen-
