2614 4628
206 257 266 324 nso
513 280 688 326 cnuunnrra
713 281 926 326 aunxaaanua

202 409 370 489 partesque
385 401 526 488 eorporis
546 423 624 489 quas
639 401 743 490 pudor
758 403 923 468 nominare
938 423 1002 466 uon
1022 399 1109 475 sinit,
1133 397 1247 486 impu·
1304 403 1306 462 ἓ

201 507 385 574 dentissime
399 521 592 575 venerentur
605 532 613 573 :
628 521 664 574 ut
678 505 796 599 dupliti
807 511 937 578 nomine
948 509 1118 600 impietatis
1131 530 1171 575 ac
1183 530 1245 573 ne·

112 633 115 644 ·
201 630 280 708 gatae
295 618 465 685 divinitatis
481 620 526 684 rei
539 629 723 693 tercentum
738 617 850 696 altero,
863 619 949 707 quod
960 619 1065 684 Deum
1077 619 1242 708 ignorent,

202 729 279 795 dum
299 751 500 817 nequaquam
516 751 590 794 eum
610 729 665 817 qui
686 751 759 794 vere
774 729 859 794 Deus
874 741 923 795 est
945 739 1139 818 agnoscam
1160 724 1244 792 alte-

200 863 250 915 ro,
271 838 358 928 quod
376 862 430 904 eos
448 861 612 928 superesse
631 839 684 926 qui
703 861 767 904 non
792 851 866 903 suut
883 839 1088 912 arbitrentur,
1104 835 1245 923 illosque
1305 857 1306 860 ¹

200 952 276 1017 deos
292 961 479 1038 nuncupent
494 950 548 1037 qui
563 959 689 1014 tautum
705 972 723 1014 a
739 971 812 1014 vera
827 947 989 1014 divinitate
1007 950 1138 1023 absunt,
1151 957 1189 1010 ut
1201 969 1244 1011 ne

200 1061 358 1153 supersint
375 1059 517 1148 quidem,
535 1081 595 1126 uec
612 1073 729 1150 praeter
744 1081 862 1126 nomeu
879 1058 965 1126 aliud
983 1059 1161 1147 quidquam
1178 1056 1245 1122 sint
1299 1056 1303 1073 '

200 1171 372 1248 consecuti.
392 1169 562 1260 Propterea
578 1192 636 1236 nos
654 1170 816 1260 redarguit
830 1167 999 1259 Apostolus
1019 1189 1028 1233 ε
1045 1193 1058 1229 a
1072 1167 1114 1233 Et
1128 1166 1242 1242 eratis,

200 1309 212 1343 ι
226 1280 384 1369 inquiens,
400 1277 540 1368 hospites
553 1290 814 1344 testamentorum
829 1277 1059 1366 promissionis,
1072 1298 1163 1364 spem
1174 1296 1242 1340 non

198 1418 211 1451 ι
227 1389 391 1463 habentes,
407 1399 440 1452 et
454 1388 522 1452 sine
536 1385 604 1452 Deo
621 1388 653 1452 in
671 1386 793 1452 mundo
803 1385 825 1451 ¹.
841 1415 853 1450 ι
873 1387 960 1454 Bene
976 1397 1078 1452 vertat
1090 1384 1137 1451 illi
1157 1385 1242 1472 Scy·

198 1495 1242 1588 tharamregi,quocumquefueritnomine,quieivemquemdam
1288 1499 1292 1508 '

198 1633 306 1686 sunm,
323 1631 398 1674 cum
414 1630 501 1674 saera
516 1607 624 1674 Matris
640 1608 871 1697 deorumque
887 1608 972 1698 apud
987 1607 1164 1696 Cyzicenos
1180 1607 1240 1672 {ie-

196 1722 287 1796 hans,
298 1719 330 1784 in
342 1717 473 1805 Scythia
485 1718 674 1792 imitaretur,
685 1729 939 1805 tympanumque
948 1715 1100 1806 pulsaret,
1109 1728 1143 1782 et
1150 1737 1242 1805 cym-

196 1825 270 1894 halo
281 1850 299 1892 e
311 1824 393 1892 eollo
408 1824 573 1914 pendenti,
590 1837 741 1913 tanquam
752 1824 952 1915 Menagyrtes
967 1825 1094 1913 aliquis,
1106 1826 1242 1892 insona-

197 1949 259 2014 ret,
277 1936 395 2026 sagittis
410 1935 569 2009 consedit:
586 1947 621 2000 ut
632 1937 686 2022 qui
702 1935 888 2002 Graecorum
903 1935 1035 2004 mollitia
1052 1949 1239 2026 corruptus,
1286 1941 1289 1949 '

198 2049 406 2116 effoeminatas
419 2059 502 2113 artes
516 2047 549 2112 in
565 2045 730 2134 Scythiam
741 2045 1035 2113 inveheret.'Mirari
1050 2049 1149 2137 igitur
1161 2050 1251 2114 sub-.

198 2161 221 2225 it
238 2161 318 2246 (nec
329 2158 415 2224 euim
427 2143 460 2221 id
478 2155 582 2223 tacere
598 2158 763 2246 possum),
780 2156 866 2244 quod
881 2158 1071 2224 Evemerum
1083 2157 1242 2247 Agrigen-

196 2273 312 2345 tinum,
327 2282 359 2335 et
374 2269 564 2336 Nicanorem
580 2268 747 2358 Cyprium,
761 2279 793 2335 et
803 2269 988 2358 Diagoram,
1007 2283 1040 2335 et
1054 2271 1240 2360 Hipponem

129 2369 130 2374 ἵ
195 2378 337 2454 Melium,
361 2390 393 2443 et
415 2377 464 2444 his
485 2376 581 2467 paulo
609 2355 768 2465 juniorem
796 2377 1002 2446 Theodorum
1029 2380 1238 2468 Cyrenaeum,

196 2488 376 2576 multosque
391 2485 469 2553 alios
485 2472 543 2576 qui¹
554 2489 658 2554 sobrie
674 2489 894 2578 sapienterque
906 2491 1002 2556 vitam
1015 2493 1238 2568 instituerunt,

195 2607 227 2665 et
245 2601 286 2666 ad
301 2621 412 2688 pravas
429 2598 468 2663 de
490 2598 549 2663 diis
566 2598 730 2687 opiniones
756 2600 1003 2688 perspicaciores
1021 2600 1153 2689 reliquis
1175 2599 1238 2668 ho·-

195 2709 335 2774 minibus
352 2707 453 2782 suere,
469 2705 578 2772 atheos
594 2707 859 2797 cognominariut.
880 2709 1033 2787 Quamvis
1048 2733 1111 2777 nec
1128 2711 1163 2776 hi
1181 2735 1239 2778 ve-

192 2819 320 2886 ritatem
335 2827 409 2883 suut
424 2817 575 2892 assecuti,
592 2817 648 2882 sed
666 2816 801 2881 aliorum
817 2817 970 2883 duntaxat
985 2841 1109 2884 errores
1125 2843 1238 2886 sense-

194 2940 270 2994 runt
288 2953 296 2994 ε
317 2927 403 3016 quod
418 2926 548 3016 quidem
563 2925 666 3016 ipsum
678 2925 764 2990 haud
780 2926 929 3014 exiguum
941 2939 990 2992 est
1000 2951 1123 3004 semen,
1137 2953 1156 2993 e
1168 2952 1236 3017 quo

193 3037 247 3104 lux
255 3037 378 3122 veritati
390 3037 429 3101 sit
442 3037 611 3101 exoritura.
630 3035 769 3114 Quidam
782 3056 820 3099 ex
831 3034 880 3100 hi's
892 3037 1043 3124 praecepit
1055 3035 1234 3126 AEgyptiis:
1264 3087 1270 3106 ,

202 3174 214 3209 a
227 3147 260 3216 si
274 3148 350 3212 deos
360 3146 557 3221 existimatis,
570 3144 667 3210 nolite
679 3168 732 3209 eos
748 3143 869 3234 lugere,
883 3167 986 3232 neque
997 3145 1149 3234 plangere
1162 3171 1171 3212 ε
1183 3147 1235 3214 sin

193 3286 206 3319 a
221 3281 296 3323 vero
310 3255 435 3345 lugetis,
448 3253 545 3321 nolite
561 3252 694 3343 amplius
707 3255 783 3319 deos
795 3277 862 3320 esse
879 3267 1001 3344 putare.
1017 3255 1130 3323 ›Alius
1142 3281 1235 3335 vero,

192 3389 267 3434 cum
281 3357 480 3433 Herculeme
498 3365 582 3454 ligno
597 3363 769 3430 formatum
781 3367 914 3455 cepisset
926 3367 958 3431 iu
971 3389 1083 3432 manus
1098 3368 1237 3458 (aliquid

189 3477 270 3544 forte
285 3477 371 3543 domi
387 3490 455 3543 tum
471 3478 641 3566 coquebat,
659 3487 694 3541 ut
709 3475 877 3542 verisimile
892 3479 975 3566 est):
990 3503 1003 3536 a
1017 3477 1098 3566 Age,
1116 3480 1234 3568 inquit,

190 3584 380 3662 »Hercules
391 3597 517 3674 tempus
531 3587 596 3674 jam
607 3598 667 3662 est,
682 3598 729 3663 ut,
744 3586 826 3652 sicut
840 3585 916 3653 olim
928 3587 1122 3676 Eurystheo,
1137 3591 1235 3656 nobis

189 3721 202 3755 s
220 3693 315 3757 etiam
338 3691 369 3758 in
390 3691 453 3758 hoc
470 3692 595 3759 decimo
617 3692 709 3758 tertio
731 3692 904 3760 certamine
922 3693 1084 3770 inservias,
1110 3709 1144 3760 et
1163 3697 1234 3765 ¹hoc

189 3829 203 3864 a
218 3801 360 3891 Diagorae
381 3825 471 3891 pares
487 3805 519 3870 in
534 3805 704 3895 prandium
722 3828 729 3869 :
750 3834 762 3868 a
777 3806 863 3882 dein,
880 3829 935 3872 seu
958 3805 1068 3873 inutile
1091 3806 1233 3898 lignum,

220 3914 228 3947 ¹
241 3913 332 3978 Ephcs.
345 3932 371 3973 ιι,
388 3930 425 3965 aa.
