<?xml version="1.0" encoding="UTF-8"?>
<!DOCTYPE html PUBLIC "-//W3C//DTD XHTML 1.0 Transitional//EN"
    "http://www.w3.org/TR/xhtml1/DTD/xhtml1-transitional.dtd">
<html xmlns="http://www.w3.org/1999/xhtml" xml:lang="en" lang="en">
 <head>
  <title>
</title>
<meta http-equiv="Content-Type" content="text/html;charset=utf-8" />
  <meta name='ocr-system' content='tesseract 3.04.00' />
  <meta name='ocr-capabilities' content='ocr_page ocr_carea ocr_par ocr_line ocrx_word'/>
</head>
<body>
  <div class='ocr_page' id='page_1' title='image "./collectioselect00guilgoog_0126.png"; bbox 0 0 2614 4628; ppageno 0'>
   <div class='ocr_carea' id='block_1_1' title="bbox 202 227 920 280">
    <p class='ocr_par' dir='ltr' id='par_1_1' title="bbox 202 227 920 280">
     <span class='ocr_line' id='line_1_1' title="bbox 202 227 920 280; baseline 0.006 -4"><span class='ocrx_word' id='word_1_1' title='bbox 202 227 264 276; x_wconf 67' lang='lat'><strong>120</strong></span> <span class='ocrx_word' id='word_1_2' title='bbox 513 233 686 280; x_wconf 69' lang='lat' dir='ltr'><strong>tutunus</strong></span> <span class='ocrx_word' id='word_1_3' title='bbox 710 235 920 280; x_wconf 68' lang='lat' dir='ltr'><strong>tmanatala!</strong></span> 
     </span>
    </p>
   </div>
   <div class='ocr_carea' id='block_1_2' title="bbox 189 337 1301 1962">
    <p class='ocr_par' dir='ltr' id='par_1_2' title="bbox 189 337 1301 1962">
     <span class='ocr_line' id='line_1_2' title="bbox 189 337 1298 433; baseline 0.005 -30"><span class='ocrx_word' id='word_1_4' title='bbox 189 339 351 410; x_wconf 56' lang='lat' dir='ltr'><strong>,tribuistis</strong></span> <span class='ocrx_word' id='word_1_5' title='bbox 373 337 485 418; x_wconf 85' lang='lat' dir='ltr'><strong>fidem,</strong></span> <span class='ocrx_word' id='word_1_6' title='bbox 507 355 543 407; x_wconf 92' lang='lat' dir='ltr'><strong>ut</strong></span> <span class='ocrx_word' id='word_1_7' title='bbox 567 343 682 409; x_wconf 81' lang='lat' dir='ltr'><strong>bestias</strong></span> <span class='ocrx_word' id='word_1_8' title='bbox 704 344 825 410; x_wconf 88' lang='lat' dir='ltr'><strong>musica</strong></span> <span class='ocrx_word' id='word_1_9' title='bbox 846 342 1020 411; x_wconf 81' lang='lat' dir='ltr'><strong>demulceri</strong></span> <span class='ocrx_word' id='word_1_10' title='bbox 1040 364 1245 433; x_wconf 29' lang='lat' dir='ltr'><strong>posse-cre-</strong></span> <span class='ocrx_word' id='word_1_11' title='bbox 1297 369 1298 372; x_wconf 44' lang='lat'>¹</span> 
     </span>
     <span class='ocr_line' id='line_1_3' title="bbox 198 449 1245 525; baseline 0.005 -12"><span class='ocrx_word' id='word_1_12' title='bbox 198 449 296 524; x_wconf 80' lang='lat' dir='ltr'><strong>datis3</strong></span> <span class='ocrx_word' id='word_1_13' title='bbox 324 471 400 525; x_wconf 83' lang='lat' dir='ltr'><strong>cum</strong></span> <span class='ocrx_word' id='word_1_14' title='bbox 426 452 547 524; x_wconf 84' lang='lat' dir='ltr'><strong>interea</strong></span> <span class='ocrx_word' id='word_1_15' title='bbox 568 451 742 521; x_wconf 87' lang='lat' dir='ltr'><strong>clarissima</strong></span> <span class='ocrx_word' id='word_1_16' title='bbox 763 453 902 520; x_wconf 81' lang='lat' dir='ltr'><strong>raritatis</strong></span> <span class='ocrx_word' id='word_1_17' title='bbox 924 454 1020 522; x_wconf 80' lang='lat' dir='ltr'><strong>iacies</strong></span> <span class='ocrx_word' id='word_1_18' title='bbox 1044 454 1111 520; x_wconf 87' lang='lat' dir='ltr'><strong>sola</strong></span> <span class='ocrx_word' id='word_1_19' title='bbox 1141 453 1245 520; x_wconf 83' lang='lat' dir='ltr'><strong>vobis</strong></span> 
     </span>
     <span class='ocr_line' id='line_1_4' title="bbox 196 557 1245 638; baseline 0.005 -16"><span class='ocrx_word' id='word_1_20' title='bbox 196 557 271 624; x_wconf 87' lang='lat' dir='ltr'><strong>luco</strong></span> <span class='ocrx_word' id='word_1_21' title='bbox 294 581 363 624; x_wconf 90' lang='lat' dir='ltr'><strong>esse</strong></span> <span class='ocrx_word' id='word_1_22' title='bbox 387 559 528 628; x_wconf 90' lang='lat' dir='ltr'><strong>obducta</strong></span> <span class='ocrx_word' id='word_1_23' title='bbox 548 560 706 638; x_wconf 83' lang='lat' dir='ltr'><strong>videatur,</strong></span> <span class='ocrx_word' id='word_1_24' title='bbox 730 559 796 628; x_wconf 88' lang='lat' dir='ltr'><strong>sola</strong></span> <span class='ocrx_word' id='word_1_25' title='bbox 819 561 1000 629; x_wconf 86' lang='lat' dir='ltr'><strong>infidelibus</strong></span> <span class='ocrx_word' id='word_1_26' title='bbox 1022 562 1125 628; x_wconf 85' lang='lat' dir='ltr'><strong>oculis</strong></span> <span class='ocrx_word' id='word_1_27' title='bbox 1154 563 1245 628; x_wconf 89' lang='lat' dir='ltr'><strong>sub-</strong></span> 
     </span>
     <span class='ocr_line' id='line_1_5' title="bbox 196 665 1301 762; baseline 0.005 -30"><span class='ocrx_word' id='word_1_28' title='bbox 196 665 281 758; x_wconf 89' lang='lat' dir='ltr'><strong>jecta</strong></span> <span class='ocrx_word' id='word_1_29' title='bbox 299 667 363 734; x_wconf 78' lang='lat' dir='ltr'><strong>siti</strong></span> <span class='ocrx_word' id='word_1_30' title='bbox 384 667 520 736; x_wconf 87' lang='lat' dir='ltr'><strong>Proinde</strong></span> <span class='ocrx_word' id='word_1_31' title='bbox 538 668 712 745; x_wconf 87' lang='lat' dir='ltr'><strong>Cithaeron,</strong></span> <span class='ocrx_word' id='word_1_32' title='bbox 731 682 764 735; x_wconf 90' lang='lat' dir='ltr'><strong>et</strong></span> <span class='ocrx_word' id='word_1_33' title='bbox 783 669 930 749; x_wconf 90' lang='lat' dir='ltr'><strong>Helicon,</strong></span> <span class='ocrx_word' id='word_1_34' title='bbox 946 684 978 736; x_wconf 83' lang='lat' dir='ltr'><strong>et</strong></span> <span class='ocrx_word' id='word_1_35' title='bbox 994 671 1123 762; x_wconf 84' lang='lat' dir='ltr'><strong>Odrysii</strong></span> <span class='ocrx_word' id='word_1_36' title='bbox 1143 695 1244 738; x_wconf 87' lang='lat' dir='ltr'><strong>mon·</strong></span> <span class='ocrx_word' id='word_1_37' title='bbox 1297 703 1301 712; x_wconf 61' lang='lat'><strong><em>¹</em></strong></span> 
     </span>
     <span class='ocr_line' id='line_1_6' title="bbox 196 775 1245 869; baseline 0.004 -27"><span class='ocrx_word' id='word_1_38' title='bbox 196 788 257 854; x_wconf 87' lang='lat' dir='ltr'><strong>tes,</strong></span> <span class='ocrx_word' id='word_1_39' title='bbox 276 790 308 843; x_wconf 88' lang='lat' dir='ltr'><strong>et</strong></span> <span class='ocrx_word' id='word_1_40' title='bbox 322 776 488 846; x_wconf 87' lang='lat' dir='ltr'><strong>Thracum</strong></span> <span class='ocrx_word' id='word_1_41' title='bbox 507 777 679 855; x_wconf 87' lang='lat' dir='ltr'><strong>telesteria,</strong></span> <span class='ocrx_word' id='word_1_42' title='bbox 696 775 748 845; x_wconf 92' lang='lat' dir='ltr'><strong>illa</strong></span> <span class='ocrx_word' id='word_1_43' title='bbox 764 779 960 869; x_wconf 79' lang='lat' dir='ltr'><strong>deceptionis</strong></span> <span class='ocrx_word' id='word_1_44' title='bbox 972 780 1138 868; x_wconf 86' lang='lat' dir='ltr'><strong>mysteria,</strong></span> <span class='ocrx_word' id='word_1_45' title='bbox 1152 781 1245 846; x_wconf 83' lang='lat' dir='ltr'><strong>divi-</strong></span> 
     </span>
     <span class='ocr_line' id='line_1_7' title="bbox 199 887 1244 982; baseline 0.002 -28"><span class='ocrx_word' id='word_1_46' title='bbox 199 909 277 954; x_wconf 89' lang='lat' dir='ltr'><strong>num</strong></span> <span class='ocrx_word' id='word_1_47' title='bbox 293 888 326 954; x_wconf 93' lang='lat' dir='ltr'><strong>in</strong></span> <span class='ocrx_word' id='word_1_48' title='bbox 342 888 465 956; x_wconf 88' lang='lat' dir='ltr'><strong>cultum</strong></span> <span class='ocrx_word' id='word_1_49' title='bbox 480 889 578 976; x_wconf 88' lang='lat' dir='ltr'><strong>relata</strong></span> <span class='ocrx_word' id='word_1_50' title='bbox 590 901 665 956; x_wconf 88' lang='lat' dir='ltr'><strong>sunt</strong></span> <span class='ocrx_word' id='word_1_51' title='bbox 676 887 866 982; x_wconf 84' lang='lat' dir='ltr'><strong>hymnisque</strong></span> <span class='ocrx_word' id='word_1_52' title='bbox 877 889 1098 957; x_wconf 75' lang='lat' dir='ltr'><strong>celebrantur:</strong></span> <span class='ocrx_word' id='word_1_53' title='bbox 1115 892 1244 980; x_wconf 84' lang='lat' dir='ltr'><strong>quibus</strong></span> 
     </span>
     <span class='ocr_line' id='line_1_8' title="bbox 200 997 1244 1091; baseline 0.007 -29"><span class='ocrx_word' id='word_1_54' title='bbox 200 1020 259 1088; x_wconf 87' lang='lat' dir='ltr'><strong>ego</strong></span> <span class='ocrx_word' id='word_1_55' title='bbox 277 997 521 1078; x_wconf 69' lang='lat' dir='ltr'><strong>calamitatibus,</strong></span> <span class='ocrx_word' id='word_1_56' title='bbox 534 1023 604 1088; x_wconf 80' lang='lat' dir='ltr'><strong>quae</strong></span> <span class='ocrx_word' id='word_1_57' title='bbox 618 999 737 1089; x_wconf 87' lang='lat' dir='ltr'><strong>tragice</strong></span> <span class='ocrx_word' id='word_1_58' title='bbox 748 1002 970 1077; x_wconf 88' lang='lat' dir='ltr'><strong>decantantur,</strong></span> <span class='ocrx_word' id='word_1_59' title='bbox 983 1005 1127 1091; x_wconf 84' lang='lat' dir='ltr'><strong>quamvis</strong></span> <span class='ocrx_word' id='word_1_60' title='bbox 1139 1003 1244 1069; x_wconf 84' lang='lat' dir='ltr'><strong>sabu-</strong></span> 
     </span>
     <span class='ocr_line' id='line_1_9' title="bbox 200 1103 1243 1202; baseline 0.006 -30"><span class='ocrx_word' id='word_1_61' title='bbox 200 1103 245 1174; x_wconf 89' lang='lat' dir='ltr'><strong>las</strong></span> <span class='ocrx_word' id='word_1_62' title='bbox 259 1132 328 1175; x_wconf 88' lang='lat' dir='ltr'><strong>esse</strong></span> <span class='ocrx_word' id='word_1_63' title='bbox 342 1111 497 1189; x_wconf 82' lang='lat' dir='ltr'><strong>noverim,</strong></span> <span class='ocrx_word' id='word_1_64' title='bbox 516 1110 603 1178; x_wconf 92' lang='lat' dir='ltr'><strong>haud</strong></span> <span class='ocrx_word' id='word_1_65' title='bbox 621 1110 734 1178; x_wconf 83' lang='lat' dir='ltr'><strong>leviter</strong></span> <span class='ocrx_word' id='word_1_66' title='bbox 750 1113 933 1201; x_wconf 90' lang='lat' dir='ltr'><strong>perturbor,</strong></span> <span class='ocrx_word' id='word_1_67' title='bbox 954 1124 1130 1202; x_wconf 87' lang='lat' dir='ltr'><strong>utcumque</strong></span> <span class='ocrx_word' id='word_1_68' title='bbox 1150 1115 1243 1181; x_wconf 83' lang='lat' dir='ltr'><strong>inter</strong></span> 
     </span>
     <span class='ocr_line' id='line_1_10' title="bbox 201 1207 1242 1318; baseline 0.009 -35"><span class='ocrx_word' id='word_1_69' title='bbox 201 1242 256 1284; x_wconf 84' lang='lat' dir='ltr'><strong>vos</strong></span> <span class='ocrx_word' id='word_1_70' title='bbox 269 1218 423 1318; x_wconf 81' lang='lat' dir='ltr'><strong>humanae</strong></span> <span class='ocrx_word' id='word_1_71' title='bbox 445 1223 583 1288; x_wconf 80' lang='lat' dir='ltr'><strong>miseriae</strong></span> <span class='ocrx_word' id='word_1_72' title='bbox 597 1222 630 1287; x_wconf 93' lang='lat' dir='ltr'><strong>in</strong></span> <span class='ocrx_word' id='word_1_73' title='bbox 652 1219 756 1288; x_wconf 86' lang='lat' dir='ltr'><strong>scenis</strong></span> <span class='ocrx_word' id='word_1_74' title='bbox 777 1207 995 1311; x_wconf 77' lang='lat' dir='ltr'><strong>repiaesentari</strong></span> <span class='ocrx_word' id='word_1_75' title='bbox 1017 1222 1152 1290; x_wconf 82' lang='lat' dir='ltr'><strong>soleant.</strong></span> <span class='ocrx_word' id='word_1_76' title='bbox 1171 1226 1242 1292; x_wconf 88' lang='lat' dir='ltr'><strong>Sed</strong></span> 
     </span>
     <span class='ocr_line' id='line_1_11' title="bbox 202 1328 1241 1426; baseline 0.008 -32"><span class='ocrx_word' id='word_1_77' title='bbox 202 1328 258 1395; x_wconf 89' lang='lat' dir='ltr'><strong>has</strong></span> <span class='ocrx_word' id='word_1_78' title='bbox 272 1331 401 1418; x_wconf 88' lang='lat' dir='ltr'><strong>quidem</strong></span> <span class='ocrx_word' id='word_1_79' title='bbox 416 1331 596 1398; x_wconf 83' lang='lat' dir='ltr'><strong>fabularum</strong></span> <span class='ocrx_word' id='word_1_80' title='bbox 618 1333 772 1407; x_wconf 90' lang='lat' dir='ltr'><strong>actiones,</strong></span> <span class='ocrx_word' id='word_1_81' title='bbox 789 1355 851 1398; x_wconf 91' lang='lat' dir='ltr'><strong>una</strong></span> <span class='ocrx_word' id='word_1_82' title='bbox 867 1355 942 1399; x_wconf 90' lang='lat' dir='ltr'><strong>cum</strong></span> <span class='ocrx_word' id='word_1_83' title='bbox 957 1336 1071 1423; x_wconf 77' lang='lat' dir='ltr'><strong>poetis,</strong></span> <span class='ocrx_word' id='word_1_84' title='bbox 1084 1338 1139 1426; x_wconf 90' lang='lat' dir='ltr'><strong>qui</strong></span> <span class='ocrx_word' id='word_1_85' title='bbox 1162 1349 1241 1402; x_wconf 86' lang='lat' dir='ltr'><strong>tan-</strong></span> 
     </span>
     <span class='ocr_line' id='line_1_12' title="bbox 201 1440 1242 1532; baseline 0.012 -29"><span class='ocrx_word' id='word_1_86' title='bbox 201 1463 298 1527; x_wconf 86' lang='lat' dir='ltr'><strong>quam</strong></span> <span class='ocrx_word' id='word_1_87' title='bbox 313 1440 522 1507; x_wconf 87' lang='lat' dir='ltr'><strong>Bacchanalia</strong></span> <span class='ocrx_word' id='word_1_88' title='bbox 539 1454 666 1532; x_wconf 83' lang='lat' dir='ltr'><strong>agentas</strong></span> <span class='ocrx_word' id='word_1_89' title='bbox 681 1443 807 1532; x_wconf 89' lang='lat' dir='ltr'><strong>penitus</strong></span> <span class='ocrx_word' id='word_1_90' title='bbox 825 1443 999 1520; x_wconf 90' lang='lat' dir='ltr'><strong>insaniunt,</strong></span> <span class='ocrx_word' id='word_1_91' title='bbox 1016 1459 1048 1512; x_wconf 88' lang='lat' dir='ltr'><strong>et</strong></span> <span class='ocrx_word' id='word_1_92' title='bbox 1063 1447 1147 1514; x_wconf 88' lang='lat' dir='ltr'><strong>ultra</strong></span> <span class='ocrx_word' id='word_1_93' title='bbox 1162 1471 1242 1514; x_wconf 90' lang='lat' dir='ltr'><strong>mo-</strong></span> 
     </span>
     <span class='ocr_line' id='line_1_13' title="bbox 204 1549 1238 1646; baseline 0.009 -32"><span class='ocrx_word' id='word_1_94' title='bbox 204 1549 282 1616; x_wconf 91' lang='lat' dir='ltr'><strong>dum</strong></span> <span class='ocrx_word' id='word_1_95' title='bbox 308 1551 462 1627; x_wconf 89' lang='lat' dir='ltr'><strong>delirant,</strong></span> <span class='ocrx_word' id='word_1_96' title='bbox 489 1553 609 1619; x_wconf 88' lang='lat' dir='ltr'><strong>hedera</strong></span> <span class='ocrx_word' id='word_1_97' title='bbox 635 1553 789 1620; x_wconf 87' lang='lat' dir='ltr'><strong>redimitis</strong></span> <span class='ocrx_word' id='word_1_98' title='bbox 810 1575 900 1620; x_wconf 90' lang='lat' dir='ltr'><strong>more</strong></span> <span class='ocrx_word' id='word_1_99' title='bbox 922 1555 1089 1634; x_wconf 80' lang='lat' dir='ltr'><strong>harabiae,</strong></span> <span class='ocrx_word' id='word_1_100' title='bbox 1112 1557 1238 1646; x_wconf 85' lang='lat' dir='ltr'><strong>Satyris</strong></span> 
     </span>
     <span class='ocr_line' id='line_1_14' title="bbox 204 1660 1238 1754; baseline 0.005 -29"><span class='ocrx_word' id='word_1_101' title='bbox 204 1683 333 1750; x_wconf 88' lang='lat' dir='ltr'><strong>qnoque</strong></span> <span class='ocrx_word' id='word_1_102' title='bbox 356 1662 445 1751; x_wconf 91' lang='lat' dir='ltr'><strong>ipsis,</strong></span> <span class='ocrx_word' id='word_1_103' title='bbox 469 1676 502 1728; x_wconf 91' lang='lat' dir='ltr'><strong>et</strong></span> <span class='ocrx_word' id='word_1_104' title='bbox 522 1664 647 1730; x_wconf 80' lang='lat' dir='ltr'><strong>furente</strong></span> <span class='ocrx_word' id='word_1_105' title='bbox 669 1665 762 1729; x_wconf 86' lang='lat' dir='ltr'><strong>turba</strong></span> <span class='ocrx_word' id='word_1_106' title='bbox 782 1660 1027 1741; x_wconf 82' lang='lat' dir='ltr'><strong>bacchantium,</strong></span> <span class='ocrx_word' id='word_1_107' title='bbox 1049 1663 1238 1754; x_wconf 84' lang='lat' dir='ltr'><strong>reliquoque</strong></span> 
     </span>
     <span class='ocr_line' id='line_1_15' title="bbox 205 1771 1240 1863; baseline 0.002 -27"><span class='ocrx_word' id='word_1_108' title='bbox 205 1771 339 1838; x_wconf 88' lang='lat' dir='ltr'><strong>deorum</strong></span> <span class='ocrx_word' id='word_1_109' title='bbox 353 1773 468 1850; x_wconf 91' lang='lat' dir='ltr'><strong>choro,</strong></span> <span class='ocrx_word' id='word_1_110' title='bbox 489 1775 522 1840; x_wconf 89' lang='lat' dir='ltr'><strong>in</strong></span> <span class='ocrx_word' id='word_1_111' title='bbox 537 1771 725 1839; x_wconf 84' lang='lat' dir='ltr'><strong>Heliconem</strong></span> <span class='ocrx_word' id='word_1_112' title='bbox 735 1783 768 1839; x_wconf 90' lang='lat' dir='ltr'><strong>et</strong></span> <span class='ocrx_word' id='word_1_113' title='bbox 779 1771 1003 1848; x_wconf 77' lang='lat' dir='ltr'><strong>Cithaeronem,</strong></span> <span class='ocrx_word' id='word_1_114' title='bbox 1018 1775 1072 1861; x_wconf 90' lang='lat' dir='ltr'><strong>qui</strong></span> <span class='ocrx_word' id='word_1_115' title='bbox 1083 1775 1147 1863; x_wconf 89' lang='lat' dir='ltr'><strong>jam</strong></span> <span class='ocrx_word' id='word_1_116' title='bbox 1157 1797 1240 1838; x_wconf 91' lang='lat' dir='ltr'><strong>con-</strong></span> 
     </span>
     <span class='ocr_line' id='line_1_16' title="bbox 204 1880 1241 1962; baseline 0.006 -16"><span class='ocrx_word' id='word_1_117' title='bbox 204 1897 391 1959; x_wconf 88' lang='lat' dir='ltr'><strong>senuerunt,</strong></span> <span class='ocrx_word' id='word_1_118' title='bbox 415 1880 626 1949; x_wconf 85' lang='lat' dir='ltr'><strong>includamus.</strong></span> <span class='ocrx_word' id='word_1_119' title='bbox 653 1884 775 1948; x_wconf 90' lang='lat' dir='ltr'><strong>Horum</strong></span> <span class='ocrx_word' id='word_1_120' title='bbox 799 1880 873 1948; x_wconf 90' lang='lat' dir='ltr'><strong>loco</strong></span> <span class='ocrx_word' id='word_1_121' title='bbox 886 1881 1073 1960; x_wconf 85' lang='lat' dir='ltr'><strong>Veritatem,</strong></span> <span class='ocrx_word' id='word_1_122' title='bbox 1093 1909 1170 1962; x_wconf 83' lang='lat' dir='ltr'><strong>cum</strong></span> <span class='ocrx_word' id='word_1_123' title='bbox 1188 1909 1241 1952; x_wconf 83' lang='lat' dir='ltr'><strong>sa-</strong></span> 
     </span>
    </p>
   </div>
   <div class='ocr_carea' id='block_1_3' title="bbox 99 1991 1239 2084">
    <p class='ocr_par' dir='ltr' id='par_1_3' title="bbox 99 1991 1239 2084">
     <span class='ocr_line' id='line_1_17' title="bbox 99 1991 1239 2084; baseline 0.007 -29"><span class='ocrx_word' id='word_1_124' title='bbox 99 2025 105 2034; x_wconf 95' lang='lat'><strong>·</strong></span> <span class='ocrx_word' id='word_1_125' title='bbox 171 2061 174 2066; x_wconf 88' lang='lat'><strong>.</strong></span> <span class='ocrx_word' id='word_1_126' title='bbox 204 1991 321 2079; x_wconf 83' lang='lat' dir='ltr'><strong>pientia</strong></span> <span class='ocrx_word' id='word_1_127' title='bbox 337 1992 399 2058; x_wconf 89' lang='lat' dir='ltr'><strong>late</strong></span> <span class='ocrx_word' id='word_1_128' title='bbox 414 1991 613 2084; x_wconf 82' lang='lat' dir='ltr'><strong>splendente,</strong></span> <span class='ocrx_word' id='word_1_129' title='bbox 628 1993 662 2060; x_wconf 87' lang='lat' dir='ltr'><strong>in</strong></span> <span class='ocrx_word' id='word_1_130' title='bbox 677 2005 825 2059; x_wconf 88' lang='lat' dir='ltr'><strong>sanctum</strong></span> <span class='ocrx_word' id='word_1_131' title='bbox 836 1993 895 2058; x_wconf 89' lang='lat' dir='ltr'><strong>Dei</strong></span> <span class='ocrx_word' id='word_1_132' title='bbox 907 2007 1063 2071; x_wconf 90' lang='lat' dir='ltr'><strong>montem,</strong></span> <span class='ocrx_word' id='word_1_133' title='bbox 1076 2008 1239 2063; x_wconf 90' lang='lat' dir='ltr'><strong>sanctum·</strong></span> 
     </span>
    </p>
   </div>
   <div class='ocr_carea' id='block_1_4' title="bbox 205 2102 1243 3603">
    <p class='ocr_par' dir='ltr' id='par_1_4' title="bbox 205 2102 1243 3516">
     <span class='ocr_line' id='line_1_18' title="bbox 205 2102 1238 2193; baseline 0.004 -25"><span class='ocrx_word' id='word_1_134' title='bbox 205 2127 267 2190; x_wconf 88' lang='lat' dir='ltr'><strong>que</strong></span> <span class='ocrx_word' id='word_1_135' title='bbox 282 2104 514 2193; x_wconf 87' lang='lat' dir='ltr'><strong>Prophetarum</strong></span> <span class='ocrx_word' id='word_1_136' title='bbox 529 2105 664 2180; x_wconf 85' lang='lat' dir='ltr'><strong>chorum</strong></span> <span class='ocrx_word' id='word_1_137' title='bbox 683 2102 796 2169; x_wconf 88' lang='lat' dir='ltr'><strong>ecoelo</strong></span> <span class='ocrx_word' id='word_1_138' title='bbox 812 2102 1018 2170; x_wconf 87' lang='lat' dir='ltr'><strong>deducamus.</strong></span> <span class='ocrx_word' id='word_1_139' title='bbox 1038 2107 1114 2172; x_wconf 82' lang='lat' dir='ltr'><strong>Haec</strong></span> <span class='ocrx_word' id='word_1_140' title='bbox 1129 2119 1238 2172; x_wconf 91' lang='lat' dir='ltr'><strong>autem</strong></span> 
     </span>
     <span class='ocr_line' id='line_1_19' title="bbox 206 2212 1236 2300; baseline 0.001 -21"><span class='ocrx_word' id='word_1_141' title='bbox 206 2213 378 2280; x_wconf 86' lang='lat' dir='ltr'><strong>clarissima</strong></span> <span class='ocrx_word' id='word_1_142' title='bbox 399 2240 456 2281; x_wconf 92' lang='lat' dir='ltr'><strong>sna</strong></span> <span class='ocrx_word' id='word_1_143' title='bbox 473 2214 545 2280; x_wconf 87' lang='lat' dir='ltr'><strong>luce</strong></span> <span class='ocrx_word' id='word_1_144' title='bbox 561 2237 671 2280; x_wconf 90' lang='lat' dir='ltr'><strong>omnes</strong></span> <span class='ocrx_word' id='word_1_145' title='bbox 685 2213 844 2286; x_wconf 86' lang='lat' dir='ltr'><strong>homines,</strong></span> <span class='ocrx_word' id='word_1_146' title='bbox 857 2212 913 2300; x_wconf 91' lang='lat' dir='ltr'><strong>qui</strong></span> <span class='ocrx_word' id='word_1_147' title='bbox 933 2212 966 2278; x_wconf 93' lang='lat' dir='ltr'><strong>in</strong></span> <span class='ocrx_word' id='word_1_148' title='bbox 989 2216 1130 2280; x_wconf 88' lang='lat' dir='ltr'><strong>tenebris</strong></span> <span class='ocrx_word' id='word_1_149' title='bbox 1153 2214 1236 2282; x_wconf 79' lang='lat' dir='ltr'><strong>rolu-</strong></span> 
     </span>
     <span class='ocr_line' id='line_1_20' title="bbox 205 2321 1239 2415; baseline 0.004 -27"><span class='ocrx_word' id='word_1_150' title='bbox 205 2337 327 2400; x_wconf 87' lang='lat' dir='ltr'><strong>tantur,</strong></span> <span class='ocrx_word' id='word_1_151' title='bbox 346 2326 487 2415; x_wconf 88' lang='lat' dir='ltr'><strong>undique</strong></span> <span class='ocrx_word' id='word_1_152' title='bbox 502 2323 652 2397; x_wconf 68' lang='lat' dir='ltr'><strong>illustrata</strong></span> <span class='ocrx_word' id='word_1_153' title='bbox 673 2335 706 2389; x_wconf 88' lang='lat' dir='ltr'><strong>et</strong></span> <span class='ocrx_word' id='word_1_154' title='bbox 722 2321 941 2412; x_wconf 86' lang='lat' dir='ltr'><strong>intelligentia,</strong></span> <span class='ocrx_word' id='word_1_155' title='bbox 962 2334 1115 2414; x_wconf 90' lang='lat' dir='ltr'><strong>tanquam</strong></span> <span class='ocrx_word' id='word_1_156' title='bbox 1132 2329 1239 2415; x_wconf 89' lang='lat' dir='ltr'><strong>opitu-</strong></span> 
     </span>
     <span class='ocr_line' id='line_1_21' title="bbox 205 2433 1236 2525; baseline 0.003 -25"><span class='ocrx_word' id='word_1_157' title='bbox 205 2433 316 2502; x_wconf 89' lang='lat' dir='ltr'><strong>latrioe</strong></span> <span class='ocrx_word' id='word_1_158' title='bbox 329 2435 459 2514; x_wconf 87' lang='lat' dir='ltr'><strong>dextra,</strong></span> <span class='ocrx_word' id='word_1_159' title='bbox 475 2447 639 2525; x_wconf 63' lang='lat' dir='ltr'><strong>porrecta„</strong></span> <span class='ocrx_word' id='word_1_160' title='bbox 652 2457 692 2499; x_wconf 83' lang='lat' dir='ltr'><strong>ex</strong></span> <span class='ocrx_word' id='word_1_161' title='bbox 705 2434 869 2500; x_wconf 86' lang='lat' dir='ltr'><strong>erroribus</strong></span> <span class='ocrx_word' id='word_1_162' title='bbox 882 2434 916 2498; x_wconf 92' lang='lat' dir='ltr'><strong>in</strong></span> <span class='ocrx_word' id='word_1_163' title='bbox 932 2433 1067 2501; x_wconf 88' lang='lat' dir='ltr'><strong>salntem</strong></span> <span class='ocrx_word' id='word_1_164' title='bbox 1084 2438 1236 2503; x_wconf 85' lang='lat' dir='ltr'><strong>vindicet.</strong></span> 
     </span>
     <span class='ocr_line' id='line_1_22' title="bbox 206 2543 1240 2623; baseline 0.007 -13"><span class='ocrx_word' id='word_1_165' title='bbox 206 2544 290 2612; x_wconf 87' lang='lat' dir='ltr'><strong>Tum</strong></span> <span class='ocrx_word' id='word_1_166' title='bbox 311 2545 369 2623; x_wconf 92' lang='lat' dir='ltr'><strong>illi,</strong></span> <span class='ocrx_word' id='word_1_167' title='bbox 390 2544 520 2612; x_wconf 88' lang='lat' dir='ltr'><strong>sublatis</strong></span> <span class='ocrx_word' id='word_1_168' title='bbox 544 2543 658 2618; x_wconf 91' lang='lat' dir='ltr'><strong>oculis,</strong></span> <span class='ocrx_word' id='word_1_169' title='bbox 680 2569 698 2610; x_wconf 94' lang='lat' dir='ltr'><strong>e</strong></span> <span class='ocrx_word' id='word_1_170' title='bbox 718 2545 858 2609; x_wconf 85' lang='lat' dir='ltr'><strong>tenebris</strong></span> <span class='ocrx_word' id='word_1_171' title='bbox 880 2545 1069 2622; x_wconf 88' lang='lat' dir='ltr'><strong>emicantes,</strong></span> <span class='ocrx_word' id='word_1_172' title='bbox 1085 2548 1240 2616; x_wconf 87' lang='lat' dir='ltr'><strong>Helicona</strong></span> 
     </span>
     <span class='ocr_line' id='line_1_23' title="bbox 207 2652 1240 2746; baseline 0.001 -23"><span class='ocrx_word' id='word_1_173' title='bbox 207 2677 246 2723; x_wconf 85' lang='lat' dir='ltr'><strong>ac</strong></span> <span class='ocrx_word' id='word_1_174' title='bbox 258 2656 438 2723; x_wconf 76' lang='lat' dir='ltr'><strong>Cithaerone</strong></span> <span class='ocrx_word' id='word_1_175' title='bbox 455 2655 598 2730; x_wconf 87' lang='lat' dir='ltr'><strong>desertis,</strong></span> <span class='ocrx_word' id='word_1_176' title='bbox 615 2653 693 2720; x_wconf 90' lang='lat' dir='ltr'><strong>Sion</strong></span> <span class='ocrx_word' id='word_1_177' title='bbox 711 2652 867 2720; x_wconf 88' lang='lat' dir='ltr'><strong>habitent.</strong></span> <span class='ocrx_word' id='word_1_178' title='bbox 883 2680 896 2714; x_wconf 79' lang='lat' dir='ltr'><strong>a</strong></span> <span class='ocrx_word' id='word_1_179' title='bbox 912 2653 991 2722; x_wconf 88' lang='lat' dir='ltr'><strong>Nam</strong></span> <span class='ocrx_word' id='word_1_180' title='bbox 1007 2679 1046 2720; x_wconf 87' lang='lat' dir='ltr'><strong>ex</strong></span> <span class='ocrx_word' id='word_1_181' title='bbox 1057 2654 1133 2722; x_wconf 92' lang='lat' dir='ltr'><strong>Sion</strong></span> <span class='ocrx_word' id='word_1_182' title='bbox 1147 2682 1240 2746; x_wconf 83' lang='lat' dir='ltr'><strong>egre-</strong></span> 
     </span>
     <span class='ocr_line' id='line_1_24' title="bbox 208 2761 1241 2845; baseline 0.003 -17"><span class='ocrx_word' id='word_1_183' title='bbox 208 2793 221 2827; x_wconf 78' lang='lat'><strong>»</strong></span> <span class='ocrx_word' id='word_1_184' title='bbox 237 2765 341 2831; x_wconf 89' lang='lat' dir='ltr'><strong>dietur</strong></span> <span class='ocrx_word' id='word_1_185' title='bbox 352 2765 416 2845; x_wconf 86' lang='lat' dir='ltr'><strong>lex,</strong></span> <span class='ocrx_word' id='word_1_186' title='bbox 427 2778 460 2832; x_wconf 89' lang='lat' dir='ltr'><strong>et</strong></span> <span class='ocrx_word' id='word_1_187' title='bbox 474 2767 608 2832; x_wconf 84' lang='lat' dir='ltr'><strong>verbum</strong></span> <span class='ocrx_word' id='word_1_188' title='bbox 622 2762 750 2830; x_wconf 88' lang='lat' dir='ltr'><strong>Domini</strong></span> <span class='ocrx_word' id='word_1_189' title='bbox 762 2785 801 2827; x_wconf 83' lang='lat' dir='ltr'><strong>ex</strong></span> <span class='ocrx_word' id='word_1_190' title='bbox 812 2761 1026 2828; x_wconf 76' lang='lat' dir='ltr'><strong>Hierusalem¹</strong></span> <span class='ocrx_word' id='word_1_191' title='bbox 1041 2787 1050 2827; x_wconf 91' lang='lat'><strong>:</strong></span> <span class='ocrx_word' id='word_1_192' title='bbox 1065 2763 1241 2844; x_wconf 80' lang='lat' dir='ltr'><strong>»Coeleste,</strong></span> 
     </span>
     <span class='ocr_line' id='line_1_25' title="bbox 207 2873 1243 2972; baseline -0.007 -22"><span class='ocrx_word' id='word_1_193' title='bbox 207 2884 351 2972; x_wconf 81' lang='lat' dir='ltr'><strong>inquam,</strong></span> <span class='ocrx_word' id='word_1_194' title='bbox 363 2877 393 2941; x_wconf 90' lang='lat' dir='ltr'><em>V</em></span> <span class='ocrx_word' id='word_1_195' title='bbox 394 2878 522 2952; x_wconf 77' lang='lat' dir='ltr'><strong>arbam,</strong></span> <span class='ocrx_word' id='word_1_196' title='bbox 536 2877 578 2941; x_wconf 92' lang='lat' dir='ltr'><strong>ob</strong></span> <span class='ocrx_word' id='word_1_197' title='bbox 589 2873 721 2963; x_wconf 81' lang='lat' dir='ltr'><strong>legitimi</strong></span> <span class='ocrx_word' id='word_1_198' title='bbox 733 2873 914 2938; x_wconf 88' lang='lat' dir='ltr'><strong>certaminis</strong></span> <span class='ocrx_word' id='word_1_199' title='bbox 928 2873 1091 2940; x_wconf 80' lang='lat' dir='ltr'><strong>victoriam</strong></span> <span class='ocrx_word' id='word_1_200' title='bbox 1104 2875 1138 2940; x_wconf 92' lang='lat' dir='ltr'><strong>in</strong></span> <span class='ocrx_word' id='word_1_201' title='bbox 1155 2876 1243 2944; x_wconf 89' lang='lat' dir='ltr'><strong>thea-</strong></span> 
     </span>
     <span class='ocr_line' id='line_1_26' title="bbox 208 2983 1242 3070; baseline -0.005 -12"><span class='ocrx_word' id='word_1_202' title='bbox 208 3005 259 3060; x_wconf 92' lang='lat' dir='ltr'><strong>tro</strong></span> <span class='ocrx_word' id='word_1_203' title='bbox 274 2992 370 3059; x_wconf 88' lang='lat' dir='ltr'><strong>totius</strong></span> <span class='ocrx_word' id='word_1_204' title='bbox 384 2987 495 3056; x_wconf 91' lang='lat' dir='ltr'><strong>mundi</strong></span> <span class='ocrx_word' id='word_1_205' title='bbox 518 2997 718 3052; x_wconf 90' lang='lat' dir='ltr'><strong>coronatum.</strong></span> <span class='ocrx_word' id='word_1_206' title='bbox 737 2985 777 3049; x_wconf 87' lang='lat' dir='ltr'><strong>Et</strong></span> <span class='ocrx_word' id='word_1_207' title='bbox 799 3005 889 3048; x_wconf 89' lang='lat' dir='ltr'><strong>meus</strong></span> <span class='ocrx_word' id='word_1_208' title='bbox 910 2983 1038 3070; x_wconf 89' lang='lat' dir='ltr'><strong>quidem</strong></span> <span class='ocrx_word' id='word_1_209' title='bbox 1060 2987 1242 3068; x_wconf 88' lang='lat' dir='ltr'><strong>Eunomus,</strong></span> 
     </span>
     <span class='ocr_line' id='line_1_27' title="bbox 209 3093 1241 3190; baseline -0.003 -21"><span class='ocrx_word' id='word_1_210' title='bbox 209 3127 274 3170; x_wconf 91' lang='lat' dir='ltr'><strong>non</strong></span> <span class='ocrx_word' id='word_1_211' title='bbox 291 3099 469 3190; x_wconf 87' lang='lat' dir='ltr'><strong>Terpandri</strong></span> <span class='ocrx_word' id='word_1_212' title='bbox 495 3095 646 3172; x_wconf 91' lang='lat' dir='ltr'><strong>modum,</strong></span> <span class='ocrx_word' id='word_1_213' title='bbox 671 3118 736 3161; x_wconf 91' lang='lat' dir='ltr'><strong>non</strong></span> <span class='ocrx_word' id='word_1_214' title='bbox 759 3093 934 3183; x_wconf 87' lang='lat' dir='ltr'><strong>Capitonis,</strong></span> <span class='ocrx_word' id='word_1_215' title='bbox 960 3117 1026 3161; x_wconf 90' lang='lat' dir='ltr'><strong>non</strong></span> <span class='ocrx_word' id='word_1_216' title='bbox 1052 3095 1241 3187; x_wconf 86' lang='lat' dir='ltr'><strong>Phrygium,</strong></span> 
     </span>
     <span class='ocr_line' id='line_1_28' title="bbox 209 3202 1243 3300; baseline -0.004 -22"><span class='ocrx_word' id='word_1_217' title='bbox 209 3236 276 3278; x_wconf 94' lang='lat' dir='ltr'><strong>non</strong></span> <span class='ocrx_word' id='word_1_218' title='bbox 287 3211 437 3300; x_wconf 85' lang='lat' dir='ltr'><strong>Lydium,</strong></span> <span class='ocrx_word' id='word_1_219' title='bbox 453 3232 518 3275; x_wconf 91' lang='lat' dir='ltr'><strong>non</strong></span> <span class='ocrx_word' id='word_1_220' title='bbox 531 3207 685 3272; x_wconf 83' lang='lat' dir='ltr'><strong>Doricum</strong></span> <span class='ocrx_word' id='word_1_221' title='bbox 705 3202 807 3275; x_wconf 85' lang='lat' dir='ltr'><strong>canit;</strong></span> <span class='ocrx_word' id='word_1_222' title='bbox 826 3202 882 3266; x_wconf 87' lang='lat' dir='ltr'><strong>sed</strong></span> <span class='ocrx_word' id='word_1_223' title='bbox 896 3213 1052 3268; x_wconf 79' lang='lat' dir='ltr'><strong>aternum</strong></span> <span class='ocrx_word' id='word_1_224' title='bbox 1069 3229 1159 3272; x_wconf 83' lang='lat' dir='ltr'><strong>novae</strong></span> <span class='ocrx_word' id='word_1_225' title='bbox 1171 3207 1243 3274; x_wconf 70' lang='lat' dir='ltr'><strong>bar</strong></span> 
     </span>
     <span class='ocr_line' id='line_1_29' title="bbox 210 3313 1242 3404; baseline -0.006 -16"><span class='ocrx_word' id='word_1_226' title='bbox 210 3323 326 3388; x_wconf 88' lang='lat' dir='ltr'><strong>moniae</strong></span> <span class='ocrx_word' id='word_1_227' title='bbox 346 3321 491 3398; x_wconf 89' lang='lat' dir='ltr'><strong>modum,</strong></span> <span class='ocrx_word' id='word_1_228' title='bbox 510 3319 568 3385; x_wconf 87' lang='lat' dir='ltr'><strong>Dei</strong></span> <span class='ocrx_word' id='word_1_229' title='bbox 584 3313 809 3404; x_wconf 83' lang='lat' dir='ltr'><strong>cognominem</strong></span> <span class='ocrx_word' id='word_1_230' title='bbox 826 3335 952 3386; x_wconf 82' lang='lat' dir='ltr'><strong>navum</strong></span> <span class='ocrx_word' id='word_1_231' title='bbox 966 3316 1135 3388; x_wconf 77' lang='lat' dir='ltr'><strong>canticam</strong></span> <span class='ocrx_word' id='word_1_232' title='bbox 1145 3317 1171 3394; x_wconf 89' lang='lat'><strong>²,</strong></span> <span class='ocrx_word' id='word_1_233' title='bbox 1186 3319 1242 3387; x_wconf 75' lang='lat' dir='ltr'><strong>Le</strong></span> 
     </span>
     <span class='ocr_line' id='line_1_30' title="bbox 210 3431 1014 3516; baseline -0.005 -18"><span class='ocrx_word' id='word_1_234' title='bbox 210 3431 355 3504; x_wconf 67' lang='lat' dir='ltr'><strong>rincum,</strong></span> <span class='ocrx_word' id='word_1_235' title='bbox 991 3505 995 3516; x_wconf 23' lang='grc' dir='ltr'>ἱ</span> <span class='ocrx_word' id='word_1_236' title='bbox 1012 3500 1014 3514; x_wconf 17' lang='lat' dir='ltr'><strong>q</strong></span> 
     </span>
    </p>

    <p class='ocr_par' dir='ltr' id='par_1_5' title="bbox 250 3521 1243 3603">
     <span class='ocr_line' id='line_1_31' title="bbox 250 3521 1243 3603; baseline -0.001 -16"><span class='ocrx_word' id='word_1_237' title='bbox 250 3529 374 3588; x_wconf 81' lang='lat' dir='ltr'><strong>Leniens</strong></span> <span class='ocrx_word' id='word_1_238' title='bbox 392 3526 538 3602; x_wconf 85' lang='lat' dir='ltr'><strong>dolorem,</strong></span> <span class='ocrx_word' id='word_1_239' title='bbox 551 3525 699 3603; x_wconf 87' lang='lat' dir='ltr'><strong>iramque,</strong></span> <span class='ocrx_word' id='word_1_240' title='bbox 714 3525 898 3582; x_wconf 87' lang='lat' dir='ltr'><strong>etmalorum</strong></span> <span class='ocrx_word' id='word_1_241' title='bbox 913 3521 1090 3583; x_wconf 86' lang='lat' dir='ltr'><strong>oblivionem</strong></span> <span class='ocrx_word' id='word_1_242' title='bbox 1104 3525 1243 3586; x_wconf 84' lang='lat' dir='ltr'><strong>inducens</strong></span> 
     </span>
    </p>
   </div>
   <div class='ocr_carea' id='block_1_5' title="bbox 211 3617 1241 3793">
    <p class='ocr_par' dir='ltr' id='par_1_6' title="bbox 211 3617 1241 3793">
     <span class='ocr_line' id='line_1_32' title="bbox 1099 3635 1240 3678; baseline 0.043 -6"><span class='ocrx_word' id='word_1_243' title='bbox 1099 3635 1240 3678; x_wconf 74' lang='lat' dir='ltr'><strong>omilium·</strong></span> 
     </span>
     <span class='ocr_line' id='line_1_33' title="bbox 211 3617 1241 3793; baseline -0.004 -19"><span class='ocrx_word' id='word_1_244' title='bbox 211 3705 337 3774; x_wconf 87' lang='lat' dir='ltr'><strong>Etenim</strong></span> <span class='ocrx_word' id='word_1_245' title='bbox 360 3701 453 3769; x_wconf 90' lang='lat' dir='ltr'><strong>dulce</strong></span> <span class='ocrx_word' id='word_1_246' title='bbox 481 3703 655 3792; x_wconf 85' lang='lat' dir='ltr'><strong>quoddam,</strong></span> <span class='ocrx_word' id='word_1_247' title='bbox 679 3713 712 3766; x_wconf 88' lang='lat' dir='ltr'><strong>et</strong></span> <span class='ocrx_word' id='word_1_248' title='bbox 735 3702 767 3766; x_wconf 92' lang='lat' dir='ltr'><strong>in</strong></span> <span class='ocrx_word' id='word_1_249' title='bbox 790 3701 902 3768; x_wconf 88' lang='lat' dir='ltr'><strong>animis</strong></span> <span class='ocrx_word' id='word_1_250' title='bbox 932 3617 1099 3770; x_wconf 78' lang='lat' dir='ltr'><strong>heminaria</strong></span> <span class='ocrx_word' id='word_1_251' title='bbox 1131 3679 1241 3793; x_wconf 89' lang='lat' dir='ltr'><strong>potens</strong></span> 
     </span>
    </p>
   </div>
   <div class='ocr_carea' id='block_1_6' title="bbox 211 3811 1242 3905">
    <p class='ocr_par' dir='ltr' id='par_1_7' title="bbox 211 3811 1242 3905">
     <span class='ocr_line' id='line_1_34' title="bbox 211 3811 1242 3905; baseline 0.002 -25"><span class='ocrx_word' id='word_1_252' title='bbox 211 3817 433 3905; x_wconf 88' lang='lat' dir='ltr'><strong>pharmacum,</strong></span> <span class='ocrx_word' id='word_1_253' title='bbox 446 3835 519 3878; x_wconf 89' lang='lat' dir='ltr'><strong>cum</strong></span> <span class='ocrx_word' id='word_1_254' title='bbox 536 3812 599 3878; x_wconf 89' lang='lat' dir='ltr'><strong>boc</strong></span> <span class='ocrx_word' id='word_1_255' title='bbox 610 3811 735 3879; x_wconf 86' lang='lat' dir='ltr'><strong>cantico</strong></span> <span class='ocrx_word' id='word_1_256' title='bbox 751 3813 959 3879; x_wconf 85' lang='lat' dir='ltr'><strong>commixtum</strong></span> <span class='ocrx_word' id='word_1_257' title='bbox 970 3825 1028 3878; x_wconf 86' lang='lat' dir='ltr'><strong>est.</strong></span> <span class='ocrx_word' id='word_1_258' title='bbox 1043 3811 1121 3879; x_wconf 88' lang='lat' dir='ltr'><strong>blihi</strong></span> <span class='ocrx_word' id='word_1_259' title='bbox 1136 3828 1242 3886; x_wconf 85' lang='lat' dir='ltr'><strong>autem</strong></span> 
     </span>
    </p>
   </div>
   <div class='ocr_carea' id='block_1_7' title="bbox 244 3951 819 4018">
    <p class='ocr_par' dir='ltr' id='par_1_8' title="bbox 244 3951 819 4018">
     <span class='ocr_line' id='line_1_35' title="bbox 244 3951 819 4018; baseline 0.003 -14"><span class='ocrx_word' id='word_1_260' title='bbox 244 3956 296 4012; x_wconf 81' lang='lat' dir='ltr'><strong>¹ls.</strong></span> <span class='ocrx_word' id='word_1_261' title='bbox 310 3951 538 4018; x_wconf 72' lang='lat' dir='ltr'><strong>11,s,-21³a1m.</strong></span> <span class='ocrx_word' id='word_1_262' title='bbox 550 3971 618 4017; x_wconf 76' lang='lat' dir='ltr'><strong>xcvi,</strong></span> <span class='ocrx_word' id='word_1_263' title='bbox 630 3965 785 4018; x_wconf 73' lang='lat' dir='ltr'><strong>13etxcv111,</strong></span> <span class='ocrx_word' id='word_1_264' title='bbox 801 3974 819 4006; x_wconf 83' lang='lat'><strong>1.</strong></span> 
     </span>
    </p>
   </div>
   <div class='ocr_carea' id='block_1_8' title="bbox 0 0 1326 4628">
    <p class='ocr_par' dir='ltr' id='par_1_9' title="bbox 0 0 1326 4628">
     <span class='ocr_line' id='line_1_36' title="bbox 0 0 1326 4628; baseline 0 0"><span class='ocrx_word' id='word_1_265' title='bbox 0 0 1326 4628; x_wconf 95' lang='lat' dir='ltr'><strong> </strong></span> 
     </span>
    </p>
   </div>
  </div>
 </body>
</html>
