2522 4608
171 236 235 315 tet
485 251 659 298 cuuuusrrs
685 249 896 312 iusxssnursr

173 370 354 440 diculorum
369 368 534 436 hominum
551 371 656 432 sermo
672 367 786 458 dignus
800 378 848 432 est
869 366 923 454 qui
944 364 1089 430 audiatur
1105 389 1112 428 :
1129 387 1189 431 cum

175 506 232 574 per
247 483 313 572 ipsu
329 481 456 546 nomine
473 479 513 544 nd
530 481 633 568 turpis
648 479 731 545 luctu
747 477 973 545 consuefaciot.
995 477 1117 542 Urbane
1129 499 1190 565 crgo
1251 489 1252 494 ’

96 573 100 586 .
152 595 155 602 '
175 607 208 660 et
219 592 322 683 lepide
333 590 529 678 loquendum
540 602 602 665 est,
614 613 680 655 non
692 601 801 682 autem
811 589 893 654 risus
904 587 1090 653 movendus.
1105 587 1192 666 Quin·

175 703 271 768 etism
292 701 359 790 ipse
379 700 460 764 risus
481 709 530 764 est
551 698 832 787 comprimendus:
848 721 921 764 unm
944 699 1012 787 ipso
1027 719 1157 786 quoque,
1174 696 1193 761 si
1251 733 1252 736 κ

177 812 338 900 quomodo
357 821 484 900 oportet
506 808 700 898 proseratur,
720 833 784 898 prae
804 833 837 874 se
858 807 920 874 sert
941 807 1091 874 decorem
1104 807 1194 873 otbo·
1250 835 1252 870 :

177 932 333 992 nestutem
344 945 352 985 τ
363 920 409 986 siu
422 918 514 984 uliter
524 918 671 1008 prodeat,
684 919 803 986 iudicet
815 919 1101 1007 intemperantium.
1116 916 1192 990 Nun,
1250 919 1252 948 ³

177 1046 213 1097 ut
228 1030 324 1098 semel
340 1031 459 1106 dicum,
475 1052 688 1119 quaecumque
703 1042 778 1096 sunt
793 1027 948 1096 nuturnlio
962 1028 1154 1103 homiuibus,
1167 1051 1194 1094 es
1247 1055 1252 1090 s

94 1165 100 1182 ⁸
177 1142 289 1212 abillis
302 1142 432 1206 minime
449 1139 589 1206 tollenda
605 1149 692 1216 sunt,
705 1140 762 1206 sed
777 1140 822 1206 eis
840 1141 944 1229 potius
960 1139 1076 1205 modus
1087 1151 1119 1203 ct
1133 1161 1194 1204 con·
1251 1173 1252 1230 3

178 1256 306 1322 veniens
322 1264 449 1340 tempus
463 1249 684 1316 adhibendum
698 1262 757 1315 εει.
773 1249 843 1316 Non
855 1250 941 1316 enim
953 1251 1106 1338 quoniam
1118 1247 1196 1314 bono
1251 1251 1252 1254 ’

179 1378 227 1431 εει
246 1360 362 1430 nnimnl
383 1359 533 1427 facultate
556 1358 681 1425 ridendi
704 1359 886 1448 praeditum,
908 1359 979 1427 idco
998 1369 1150 1450 perpetuo
1163 1359 1196 1422 ri·

180 1472 322 1539 dendum
336 1481 398 1546 est,
416 1468 677 1557 quondoquidem
693 1491 751 1534 nec
769 1492 882 1556 equus,
896 1470 989 1560 cujus
1005 1481 1057 1536 est
1070 1468 1195 1559 propriu

180 1581 335 1654 hinnitus,
348 1601 473 1668 semper
484 1577 606 1645 hinnit:
618 1578 674 1643 scd
684 1588 835 1668 tanquam
847 1578 993 1647 animulis
1007 1580 1130 1645 ratione
1140 1601 1198 1668 pre

181 1693 259 1770 dits,
272 1701 398 1781 oportet
411 1713 469 1756 nos
484 1700 557 1779 epte
574 1711 781 1779 componere,
796 1691 1003 1780 etgravitatis
1018 1691 1198 1757 severitatem

180 1814 311 1876 nostrae,
331 1799 529 1886 nimiumque
552 1799 709 1864 intensum
732 1799 963 1865 vehementium
987 1798 1145 1866 concinne
1161 1819 1193 1862 re

180 1911 357 1984 mittamus,
369 1931 433 1973 non
450 1918 557 1973 nutem
571 1907 762 1972 inconcinne
779 1905 996 1974 dissolvamus.
1016 1908 1100 1988 Quse
1116 1907 1196 1974 vultu

181 2022 281 2095 enim,
297 2031 449 2106 tanquam
464 2017 577 2083 musici
594 2014 730 2104 alicujus
742 2018 957 2096 instrumenti,
969 2017 1007 2084 fit
1022 2041 1082 2107 per
1097 2019 1198 2084 burno

63 2167 76 2190 1
182 2131 268 2198 niem
289 2129 405 2194 decoru
424 2126 580 2202 remissio,
597 2124 752 2215 appellato
768 2138 816 2192 est
832 2150 934 2216 graece
948 2136 1080 2213 μειδίαμα
1097 2151 1106 2192 :
1125 2129 1200 2192 iou

182 2243 216 2307 in
233 2238 322 2307 rultu
337 2237 557 2304 modestorum
571 2237 739 2304 homiuum
754 2260 824 2324 quae
844 2250 894 2304 εει
915 2235 1058 2314 diffusio,
1075 2239 1152 2304 risus
1163 2236 1199 2302 di-
1251 2263 1252 2268 ¹

183 2354 277 2420 citur.
298 2330 510 2416 lmmoderstu
534 2359 641 2413 nutem
660 2359 692 2412 ει
713 2347 903 2414 inconcinna
918 2347 1025 2414 vultus
1041 2346 1200 2418 dissolutio,

184 2463 209 2529 si
228 2464 267 2528 sit
282 2460 411 2549 quidem
423 2459 456 2524 in
471 2454 671 2532 mulieribus.
687 2456 865 2548 appellatur
881 2479 984 2548 grace
1000 2469 1170 2544 uzbaeptu
1183 2458 1201 2521 is

185 2585 233 2638 εει
250 2582 357 2636 nutem
373 2569 453 2633 risus
468 2567 669 2633 meretricius
685 2590 693 2632 :
712 2568 737 2632 si
752 2568 873 2634 veroin
886 2567 1202 2653 εἰείε,καγχασμός;εει

185 2694 292 2747 nutem
307 2680 389 2743 risus
410 2675 548 2742 insolens
571 2687 604 2740 et
624 2687 804 2766 protervus,
828 2699 866 2744 uc
888 2677 993 2764 procis
1017 2677 1200 2744 couveniens

194 2818 207 2852 ι
222 2787 346 2856 Stultus
360 2799 467 2854 eutem
483 2786 515 2852 in
531 2787 596 2852 risu
608 2784 730 2852 extollit
744 2809 853 2852 rocem
865 2809 969 2864 sunm,
986 2787 1100 2873 inquit
1113 2786 1203 2874 Serip

185 2934 199 2968 s
214 2920 291 2970 turo
306 2926 319 2965 :
338 2900 386 2965 vir
401 2910 510 2964 nutem
524 2911 647 2964 astutus
666 2900 717 2964 rix
732 2899 849 2965 sensim
869 2898 1082 2966 subridebit¹.
1102 2899 1204 2967 »tou-

186 3028 256 3080 tum
286 3022 395 3077 autem
423 3033 510 3076 nunc
533 3009 610 3075 dicit
631 3010 840 3098 prudentem,
864 3010 919 3098 qui
941 3011 1105 3082 contrario
1126 3007 1204 3075 modo
1249 2991 1251 3000 Α

186 3145 282 3209 quam
305 3117 420 3185 stultus
447 3118 580 3185 effeetus
601 3129 660 3184 est.
678 3117 742 3184 Sed
757 3142 861 3207 neque
880 3143 989 3185 rursus
1011 3132 1137 3210 oportet
1152 3140 1205 3186 esst

185 3233 322 3306 tristem,
339 3229 394 3296 sed
411 3250 562 3318 grutem:
578 3224 669 3292 illum
683 3227 769 3294 enim
788 3229 888 3318 magis
911 3229 1047 3296 udmitto
1062 3229 1205 3296 subrideo·

188 3353 267 3416 tem,
279 3339 334 3428 qui
351 3360 458 3404 severa
471 3338 555 3403 visus
570 3349 618 3403 est
635 3335 714 3403 lucie
729 3337 907 3415 subridere,
920 3361 1017 3428 quem
1034 3342 1087 3428 qui
1103 3360 1206 3405 nonsc·

187 3470 261 3513 reru
287 3470 294 3512 :
324 3448 430 3513 minus
453 3447 539 3512 enim
560 3445 657 3510 luerit
684 3445 766 3512 risus
788 3442 842 3513 illo
871 3446 1063 3512 irridendus.
1089 3446 1207 3536 Oportet
1248 3495 1250 3504 ,

190 3567 297 3623 eutem
315 3557 416 3644 ipsam
434 3579 560 3645 quoque
578 3554 789 3621 subrisionem
805 3555 912 3622 doceri
927 3569 961 3622 et
976 3558 1133 3647 castigari,
1147 3555 1205 3620 etsi

190 3667 233 3731 ob
244 3677 352 3752 turpes
367 3689 417 3732 res
433 3667 568 3732 excitata
582 3665 690 3743 suerit,
703 3668 890 3734 erubescere
901 3667 1006 3756 potius
1019 3667 1116 3734 rideri
1128 3687 1207 3755 quam

190 3769 367 3845 subridere,
381 3794 421 3836 nc
433 3772 597 3839 videamur
612 3797 670 3861 per
684 3795 875 3840 consensum
891 3771 1039 3840 oollaetsri
1053 3797 1061 3838 :
1076 3773 1100 3839 si
1116 3783 1207 3837 nutem

225 3901 324 3951 ¹Eccli.
335 3917 387 3960 xxi,
402 3919 440 3951 no.
