2574 4628
222 276 283 354 164
527 291 700 340 onnusnms
724 291 933 336 siminorum

216 411 371 502 Superata
388 422 436 476 est
449 399 537 478 «loris
553 405 711 483 voluntas,
729 418 763 472 et
779 404 832 472 ille
849 408 951 474 victus
968 406 1009 472 ob
1025 401 1239 494 Sarpedonem
1276 462 1279 468 .

216 518 464 603 luctunfficitur.
483 517 595 585 Merito
610 517 706 608 igitur
723 539 777 584 vos
792 517 851 606 ipsi
865 515 949 584 idols
963 527 996 582 et
1011 515 1171 582 demones
1186 535 1238 578 eos
1283 573 1286 577 Δ

214 629 344 706 vocetis,
361 651 436 696 cum
450 639 482 694 et
500 627 676 696 Minervam
690 627 804 716 ipsein,
815 639 848 694 et
863 626 998 716 reliquos
1011 627 1105 702 deos,
1120 624 1174 713 qui
1187 645 1239 690 eos
1276 621 1277 624 ’

214 739 358 830 improbe
372 739 550 815 honoravit,
565 739 722 806 Homerus
734 739 891 808 &monus
902 735 1125 829 appellaverit:

223 927 225 934 >
296 942 303 954 .
322 940 329 952 .
346 939 376 955 ..
398 885 453 953 Illa
464 906 559 954 autem
572 895 701 954 ascendit
711 895 887 974 Olympum,

292 995 339 1055 Ad
354 997 472 1056 domum
486 997 568 1056 Jovis
579 997 699 1075 tcgidem
714 998 849 1070 tenentis,
860 995 988 1076 aliosque
998 996 1154 1056 demones.

145 1132 149 1140 ⁴
214 1147 384 1228 Quomodo
394 1149 651 1240 igitur¹deorum
666 1149 772 1217 adhuc
783 1141 916 1217 numero
926 1147 1037 1218 heberi
1048 1149 1189 1239 poterint
1198 1147 1237 1214 si-

213 1257 354 1325 mulsere
368 1270 400 1324 et
407 1259 578 1337 demones,
587 1260 743 1326 immundi
756 1271 874 1327 sancet
885 1259 1089 1327 abominandi
1101 1257 1235 1348 spiritus,

214 1393 293 1457 quos
308 1392 418 1435 omnes
431 1368 572 1436 fetentur
582 1393 649 1436 esse
660 1383 815 1447 terrenos,
828 1383 861 1435 et
871 1368 1055 1466 lutulentos,
1068 1368 1123 1458 qui
1136 1368 1237 1458 degru-
1285 1435 1286 1456 p

213 1490 327 1544 ventur
342 1501 399 1544 suo
410 1479 566 1568 pondere,
577 1491 612 1544 et
622 1479 707 1547 circs
719 1471 1134 1547 mortuorum'monumcnte
1148 1491 1236 1567 utque
1285 1463 1286 1470 ἵ

213 1587 358 1678 sepulcre
375 1589 560 1656 versantur?
575 1588 689 1678 quibus
710 1590 806 1655 etiem
821 1589 853 1655 in
872 1588 949 1656 locis
965 1591 1117 1656 umbrosa
1139 1588 1234 1678 phen-

212 1709 345 1765 tesmata
359 1700 494 1766 obscure
516 1699 659 1788 conspici
674 1698 786 1765 solent.
805 1699 844 1766 lli
860 1698 964 1788 itaque
980 1710 1054 1766 sunt
1073 1699 1116 1764 dii
1135 1699 1235 1773 vestri,

212 1807 392 1886 simulacre,
411 1821 444 1874 et
460 1810 580 1875 umbrae
590 1833 599 1882 ς
618 1809 733 1898 quibus
749 1808 864 1875 eddam
885 1809 1026 1876 chrodos-
1040 1806 1120 1885 illus,
1145 1831 1235 1900 rugo

212 1941 277 1994 sos,
288 1911 471 2004 strobisquc
481 1918 582 1984 oculis
592 1919 697 1993 Litas,
707 1916 858 1984 Thersite
870 1918 974 2008 potius
984 1918 1134 1985 dicendus
1147 1939 1235 2006 mom

214 2027 301 2094 Jovis
316 2025 405 2094 filies.
426 2027 516 2094 Unde
530 2051 595 2094 non
609 2027 744 2095 infacete
762 2029 990 2119 interrogatum
1004 2052 1022 2094 e
1037 2028 1139 2094 Bione
1155 2027 1237 2096 vide-

209 2148 275 2214 tur,
293 2163 307 2198 s
318 2159 381 2226 quo
393 2136 522 2202 tandem
533 2137 604 2226 jure
615 2135 761 2202 homines
772 2135 927 2204 formosos
938 2136 1055 2204 liberos
1068 2160 1088 2202 s
1100 2136 1183 2203 Jove
1193 2159 1239 2227 pc·

211 2240 353 2322 sterent,
362 2269 442 2335 quos
451 2246 517 2336 ipse
526 2247 733 2337 sibipraebere
744 2267 809 2312 non
820 2245 969 2335 potuitis
983 2245 1012 2314 Ο
1024 2245 1235 2336 impietatem!

211 2366 357 2423 naturum
377 2356 588 2444 corruptionis
613 2339 969 2433 immunemdeloditis,
991 2355 1077 2444 quod
1099 2369 1240 2422 sunctum

213 2463 501 2552 intemeratumque
515 2476 563 2529 est
580 2460 732 2552 sepulcris
755 2463 902 2540 obruitis,
916 2463 1084 2552 Deumque
1102 2465 1185 2532 odeo
1200 2465 1239 2554 ip

213 2596 297 2651 sum,
314 2573 420 2663 quood
439 2596 457 2638 c
473 2573 562 2639 vobis
578 2571 647 2638 lieri
662 2581 779 2661 potest,
797 2595 871 2639 vern
886 2597 942 2640 sue
958 2584 1071 2640 nature
1089 2567 1237 2664 spoliatis.

216 2683 283 2750 Gur
297 2683 393 2772 igitur
405 2683 465 2748 Dei
486 2681 622 2749 honores
639 2682 675 2749 iis
690 2683 743 2773 qui
757 2709 821 2751 non
834 2695 908 2750 sunt
918 2683 962 2752 dii
973 2684 1152 2750 tribuistis?
1169 2708 1235 2761 cur,

214 2789 296 2860 coelo
310 2790 436 2869 relicto,
453 2805 570 2858 torrem
586 2791 749 2860 coluistis?
764 2791 851 2875 Quid
862 2805 909 2861 est
920 2794 1006 2861 enim
1017 2791 1105 2860 sliud
1116 2817 1239 2871 nurum,

213 2895 263 2966 vel
286 2909 466 2989 argentum,
489 2895 539 2964 vel
559 2899 699 2976 edomas,
721 2895 922 2977 velletrum,
947 2899 996 2967 vcl
1012 2923 1067 2978 aes,
1083 2899 1135 2968 vel
1152 2905 1240 2978 ebur,

213 3006 262 3074 vel
276 3007 405 3097 pretiosi
416 3004 560 3095 lapides?
574 3031 615 3073 en
631 3030 695 3074 non
706 3020 802 3084 terre,
819 3019 852 3074 et
866 3032 905 3074 ex
918 3009 1027 3074 terre?
1044 3009 1160 3082 Nonne
1176 3009 1241 3077 hnc

214 3118 333 3194 omnia,
353 3135 555 3207 quocumque
576 3115 686 3183 oculos
705 3117 812 3192 vertis,
837 3139 876 3183 ex
890 3118 1004 3202 eodenp
1021 3130 1130 3198 terre,
1155 3120 1244 3210 qussi

216 3227 395 3296 communis
410 3227 562 3317 parentis,
577 3227 697 3316 gremio
708 3227 918 3316 prodierunt?
931 3225 996 3292 Cur
1011 3227 1119 3317 igitur,
1136 3254 1156 3294 o
1169 3229 1244 3298 setui

216 3350 249 3405 ct
263 3327 426 3405 ementes?
448 3337 650 3426 (juvetcnim
664 3336 697 3402 id
712 3339 872 3428 repetere)
890 3349 1054 3404 terrestres
1070 3339 1162 3406 vobis
1172 3342 1246 3406 deos

219 3447 503 3522 comminiscendo,
517 3446 549 3512 in
562 3442 631 3530 illes
642 3446 785 3534 regiones
800 3462 870 3535 quae
881 3443 963 3512 ultre
975 3469 1162 3536 supremum
1175 3442 1247 3516 coeli

216 3558 352 3647 spatium
367 3553 561 3631 incoluntur,
580 3554 801 3621 contumeliosi
819 3555 906 3633 estis,
923 3579 1116 3646 omnemque
1132 3557 1240 3649 piete-

215 3680 280 3734 tem
300 3663 390 3732 humi
417 3663 608 3754 deprimitisr
636 3676 669 3729 ct
690 3664 871 3754 posthabito
894 3677 1013 3732 aeterno
1040 3649 1246 3758 ingenitoque

215 3777 295 3852 Deo,
309 3797 378 3863 quae
389 3787 463 3841 sunt
473 3774 554 3840 secte
566 3786 599 3840 et
613 3775 718 3864 genite
733 3785 968 3866 persequentes,
988 3777 1020 3843 in
1036 3778 1248 3867 profundissi-

251 3928 260 3962 ¹
272 3925 335 3977 Vide
347 3926 379 3976 Ι).
389 3926 503 3988 Guillon,
513 3943 539 3994 p.
550 3927 607 3976 ³81.
