2478 4594
394 275 585 323 sraouaanu
604 277 667 322 aaa.
693 253 739 325 ar.
1022 261 1084 326 aas

19 400 200 476 initietur,
218 395 390 466 exaudiens
406 401 604 488 Scripturam
626 422 696 488 quae
719 399 798 467 dicit
813 393 829 468 τ’
840 401 963 468 Bonam
979 415 1022 468 est
1031 403 1088 490 je-

9 508 39 596 j
44 508 243 582 anianensem
254 507 424 574 πείσει’.
442 507 568 597 Jejunia
584 520 691 574 autem
707 508 886 598 significant
898 533 1027 578 omnem
1038 533 1089 600 gs-

8 615 193 684 'neraliter
209 615 435 683 abstinentiam
450 618 494 682 ab
508 617 657 682 omnibus
671 639 800 706 prorsus
811 616 919 694 malis,
935 629 1002 686 tam
1018 642 1089 708 quae

22 737 117 791 actu
130 723 231 801 liunt,
250 747 346 813 quam
362 746 432 813 quae
447 724 572 799 verbis,
589 735 621 790 et
636 725 702 813 ipsa
716 723 918 814 cogitatione.
931 729 988 792 Est
999 751 1087 818 erge,

19 845 68 898 ut
91 833 233 908 videtur,
250 832 370 918 justitia
387 831 561 920 quadrata,
577 831 666 897 omui
683 855 722 898 ex
738 843 828 921 parte
848 831 975 922 aequalis
992 847 1025 899 et
1045 835 1089 900 si-

18 936 145 1012 milis,
164 937 198 1002 iu
215 939 330 1012 verbo,
353 936 385 1000 iu
404 935 507 1012 sacto,
523 935 556 1000 in
577 937 764 1003 abstinentia
781 935 924 1013 amalis,
940 937 973 1004 in
989 940 1089 1005 bene-

19 1044 190 1120 ficentia,
212 1044 247 1109 in
269 1043 463 1133 perfectione
486 1043 695 1132 cognitionis,
721 1065 878 1133 nusquam
901 1043 1088 1113 ullomodo

19 1151 242 1228 claudicans,
274 1175 315 1217 ne
344 1151 492 1218 videatur
513 1151 631 1239 injusta
658 1162 691 1216 et
717 1151 890 1242 inaequalis.
921 1154 1087 1234 Quatenus

18 1285 115 1352 erge
131 1273 180 1326 est
196 1259 308 1351 aliquis
322 1261 446 1348 justus,
462 1271 511 1324 est
527 1260 658 1325 omnino
674 1260 699 1324 is
718 1282 846 1348 quoque
865 1259 989 1328 fidelia:
1007 1285 1088 1350 qna·
1120 1323 1127 1338 ,

18 1383 133 1437 tenus
146 1381 251 1436 autem
267 1380 315 1435 est
329 1365 449 1445 fidelis,
462 1367 609 1434 nondum
624 1379 672 1433 est
684 1369 781 1435 etiam
792 1369 906 1457 justus.
924 1369 944 1435 J
947 1371 1086 1440 ustitiam

20 1481 193 1568 dicoque
209 1479 245 1545 lit
256 1502 315 1568 per
327 1478 509 1568 proiectum
523 1489 555 1542 et
568 1479 900 1554 consummationem,
917 1501 974 1568 per
989 1502 1085 1567 quam
1105 1533 1108 1540 .

19 1589 207 1654 Gnosticus
226 1589 329 1677 justus
344 1587 470 1652 dicitur.
489 1585 561 1652 Jam
575 1607 650 1651 vero
668 1586 806 1653 Abrahae
823 1585 878 1673 qui
895 1585 996 1652 iactus
1011 1586 1083 1654 sue-

18 1707 83 1762 rat
102 1695 222 1784 fidelis,
244 1707 415 1782 reputatam
438 1705 482 1758 est
503 1692 746 1779 adjustitiam,
763 1705 800 1768 ut
815 1693 869 1780 qui
884 1691 1082 1782 processerat

18 1804 72 1869 ad
86 1804 123 1868 id
135 1802 222 1890 quod
233 1813 280 1867 est
297 1801 361 1865 {ide
376 1800 480 1888 majus
491 1809 523 1864 et
537 1799 718 1889 perfectius.
738 1801 809 1866 Non
821 1800 907 1865 euim
919 1801 973 1888 qui
989 1803 1083 1868 abati·

18 1921 94 1976 net
110 1908 213 1974 solum
225 1933 243 1974 e
256 1907 339 1974 mala
358 1908 498 1983 actione,
514 1919 563 1971 est
576 1908 697 1995 justus,
713 1909 773 1974 nisi
786 1920 937 1996 praeterea
952 1910 1010 1998 ipsi
1027 1933 1081 1977 ac-

19 2017 132 2085 cedat
154 2029 190 2082 ut
204 2030 238 2082 ει
254 2015 452 2092 benefaciat,
474 2027 506 2080 et
530 2027 720 2105 cognoscat,
738 2028 868 2107 propter
887 2041 983 2107 quam
1003 2041 1081 2086 eau-

20 2149 105 2194 sam
121 2125 347 2192 abstinendum
362 2121 492 2212 quidem
509 2124 549 2188 sit
562 2125 602 2189 ab
618 2124 685 2200 hia,
702 2123 755 2190 illa
775 2147 850 2190 vero
866 2126 928 2192 sint
944 2127 1074 2215 agenda.

15 2235 96 2302 Per
110 2259 198 2300 urana
209 2233 346 2321 justitiae
361 2233 485 2297 deutera
503 2243 531 2296 et
550 2231 711 2308 sinistra&
728 2232 806 2298 dicit
822 2232 990 2322 Apostolus
1009 2235 1079 2324 jus·
1141 2291 1143 2298 ,

17 2355 104 2410 tum
121 2342 291 2410 transmitti
309 2341 349 2406 ad
364 2363 522 2406 summam
540 2337 778 2416 haereditatem,
796 2339 844 2405 his
860 2340 988 2429 quidem
1003 2366 1079 2409 mu-

20 2451 152 2527 nitum,
165 2449 225 2516 illis
237 2472 312 2516 vero
324 2450 419 2515 etiam
436 2459 595 2537 agentem.
612 2449 681 2514 Non
693 2449 778 2514 enim
792 2447 895 2515 solum
910 2461 1078 2517 armaturae

21 2571 274 2647 tegumentum,
297 2569 329 2623 et
345 2557 533 2623 abstinentia
549 2581 567 2623 a
581 2557 739 2645 peccatis,
762 2535 879 2624 sullicit
896 2558 937 2623 ad
954 2558 1078 2646 periec-

23 2667 171 2743 tionem,
189 2667 249 2732 nisi
267 2665 471 2754 assumpserit
483 2664 580 2730 etiam
596 2686 676 2753 opus
691 2664 840 2752 justitiae,
858 2663 978 2731 scilicet
994 2667 1077 2733 bene

23 2775 146 2866 agendi
164 2775 239 2840 vim
261 2776 353 2842 Tunc
377 2785 485 2840 autem
502 2773 642 2862 perfecte
665 2773 839 2842 instructus
856 2775 1077 2868 ethostieus

24 2883 135 2949 lactus
156 2883 274 2971 justitia
295 2883 501 2971 conspicitur,
523 2882 589 2971 jam
611 2880 688 2948 hine
708 2903 772 2947 non
789 2905 880 2948 secus
896 2906 934 2948 ac
953 2881 1076 2961 Moses,

27 2989 134 3082 facie⁴
148 2991 246 3056 animi
261 2989 472 3078 glorificatus,
492 3013 587 3076 quam
604 2989 733 3078 quidem
748 2991 836 3079 prius
852 2989 988 3055 diximus
1003 3003 1077 3056 cot·-

27 3121 93 3187 pus
109 3099 326 3166 characterem
347 3097 489 3164 tribuens
503 3098 595 3185 justae
618 3098 741 3164 animae.
766 3097 847 3164 Nam
866 3097 1076 3186 quemadmo-

26 3207 113 3274 dum
125 3209 263 3274 tincturu
276 3205 355 3272 lanae
366 3205 465 3270 indita
478 3205 509 3269 in
522 3229 559 3271 ea
571 3228 716 3283 manens,
728 3207 955 3295 proprietatem
967 3229 1077 3295 quam·

28 3317 110 3382 dam
122 3329 155 3381 et
167 3315 381 3382 diversitatem
396 3314 437 3380 ub
453 3309 512 3378 alia
523 3311 592 3378 lana
609 3314 721 3380 tribuit
736 3325 744 3381 ’τ
760 3315 804 3382 ita
816 3315 912 3380 etiam
925 3313 957 3379 in
970 3316 1075 3383 anima

28 3426 146 3491 transit
162 3425 289 3513 quidem
305 3421 408 3500 labor,
421 3431 529 3488 manet
544 3433 651 3487 autem
666 3423 752 3510 quod
767 3435 815 3488 est
832 3424 953 3489 bonum
965 3435 998 3489 et
1013 3423 1073 3492 ho-

31 3544 183 3598 nestum:
202 3544 234 3597 et
250 3531 337 3620 quod
358 3529 535 3620 jucundum
550 3529 680 3617 quidem
696 3542 744 3596 est
760 3528 969 3617 relinquitur,
985 3533 1072 3621 quod

32 3652 126 3732 turpe
143 3651 249 3708 autem
263 3653 312 3706 est
326 3639 525 3728 abstergitur.
544 3638 601 3704 Hae
617 3651 691 3704 sunt
705 3639 790 3704 enirn
803 3637 987 3726 qualitates,
1000 3665 1071 3731 quae

71 3815 80 3840 ¹
95 3819 221 3876 Tobata,
235 3817 259 3871 8.
270 3847 304 3857 -
315 3817 323 3842 ²
335 3821 397 3867 Gen.
411 3835 459 3877 ιν,
472 3815 497 3868 6.
508 3819 580 3868 Rom.
592 3833 631 3878 av,
644 3813 668 3866 3.
679 3843 711 3854 -
724 3815 730 3840 ¹
744 3835 757 3867 a
770 3818 827 3867 Cor.
843 3833 960 3886 v1,7.-
974 3819 1070 3891 'baed

35 3921 123 3970 xxxrv,
139 3924 180 3972 29.
