2614 4628
236 269 297 348 148
545 287 720 334 cuuusurrs
745 285 958 331 anuxauunun

228 407 276 474 sui
291 399 447 498 Argynni,
467 405 656 474 condidisse.
676 403 905 482 Callimachus,
935 406 968 470 in
991 403 1074 472 libro
1090 422 1188 489 nnus,
1209 429 1254 472 scu
1280 437 1290 482 ς

232 517 436 590 Causarum,
453 514 530 582 dicit
550 514 690 582 medas
706 513 831 580 divium
842 513 980 580 bonores
1001 513 1145 579 tribuere
1161 513 1255 580 Diana
1274 494 1290 599 l

230 643 417 718 Αιαγχομένῃ,
437 649 493 692 seu
508 649 580 714 quae
594 649 630 692 se
650 627 887 716 strangulavit.
919 623 1045 691 Colitur
1064 623 1161 690 etiam
1185 625 1255 690 llut-
1275 608 1290 679 l

227 736 356 825 hymnae
375 734 436 804 slia
456 736 556 802 Diana
579 734 768 824 Condylitis.
786 737 843 802 Est
865 758 993 824 quoque
1017 735 1169 824 Podagrae
1187 733 1255 800 alte
1278 718 1291 754 '¹

228 849 292 916 rius
311 846 422 912 Dianae
437 841 594 935 templum
616 845 649 910 in
671 843 844 919 Laconica.
860 855 896 910 ut
915 844 1012 910 refert
1027 843 1182 911 Sosibius.
1203 845 1257 911 Po-
1288 848 1291 886 ¹

225 957 311 1027 lemo
333 967 441 1024 autem
458 957 585 1024 hirsutis
603 953 757 1046 Apollinis
777 979 891 1032 unum,
907 967 940 1023 ct
960 957 1139 1044 popinariis
1159 922 1285 1038 rursusl

226 1065 380 1158 Apollinis
394 1063 543 1141 alterum,
560 1065 647 1154 quod
668 1065 703 1132 in
718 1063 809 1131 Elide
825 1063 955 1139 colitur,
973 1062 1182 1130 simulacrum
1195 1089 1256 1132 mr-

225 1189 339 1244 morat.
362 1175 546 1255 Quinetiam
567 1173 666 1242 iidem
688 1172 757 1240 Elei
779 1173 852 1240 lovi
876 1195 1059 1240 muscarum
1088 1173 1254 1263 depulsori.

224 1283 496 1376 quemadmodum
530 1283 665 1352 Romani
696 1281 826 1350 llerculi
862 1305 1048 1350 muscarum
1082 1283 1253 1373 depulsori,

224 1397 365 1485 itemque
379 1393 475 1462 Febri
494 1407 527 1460 et
541 1394 668 1471 Pauori,
682 1417 760 1482 quos
772 1395 843 1482 ejus
859 1395 942 1462 inter
956 1393 1092 1461 comites
1106 1394 1252 1466 referunt.

226 1529 314 1577 soora
330 1505 461 1574 iaciunt.
482 1503 574 1570 ttiuo
596 1516 704 1570 autem
719 1503 865 1594 Argivos.
881 1505 934 1592 qui
949 1503 1109 1572 Venerem
1123 1519 1254 1593 rupsnpt

223 1651 285 1704 χον,
296 1639 352 1684 seu
367 1639 441 1705 quoe
457 1615 605 1704 sepuiuu
621 1611 752 1704 effodit,
767 1612 888 1682 colunt.
906 1613 997 1681 Sicut
1008 1614 1107 1680 etiam
1117 1613 1254 1704 Spartani

222 1723 357 1794 Dianam
372 1723 552 1814 Chelytids,
564 1724 717 1814 quonium
732 1723 846 1789 tussire
860 1725 901 1790 ab
924 1723 970 1790 eis
985 1723 1105 1790 dicitur
1115 1730 1255 1804 χιιιιπω,

221 1847 424 1904 venerantur.
446 1836 496 1904 An
514 1846 549 1900 tu
566 1856 655 1907 vero.
672 1833 758 1899 unde
780 1832 849 1898 haec
869 1833 965 1899 citata
980 1832 1123 1912 inerunt,
1139 1834 1256 1901 intelli-

221 1945 299 2036 gas?
321 1947 388 2036 Ego
411 1955 498 2014 certe
519 1965 588 2034 que
611 1969 630 2010 a
656 1942 811 2010 vobismet
832 1943 906 2032 ipsis
929 1942 1036 2011 afferri
1066 1945 1100 2010 in
1121 1945 1255 2012 medium

221 2054 337 2134 solent,
360 2055 493 2147 apposui
514 2053 572 2122 tibi
592 2079 600 2120 :
617 2065 654 2120 ιιι
674 2076 750 2120 vero
774 2075 814 2118 ne
835 2065 908 2120 tuos
922 2053 1055 2143 quidem
1077 2054 1254 2145 scriptores,

220 2167 307 2258 quod
328 2167 367 2238 ad
391 2167 585 2258 arguendam
607 2179 697 2233 tuam
719 2163 976 2232 incredulitatem
999 2176 1099 2230 testes
1125 2165 1255 2240 advoco,

220 2297 392 2368 agnoscere
408 2278 534 2344 videris.
553 2277 582 2343 Ο
598 2277 717 2355 miseri,
734 2275 788 2366 qui
801 2287 903 2343 totam
919 2276 1017 2342 vitam
1032 2287 1190 2352 vestram,
1206 2277 1256 2342 mi·

220 2388 306 2455 nime
325 2388 455 2478 quidem
475 2387 614 2466 vitalem,
638 2401 703 2454 tam
732 2387 860 2456 nefariis
881 2385 1027 2454 ludibriis
1050 2386 1253 2477 implevistis!

222 2496 335 2564 Nonne
350 2497 442 2586 Argis
455 2497 582 2587 Jupiter
598 2497 724 2572 calvus,
746 2495 826 2563 alter
843 2519 918 2562 vero
940 2495 1056 2562 attare
1072 2497 1206 2564 nomine
1228 2498 1255 2562 in

220 2605 328 2695 Cypro
347 2603 462 2670 colitur
472 2605 486 2669 P
498 2605 609 2671 Nonne
625 2603 740 2670 Veneri
756 2605 938 2670 Periiasioe
953 2605 1076 2694 Argivi,
1091 2607 1255 2674 nserctrici

218 2713 439 2792 Athenienses,
452 2729 484 2781 et
492 2715 640 2806 pulchris
652 2715 803 2782 clunibus
811 2717 963 2806 prendite
970 2715 1148 2805 syracusi,
1167 2741 1256 2806 quam

218 2823 376 2893 Nicander
392 2837 577 2912 astliptouros
594 2823 710 2892 alicubi
733 2826 869 2902 vocavit,
886 2849 975 2892 sacra
992 2826 1139 2894 iaciunt?
1156 2827 1257 2897 Taceo

147 2960 148 2970 ¹
216 2958 302 3006 nunc
317 2933 481 3002 Bacchum
492 2949 664 3026 χοιρο-ιάιην,
676 2959 731 3000 seu
744 2935 797 3024 qui
808 2949 968 3001 naturum
976 2936 1180 3004 muliebrem
1191 2963 1257 3006 con·

215 3043 440 3128 iracundum
454 3054 644 3108 venerantur
656 3043 810 3131 Sicyonii,
822 3042 1065 3135 praeficiuntquc
1084 3047 1259 3114 mulierum

213 3153 384 3243 pudendis;
410 3152 614 3241 turpitudinis
634 3154 813 3241 praesidem,
830 3166 862 3218 et
881 3155 986 3221 omnis
1006 3159 1182 3245 proterviae
1203 3183 1258 3248 pa·

211 3275 355 3340 tronum,
383 3285 506 3330 summa
535 3261 686 3352 religione
709 3262 860 3331 colentes.
888 3265 993 3354 Atque
1019 3263 1098 3332 tales
1127 3269 1260 3356 quidem

212 3384 286 3438 sunt
302 3373 377 3462 ipsis
393 3373 442 3438 dei
461 3395 468 3437 :
487 3370 564 3437 tales
579 3385 686 3438 autem
706 3386 781 3439 sunt
795 3373 853 3462 ipsi
873 3375 1081 3464 quoque.·qui
1098 3376 1133 3442 in
1150 3377 1257 3444 divina

211 3479 363 3570 religione
390 3481 520 3558 ludunt,
544 3493 599 3548 aut
621 3483 727 3570 potins
747 3483 807 3549 sibi
827 3481 985 3563 illudunt,
1001 3487 1261 3574 etvgrsnvissimss

209 3591 421 3658 contumelias
441 3595 635 3682 intorquent.
654 3594 785 3675 Quanto
801 3592 914 3662 melius
936 3593 1198 3686 AEgyplllfstmtb
1210 3600 1255 3666 ni·

210 3700 306 3767 catim
324 3714 357 3767 et
375 3726 432 3792 per
451 3707 546 3771 urbes
557 3707 650 3772 bruta
663 3704 809 3774 animalia
823 3704 1004 3783 coluerunt,
1017 3729 1114 3794 quam
1125 3709 1260 3783 thaed,

208 3810 262 3900 qui
288 3809 509 3902 hujuscemodi
537 3814 613 3880 deos
635 3815 787 3880 adorant!
812 3813 882 3878 Sint
906 3815 990 3880 enim
1018 3794 1170 3890 illatenus
1186 3794 1202 3882 ;ι
1229 3831 1261 3882 at

128 3919 142 3970 ¹»
239 3931 598 4006 ¹u1nn.onuon,p.s77.
