2570 4614
218 237 282 315 ado
530 267 705 314 crnnrrrrrs
730 269 940 317 rumaamnrr

217 387 259 454 ris
275 387 495 456 substantiam.
510 387 695 470 Quinetiam
710 393 797 482 quod
809 406 860 459 est
871 394 904 460 irr
918 405 1022 471 utera,
1035 395 1178 484 primam
1187 395 1241 484 qui

217 497 291 564 dem
305 509 353 566 est
370 496 471 566 leetea
487 496 611 566 humidi
630 499 829 592 coagulatio:
843 504 958 572 deinde
975 501 1046 572 lraec
1062 505 1241 596 coagulatio,

217 608 250 676 in
264 608 452 698 sauguinem
468 633 634 686 conversa,
657 633 732 678 caro
747 613 886 682 efficitur
903 637 912 680 ε
931 627 1084 684 concretu
1100 617 1241 682 autemia

218 732 311 788 utero
329 744 347 786 a
367 721 505 790 naturali
522 737 555 789 et
570 720 676 788 oelido
693 727 819 816 spiritu,
844 751 944 816 aquo
964 725 1128 818 effingitur
1149 727 1240 804 setar.

216 831 404 902 vivificatur.
425 822 609 914 Quirietiam
624 847 793 928 postquam
809 850 857 904 est
875 838 908 904 in
927 836 1033 904 lucem
1049 838 1158 904 editae
1173 835 1243 927 prad

217 942 279 1020 lus,
291 944 406 1012 eodem
418 945 571 1034 ranguiue
582 944 690 1012 alitur.
702 945 820 1013 Natura
832 945 1243 1037 enimsauguinisestflarm

218 1053 323 1131 lactis,
337 1065 371 1122 et
385 1054 455 1122 loni
475 1056 662 1122 nutrimenti
677 1055 728 1152 luo
745 1068 806 1133 est,
823 1079 887 1145 quo
905 1055 1003 1124 etiam
1018 1055 1138 1123 mulier
1153 1067 1243 1122 orrer-

219 1167 307 1236 tlitur·
319 1179 352 1234 et
362 1189 435 1234 vere
447 1168 619 1256 peperisse,
634 1180 667 1234 et
681 1191 750 1236 eree
765 1180 893 1234 mater:
912 1191 970 1258 per
984 1169 1072 1258 quod
1090 1169 1243 1234 etiambe-

219 1275 407 1348 nerolentiae
426 1275 591 1343 stimulum
615 1279 742 1368 aecipit.
763 1277 936 1367 Propterea
953 1301 1030 1368 ergo
1046 1279 1102 1367 qui
1120 1279 1160 1345 in
1178 1279 1241 1366 Ape-

221 1386 302 1455 rtolo
327 1399 396 1454 erat
424 1399 552 1454 sanetus
579 1385 735 1476 Spiritus,
773 1387 900 1454 Domini
929 1409 1008 1458 rouo
1035 1399 1154 1463 uterre,
1183 1387 1241 1452 dirit
1275 1423 1277 1472 ἰ

222 1497 377 1586 myrrea:
396 1496 691 1585 meroreporum
702 1495 780 1562 eet
795 1495 818 1562 ¹.
838 1496 1014 1564 srenrmrn
1030 1497 1240 1586 cerreoep
1276 1479 1277 1502 ³

221 1607 323 1676 necati
346 1627 469 1682 eumue,
492 1605 547 1694 qui
568 1629 626 1671 noe
649 1606 858 1694 regeneravit.
881 1607 1008 1695 proprio
1031 1603 1116 1672 laete
1143 1606 1236 1679 nutrit.
1276 1605 1277 1686 j

223 1739 339 1807 nempe
355 1715 473 1782 Verbo.
495 1715 663 1804 Quidquid
678 1716 764 1782 enim
781 1716 955 1806 generavit,
970 1717 1000 1781 ei
1017 1715 1108 1805 quod
1120 1737 1238 1805 genera·

221 1840 275 1896 tur
284 1828 431 1916 protinus
441 1824 628 1892 alimentum
640 1827 782 1915 prebere
797 1837 845 1892 ert
861 1837 1125 1894 consentaneum.
1141 1823 1234 1907 Quem

128 1933 133 1940 ’
221 1935 398 2004 admodum
421 1948 529 2002 autem
547 1937 745 2025 regeneratio
765 1937 1005 2012 convenienter,
1022 1937 1065 2003 ita
1089 1936 1238 2002 minum

221 2045 408 2112 trimeatum
425 2044 486 2111 fuir
501 2044 624 2112 homini
642 2045 815 2134 spirituale.
841 2045 939 2114 Omni
956 2069 1036 2137 ergo
1057 2047 1184 2113 ratione
1199 2065 1241 2111 aar

223 2157 426 2226 iuomuibur
449 2155 577 2224 Christo
605 2157 852 2246 conjungimur:
867 2169 901 2224 et
925 2158 958 2222 irr
981 2157 1187 2246 cognatione,
1201 2177 1243 2244 prr

224 2268 411 2356 sanguinem
426 2267 510 2356 ejus,
528 2289 592 2354 quo
606 2265 817 2332 redimimur:
833 2279 866 2333 et
879 2268 911 2332 ia
923 2267 1116 2356 sympathia,
1134 2287 1190 2356 per
1202 2287 1243 2330 rru-

223 2377 399 2456 tritionem,
420 2401 491 2466 quae
508 2400 549 2444 ex
570 2375 677 2444 Verbo
700 2377 841 2444 efficitur·
864 2399 874 2443 r
898 2378 983 2443 etin
1005 2378 1240 2468 incorruptione,
1276 2363 1278 2366 ⁵

223 2509 283 2574 per
295 2487 366 2576 ejus
380 2487 478 2576 ipeiut
493 2486 738 2562 institutionem,
754 2496 788 2552 et
803 2485 875 2552 rite
890 2485 1020 2575 rgendae
1035 2487 1209 2554 rationem:

300 2646 411 2705 Aluisse
424 2657 520 2706 autem
531 2647 607 2705 inter
618 2647 751 2706 homiues
766 2665 842 2726 saepe
856 2645 941 2706 essert

302 2736 391 2796 Plura
399 2737 505 2796 amoris
516 2739 713 2812 incitamenta,
722 2757 808 2816 quum
823 2755 992 2816 procreasse
1004 2735 1127 2795 liberos.

224 2862 313 2930 ldem
327 2886 403 2954 ergo
419 2865 545 2954 sanguis
560 2877 593 2930 et
607 2861 669 2942 lec,
686 2865 838 2955 passionis
852 2877 885 2930 et
901 2863 1054 2931 doctrinae
1065 2861 1195 2928 Domini
1210 2869 1245 2924 est

223 2972 415 3064 symbolum.
434 2975 613 3066 Unicuique
627 3001 702 3066 ergo
723 2957 956 3064 nostrum,'qui
978 2973 1115 3040 infantes
1134 2994 1242 3041 sumus,

224 3085 300 3154 lieet
311 3086 351 3152 de
361 3073 499 3154 Domino
511 3087 651 3178 gloriari,
663 3099 696 3154 et
707 3085 832 3178 eloqui:

302 3229 389 3287 Patre
400 3227 489 3302 bono,
504 3194 613 3308 talilpue
622 3249 659 3288 ex
668 3231 807 3308 sanguiue
817 3227 929 3306 glorior
938 3247 1010 3288 esse.

227 3368 323 3448 Quod
335 3379 442 3436 ratem
456 3365 508 3437 lae
521 3392 561 3436 ex
575 3371 728 3461 sanguine
739 3369 795 3436 srrt
804 3387 864 3460 per
874 3369 1098 3446 mutationem,
1111 3369 1179 3456 jam
1192 3367 1248 3456 qui·
1277 3383 1278 3436 ὲ

226 3478 301 3548 dem
318 3479 443 3578 clarum
455 3493 504 3548 ert
517 3505 526 3549 r
542 3503 651 3548 rerum
666 3463 701 3547 irl
713 3483 809 3548 etiam
824 3493 857 3546 et
867 3503 906 3546 err
916 3481 1086 3570 pecoribus
1104 3493 1137 3546 et
1150 3504 1190 3548 ex
1199 3483 1251 3545 bo·

226 3590 287 3656 hue
312 3587 387 3656 lieet
414 3613 616 3682 cognoscere.
639 3585 717 3660 ilico
738 3592 826 3657 enim
846 3589 993 3657 animalia
1017 3601 1164 3680 tempore
1185 3587 1251 3656 arrru¹

227 3697 315 3788 quod
335 3722 391 3766 rer
411 3721 579 3779 vocamur,
603 3723 677 3770 eum
698 3701 861 3768 humidior
881 3701 922 3767 sit
943 3707 1011 3779 adr,
1035 3701 1207 3791 herbaeque
1225 3709 1253 3766 et

226 3833 344 3901 param
354 3811 566 3882 aimmelimr'r
584 3815 672 3885 rucei
688 3826 721 3882 at
736 3815 836 3904 magis
851 3813 988 3891 roscida,
1006 3813 1159 3904 sauguine
1175 3810 1253 3902 prim

259 3938 269 3972 ¹
284 3953 292 3986 r
305 3937 412 3999 Gomrr,
427 3956 449 3990 a.
