2738 4628
257 256 293 330 14
386 264 389 273 “
572 263 685 321 sunc'rt
709 280 823 324 rasum
847 281 908 323 urs.
936 283 954 324 r

248 391 405 466 omniurn,
421 393 599 481 perfectum
614 393 777 463 hominem
794 396 901 464 efficit.
921 401 962 465 Et
976 411 1108 488 propter
1121 403 1185 472 hoc
1198 406 1294 496 Apo·

207 573 209 579 y
247 498 346 566 stolus
361 501 499 589 seipsum
513 525 687 591 exponens,
700 503 878 594 explanavit
893 507 1072 596 perlectum
1087 523 1119 576 et
1134 514 1294 602 spiritua-

247 611 310 678 lem
325 610 432 678 salutis
444 613 620 690 hominem,
635 616 666 682 iu
678 616 780 705 prima
792 616 923 705 epistola
935 618 977 684 ad
987 617 1292 691 Thessalonicenses
1360 658 1366 669 ·

246 720 355 786 dicens
370 721 416 786 sio
427 743 436 786 r
449 747 463 782 ι
477 721 562 788 Deus
577 732 685 790 autem
700 726 787 813 pacis
802 725 980 792 sanctificet
994 751 1048 794 ros
1064 729 1238 817 perfectos;
1254 743 1293 798 et

246 830 394 919 »integer
415 842 518 898 vester
535 831 676 920 spiritus,
695 842 727 898 et
742 833 866 920 anima,
888 846 922 898 et
941 856 1057 923 corpus
1073 837 1140 902 sine
1155 837 1291 924 querele

245 939 305 1004 rin
327 939 499 1005 adventum
517 940 646 1006 Domini
665 941 747 1030 Jesp
770 939 887 1007 Christi
909 940 1084 1006 servetur¹.
1102 970 1116 1004 s
1131 943 1171 1008 Et
1186 966 1292 1031 quam

246 1048 354 1136 utique
370 1070 499 1115 causam
520 1048 659 1117 habehat
675 1051 725 1117 his
747 1051 862 1128 tribus,
877 1051 910 1117 id
930 1063 991 1126 est,
1009 1051 1135 1127 anime,
1152 1065 1185 1118 et
1205 1077 1287 1120 eor-

243 1158 327 1247 pori,
347 1171 381 1224 et
400 1158 544 1248 Spiritui,
569 1160 725 1249 integram
746 1171 779 1225 et
799 1158 973 1248 perlectam
994 1161 1287 1249 perseverationem

243 1267 365 1355 precari
381 1267 413 1334 in
428 1267 600 1362 adrentum
615 1269 755 1345 Domini,
772 1269 832 1334 nisi
851 1268 1152 1357 redintegrationem
1171 1283 1204 1336 et
1222 1273 1287 1338 ad·

245 1377 419 1444 unitionem
434 1379 545 1453 trium,
561 1389 593 1442 et
610 1401 706 1444 unam
721 1389 755 1444 et
769 1377 916 1443 eamdem
931 1379 1074 1467 ipsorum
1093 1380 1213 1447 sciehat
1230 1405 1284 1446 sa-

242 1486 365 1554 lutemi
377 1487 512 1577 Propter
526 1485 613 1576 quod
627 1499 659 1552 et
674 1485 832 1576 perlectos
848 1487 894 1552 ait
907 1509 962 1552 eos
978 1487 1032 1575 qui
1048 1488 1107 1553 tria
1123 1489 1190 1554 sine
1206 1511 1284 1578 que·

240 1595 306 1662 reln
318 1596 470 1663 exhibent
484 1597 632 1662 Domino.
648 1573 781 1664 Derieoti
797 1597 905 1686 igitur,
918 1596 972 1683 qui
987 1608 1021 1661 et
1035 1595 1188 1686 Spiritum
1200 1600 1235 1664 iu
1246 1622 1282 1664 se

240 1721 495 1795 perseverantem
517 1707 688 1774 habuerint
708 1706 779 1782 Dei,
800 1719 833 1772 et
855 1705 977 1771 animas
1000 1717 1033 1770 et
1056 1728 1189 1796 corpora
1210 1709 1281 1774 siue

240 1816 367 1904 querela
384 1817 577 1883 servaverint
585 1839 595 1891 ι
614 1815 684 1891 Dei,
708 1815 821 1891 idest,
844 1811 931 1880 illam
950 1837 1021 1904 quae
1041 1814 1083 1879 ad
1104 1815 1208 1882 Deum
1230 1829 1283 1882 est

241 1925 338 1992 lidem
349 1937 522 2000 servantes,
534 1937 567 1991 et
576 1947 648 1990 eam
660 1945 731 2012 quae
741 1923 782 1990 ad
792 1924 973 2013 proximum
984 1924 1193 2022 estjustitiam
1202 1948 1281 1993 eus-

240 2036 408 2102 todientes.
975 2101 983 2112 ,

300 2145 390 2212 Unde
411 2154 444 2210 et
463 2141 619 2232 templum
641 2141 698 2208 Dei
718 2139 838 2231 plasma
857 2163 926 2208 esse
946 2142 1012 2206 ait:
1032 2167 1044 2202 ι
1064 2141 1211 2218 Nescitis,
1227 2146 1282 2209 di·

241 2285 253 2317 »
269 2277 356 2330 cem,
371 2253 521 2342 quoniam
537 2249 692 2341 templum
707 2251 765 2318 Dei
782 2249 870 2327 estis,
887 2264 920 2316 et
933 2251 1070 2340 Spiritus
1081 2251 1140 2317 Dei
1152 2251 1280 2320 habitat

238 2368 299 2432 sin
314 2364 426 2432 vohis?
443 2362 478 2430 si
493 2362 563 2451 quis
581 2360 737 2452 templum
752 2361 811 2428 Dei
822 2359 997 2437 violaverit,
1010 2361 1171 2451 disperdet
1183 2361 1279 2432 illum

238 2476 361 2544 »Deus
375 2473 547 2564 Templum
556 2474 642 2540 euim
654 2474 867 2540 Deisunctum
878 2487 940 2549 est,
951 2473 1040 2562 quod
1049 2474 1124 2538 estis
1136 2495 1190 2540 vos
1203 2474 1234 2550 ²3
1255 2505 1269 2540 ι
1289 2525 1292 2533 .

236 2584 402 2652 manifeste
416 2605 533 2673 eorpus
546 2579 704 2671 ¹templum
720 2581 842 2658 dicens,
858 2581 890 2647 in
905 2604 970 2670 quo
985 2581 1108 2648 habitat
1121 2581 1272 2673 Spiritus.

237 2693 518 2776 Quemadmodum
533 2703 567 2757 at
581 2691 735 2758 Dominus
756 2692 797 2757 de
816 2714 851 2756 se
865 2692 910 2757 ait
927 2713 936 2756 s
954 2691 1100 2758 «Solvite
1117 2694 1181 2760 hoc
1194 2711 1277 2762 tem·

235 2835 248 2868 »
262 2805 366 2896 plum,
378 2815 412 2869 et
424 2804 456 2869 in
472 2803 574 2870 trihus
585 2801 697 2870 diebus
711 2801 871 2870 suscitabo
886 2799 975 2868 illud
994 2802 1064 2869 lloe
1077 2814 1201 2880 autem,
1217 2807 1274 2870 in·

234 2946 248 2982 s
262 2919 347 3006 quit,
363 2913 490 2983 dicebat
505 2914 545 2979 de
555 2935 689 3001 corpore
700 2935 758 2979 suo
771 2911 794 2976 ⁸.
809 2939 823 2975 s
836 2913 876 2980 Et
887 2935 953 2979 non
964 2924 1089 2978 tentum
1102 2913 1272 3004 templum,

234 3030 291 3096 sed
304 3041 337 3094 et
353 3023 510 3116 templum
527 3021 644 3092 Christi
658 3024 718 3091 scit
732 3045 866 3114 corpora
886 3036 1006 3100 nostru,
1028 3023 1203 3098 Corinthiis
1221 3026 1273 3093 di·

231 3163 310 3208 cens
323 3138 390 3207 sie:
407 3163 421 3197 ι
440 3134 573 3203 Nescitis
589 3133 741 3222 quoniprn
755 3137 889 3223 corpora
904 3145 1006 3201 vestra
1023 3137 1167 3202 membre
1180 3136 1273 3202 Chri·

233 3224 300 3316 »sti
319 3245 414 3316 suut?
430 3243 560 3314 Tolleus
581 3266 659 3333 ergo
679 3245 824 3312 membra
842 3243 973 3320 Christi,
991 3243 1107 3311 faciam
1122 3247 1270 3313 membra

234 3391 247 3426 ι
260 3355 451 3428 meretricis‘
460 3357 494 3423 i»
505 3355 575 3425 Non
584 3353 693 3421 dealio
701 3352 841 3444 quodam
852 3353 982 3422 homine
992 3352 1146 3445 spirituali
1158 3356 1282 3435 diceus¹

232 3472 318 3542 haee;
337 3465 505 3535 nonenim
523 3463 577 3530 ille
595 3461 820 3552 complectitur
833 3464 1035 3530 meretricem
1053 3485 1062 3528 ε
1080 3464 1137 3530 sed
1151 3487 1269 3555 corpus

232 3593 377 3649 nostrum
399 3576 449 3664 (id
464 3586 512 3642 est
526 3596 602 3640 earo
620 3593 693 3660 quae
715 3594 791 3639 cum
809 3572 1018 3640 sanctimonia
1035 3586 1218 3661 perseverat
1236 3587 1271 3640 et

231 3687 421 3774 munditia),
438 3684 581 3752 membra
596 3681 676 3750 dixit
686 3703 754 3749 essa
764 3680 899 3759 Christi3
911 3682 1040 3774 quaudo
1057 3695 1165 3760 autem
1176 3705 1270 3752 com-

263 3838 273 3870 ¹
290 3853 299 3884 r
313 3828 426 3886 Thessal.
441 3848 467 3894 r,
481 3831 520 3882 ιδ.
539 3857 569 3870 -
584 3829 595 3865 ²
609 3848 618 3880 ι
631 3831 688 3882 Cor.
708 3847 747 3892 ur,
762 3830 800 3882 16.
815 3857 845 3870 -
859 3829 869 3865 ⁸
887 3829 962 3882 loen.
975 3848 1004 3892 u,
1017 3845 1055 3893 ro,
1067 3849 1104 3905 ar..
1121 3861 1151 3870 -
1164 3831 1174 3866 ⁴
1187 3849 1195 3881 r
1206 3831 1267 3883 Cor.

231 3939 266 3983 vs,
280 3925 315 3970 rs.
