2738 4628
212 225 274 326 *16
555 243 668 290 errori
693 245 806 288 irenei
830 245 889 289 nro.
917 247 936 289 r

231 382 265 433 et
278 387 385 434 sermo
400 375 460 441 est,
473 364 625 454 quoniam
640 362 811 432 rivilicebit
824 385 897 430 eam
907 361 1016 430 Deus?
1029 364 1107 432 lloec
1117 365 1204 432 enim
1219 380 1269 433 est

192 481 198 490 '
231 502 302 566 quae
322 477 470 550 moritur,
487 487 521 540 et
535 473 681 548 solvitur3
699 473 757 540 sed
775 497 840 540 uon
854 475 973 550 anima,
992 497 1097 564 neque
1112 474 1263 564 Spiritus.

230 587 311 653 llari
333 587 418 652 enim
444 594 493 651 est
514 583 642 653 vitalem
666 585 813 651 emittere
832 582 1043 661 habilitatem,
1065 596 1098 651 ει
1112 587 1180 653 sine
1195 589 1267 677 spi--

231 696 355 764 rumine
377 696 411 761 in
432 706 610 784 posterum,
631 705 664 758 ει
686 692 904 770 inanimalem,
924 705 957 759 et
978 693 1269 762 immemorabilem

230 805 313 882 fieri,
325 814 359 872 et
369 804 514 894 deperire
528 803 561 868 in
570 801 636 878 illo,
648 825 687 868 ex
698 803 814 892 quibas
825 815 858 868 ct
869 803 995 870 initium
1006 805 1189 872 substantie
1204 806 1250 873 be

230 917 311 985 buit.
330 917 400 984 Hoc
410 926 518 988 eutem
533 936 637 1001 neque
648 914 762 980 euimae
774 915 895 987 evenit;
909 912 1005 980 ssatus
1016 927 1064 983 est
1075 916 1162 982 enim
1173 919 1265 984 ritae:

230 1051 335 1116 neque
350 1025 501 1116 Spiritum
517 1024 745 1115 incompositus
760 1036 809 1090 est
823 1025 953 1094 enimet
967 1023 1101 1115 simplex
1114 1025 1266 1114 Spiritus,

229 1139 284 1228 qui
301 1135 414 1204 resolvi
426 1157 491 1201 non
502 1146 620 1224 potest,
632 1145 666 1200 ει
680 1135 748 1223 ipse
758 1134 821 1200 rita
833 1147 881 1201 est
892 1157 1003 1202 eorum
1015 1135 1069 1226 qui
1084 1137 1268 1226 percipiunt

230 1248 331 1317 illum.
353 1245 506 1335 Superest
525 1245 623 1335 igitur
636 1254 673 1310 ut
692 1245 776 1312 circa
798 1268 928 1312 carnem
946 1271 1032 1313 mors
1053 1247 1263 1314 ostendatur:

229 1381 300 1449 quae
315 1369 523 1447 posteaquam
538 1356 651 1422 exierit
663 1356 782 1432 anima,
799 1356 867 1424 sine
881 1357 1051 1448 spiratione
1066 1369 1099 1424 et
1113 1356 1266 1425 inanimal

229 1471 378 1544 efficitur,
398 1480 431 1535 et
445 1466 599 1557 paulatim
615 1465 783 1533 resolvitur
797 1468 830 1533 in
851 1479 983 1543 terrem,
1001 1491 1040 1534 ex
1059 1491 1121 1557 qua
1137 1480 1264 1558 sumptu

228 1593 285 1646 est.
301 1580 377 1646 uaee
390 1579 486 1667 igitur
499 1575 653 1644 mortalis.
673 1577 750 1644 Haec
764 1588 872 1644 autem
885 1577 925 1644 de
938 1601 999 1666 qua
1017 1590 1050 1644 et
1065 1577 1164 1645 dicit:
1183 1606 1197 1640 ι
1211 1577 1265 1647 Vi·

228 1688 394 1756 ·vificabit
416 1699 449 1754 ει
470 1684 614 1754 mortalia
642 1707 776 1774 corpora
797 1697 910 1752 vestra.
940 1715 952 1748 ι
975 1687 1014 1752 Et
1040 1698 1170 1776 propter
1198 1687 1264 1754 boc

227 1800 271 1865 eit
286 1799 325 1866 de
335 1821 386 1876 eu,
399 1797 432 1864 in
449 1795 604 1888 prima'ad
620 1795 824 1862 Corinthios:
840 1823 854 1857 r
868 1795 923 1863 Sic
934 1808 966 1864 ει
978 1797 1167 1864 resurrectio
1178 1820 1267 1865 mor·

227 1922 395 1975 »tuorum
419 1905 601 1974 Seminatur
623 1906 657 1972 in
678 1907 896 1996 corruptione,
919 1918 1027 1997 surget
1045 1907 1078 1973 in
1098 1907 1264 1999 incorrup-

129 2011 137 2036 ⁸
227 2017 370 2085 stione&
390 2016 566 2086 »Etenim«
585 2027 639 2091 tu,
657 2015 719 2091 ait,
732 2013 819 2102 quod
834 2015 971 2082 semines
987 2038 1053 2086 nun
1070 2014 1262 2092 vivificatur,

228 2128 316 2198 »nisi
331 2128 419 2217 prius
435 2127 590 2194 moriatur
602 2122 625 2190 ².
640 2149 653 2187 s

285 2238 372 2318 Quid
392 2248 441 2304 est
456 2243 568 2324 [autem
593 2233 679 2324 quod
696 2245 731 2299 ut
746 2256 881 2324 gronam
901 2231 997 2302 tritici
1015 2236 1208 2316 seminetur,
1226 2253 1262 2305 et

224 2361 332 2438 putret
346 2349 378 2416 in
394 2360 491 2422 terra,
510 2345 569 2413 nisi
586 2366 720 2433 corpore
734 2366 806 2430 quae
821 2343 855 2409 in
869 2355 954 2413 terre
964 2358 1141 2434 ponuntur,
1152 2348 1185 2415 in
1195 2372 1260 2436 quu

223 2477 256 2530 et
271 2462 389 2530 semino
404 2455 586 2547 jactantur?
601 2458 643 2523 Et
657 2467 789 2544 propter
802 2452 865 2521 boc
881 2455 980 2521 dixit:
1004 2481 1017 2517 a
1032 2456 1214 2524 Seminatur
1224 2459 1261 2525 in

223 2569 460 2662 »ignobilitate,
484 2576 593 2653 surget
614 2565 647 2628 in
665 2561 763 2650 gloria
783 2561 807 2626 ⁸.
836 2589 850 2625 a
872 2562 960 2641 Quid
980 2565 1065 2631 enim
1088 2564 1260 2656 ignobilius

222 2687 319 2750 carne'
332 2674 550 2746 mortuaiVel
573 2672 651 2761 quid
665 2672 782 2738 iterum
803 2670 970 2762 gloriosius
989 2687 1138 2765 surgente
1156 2700 1207 2754 ea,
1224 2690 1260 2743 et

221 2789 417 2883 percipiente
444 2782 717 2874 incorruptelam?
747 2809 761 2844 a
787 2782 971 2851 Seminatur
999 2786 1032 2852 in
1057 2786 1256 2864 infirmitate,

221 2899 348 2990 »surgit
365 2898 398 2963 in
414 2896 530 2962 virtute
544 2892 555 2927 ⁴
574 2912 584 2957 t
601 2891 662 2958 »tn
673 2889 857 2958 infirmitate
873 2892 1004 2982 quidem
1018 2917 1088 2973 sua,
1104 2897 1256 2985 quoniam

221 3031 297 3080 oum
310 3011 457 3082 sitterra,
470 3006 633 3072 interram
648 3003 752 3076 vadita
772 3003 886 3068 virtute
901 3013 1010 3070 autem
1029 3003 1100 3081 Dei,
1117 3007 1257 3096 quicum

220 3121 352 3188 suscitat
362 3141 379 3182 a
391 3113 534 3182 mortuis.
557 3139 571 3175 r
586 3112 769 3178 Seminatur
780 3133 895 3202 corpus
907 3111 1055 3190 animale,
1068 3127 1176 3204 surget
1186 3138 1257 3184 oar-

219 3253 306 3322 »pus
325 3222 529 3319 spirituale⁵.
548 3250 561 3288 ι
577 3221 760 3289 Indubitate
782 3219 906 3297 docuit,
928 3222 1079 3308 quonium
1093 3247 1197 3314 neque
1213 3225 1256 3292 de

219 3341 324 3406 anima
351 3357 455 3424 neque
475 3331 516 3398 de
536 3330 649 3419 spiritu
670 3351 776 3395 sermo
794 3340 843 3394 est
860 3329 902 3405 ei,
921 3330 978 3396 sed
995 3331 1035 3397 de
1055 3333 1255 3401 mortificatis

219 3447 415 3538 corporibus.
437 3443 514 3510 Haec
529 3453 603 3507 sunt
618 3441 704 3507 enirn
720 3459 853 3528 corpore
868 3438 1028 3519 animalia,
1049 3442 1158 3536 idest,
1178 3467 1254 3534 par-

217 3557 379 3648 ticipantia
401 3554 530 3626 onimae3
556 3573 653 3640 quam
679 3573 755 3624 cum
784 3550 966 3627 amiserint,
994 3553 1252 3623 mortificentur:

217 3664 332 3734 deinde
346 3685 404 3752 per
415 3659 569 3750 Spiritum
580 3658 753 3748 surgentia,
766 3655 848 3724 liunt
857 3679 991 3748 corpora
1006 3659 1192 3749 spiritualia,
1205 3665 1254 3730 uti

217 3775 439 3869 perspiritum
454 3793 580 3862 semper
594 3780 835 3860 permanentem
850 3767 989 3837 babeant
1004 3773 1111 3840 vitam.
1132 3799 1145 3835 a
1160 3773 1254 3843 Nunc

250 3903 691 3969 ¹1Cor.1v,ae.-¹1aot.5e.-·
705 3900 765 3952 reid.
779 3903 821 3964 ιι.
831 3933 861 3942 -
873 3903 882 3935 ⁴
896 3903 960 3954 raia.
974 3931 1004 3946 .„
1016 3905 1096 3957 ςιιιιι.
1106 3907 1149 3966 ιι.
