2532 4608
364 305 554 350 ernenarnrr
577 307 638 350 ure.
666 307 721 349 vu.
1001 279 1066 348 555

33 421 185 516 tuperssuu
200 439 306 493 tamen
317 437 485 514 propterea
501 437 549 490 est
568 425 699 514 petitio,
715 421 840 488 etiamsi
853 423 973 508 absque
987 421 1067 509 peti-

31 536 113 600 tione
125 535 338 600 denturhona.
353 533 466 598 tumet
477 533 647 620 gratiarum
660 531 763 606 actio,
784 541 815 594 et
827 529 939 618 petitio
951 551 1066 595 eorum

32 645 103 732 'quae
128 644 287 733 pertinent
315 641 355 708 ad
381 642 622 707 conversionem
646 639 885 730 proximorum,
912 649 962 702 cst
988 659 1068 726 epus

31 753 188 818 Gnostici:
202 773 264 839 qua
275 750 404 839 quidem
420 750 543 820 ratione
554 749 654 814 oravit
665 769 793 836 quoque
804 746 981 824 Dominus,
994 769 1070 835 gra-
1111 779 1116 790 =

29 860 85 926 tias
100 860 225 949 quidem
237 881 333 948 agens
348 857 434 947 quod
445 857 656 923 ministerium
668 856 842 945 perfecerat
857 877 866 919 t
883 874 998 942 rogans
1010 879 1065 921 au·

27 981 92 1036 tem
107 982 139 1034 ut
151 968 191 1034 ad
202 968 419 1057 coguitionem
429 967 575 1032 venirent
590 960 832 1054 quamplurimi,
852 973 887 1026 ut
901 963 934 1028 iu
956 963 993 1028 iis
1011 963 1067 1053 qui

27 1075 101 1142 eniri
120 1076 220 1152 frunt,
241 1099 300 1164 por
315 1073 449 1142 salutem
469 1095 507 1140 ex
522 1074 682 1163 agnitione
697 1075 783 1140 Deus
798 1071 1011 1161 glorificetur,
1035 1083 1068 1137 et
1101 1132 1104 1138 .

26 1185 81 1273 qui
92 1195 138 1250 est
149 1183 234 1249 solus
247 1185 350 1249 benus
366 1193 398 1248 et
414 1184 467 1270 qui
482 1181 566 1248 seius
583 1193 736 1260 servator,
748 1179 936 1271 perfitiens
954 1203 993 1246 en
1008 1203 1069 1245 sae-

26 1292 100 1358 culo
114 1291 148 1358 in
163 1289 313 1358 saecuium
334 1303 531 1381 agnoscatur.
552 1292 736 1372 Quinetiam
749 1291 828 1356 fides
840 1315 902 1378 qun
918 1291 987 1378 quis
999 1312 1068 1356 cre·

26 1397 74 1466 dit
96 1411 300 1491 accepturum
316 1421 384 1465 esse
403 1420 436 1466 sc
452 1401 538 1489 qood
556 1403 653 1489 petit,
675 1400 819 1489 quaedam
837 1399 980 1488 precatio
996 1411 1065 1476 est,

24 1509 60 1574 in
74 1510 177 1575 anime
186 1509 333 1575 Gnostice
346 1510 492 1598 reposita.
504 1509 677 1585 Gruterum,
690 1510 715 1574 si
727 1509 976 1576 conversationis
987 1531 1064 1574 cum

21 1616 90 1682 Deo
108 1618 230 1683 occasio
252 1628 300 1682 est
320 1618 479 1706 precatio,
503 1618 676 1684 accedendi
694 1641 769 1682 sane
791 1617 831 1682 ad
854 1617 957 1682 Deum
977 1613 1066 1681 nulla

20 1735 68 1789 est
86 1725 356 1813 pretermittenda
370 1725 506 1791 occasio.
529 1725 607 1813 Ejus
622 1738 730 1801 certe,
746 1725 800 1812 qui
814 1735 863 1788 est
875 1725 1063 1800 Gnosticos,

19 1834 169 1898 sanctitas
188 1855 330 1899 connexu
346 1835 525 1898 cumbeatu
537 1833 757 1907 Providentia,
778 1855 837 1919 per
857 1843 1064 1919 spontaneam

20 1939 271 2016 confessionem,
289 1939 425 2004 ostendit
433 1939 610 2027 perfectum
621 1941 679 2004 Dei
693 1937 896 2004 beneficium.
908 1941 963 2004 Est
976 1941 1064 2005 euim

18 2047 118 2113 veluti
134 2048 279 2135 qnaedam
297 2059 410 2112 mutuo
427 2049 620 2136 respondens
634 2047 842 2114 Providentiae
853 2071 951 2125 cura,
969 2071 1064 2115 sauo—

18 2157 90 2223 titas
107 2157 271 2232 Gnostici,
288 2167 319 2222 et
336 2157 502 2244 reciproca
518 2157 611 2224 aurici
625 2157 683 2221 Dei
702 2154 930 2223 benevolentia.
952 2158 1062 2246 Neque
1086 2207 1087 2212 η

18 2266 103 2331 enim
118 2265 204 2331 Deus
223 2265 339 2331 invitus
356 2277 405 2330 est
425 2265 548 2342 honus,
571 2287 635 2354 qne
650 2263 746 2330 modo
771 2265 851 2354 ignis
878 2279 925 2332 est
950 2268 1063 2355 praedi-

18 2373 103 2440 tusvi
113 2371 318 2440 calefaciendi
327 2397 337 2447 ς
356 2394 468 2438 verum
480 2369 923 2462 voluntariebonaimpertit,
939 2373 1062 2462 etiamsi

18 2478 169 2570 anticipet
180 2481 380 2570 petitionem.
400 2479 511 2570 Neque
526 2503 601 2547 vero
618 2479 714 2546 iovite
727 2478 830 2546 salvus
841 2480 939 2545 eritis
953 2481 1007 2569 qui
1027 2480 1065 2546 fit

18 2586 119 2656 salvus
141 2587 278 2676 (nonest
296 2589 383 2655 enim
402 2587 598 2679 inanimus),
619 2585 676 2654 sed
690 2589 822 2655 omnino
833 2587 1011 2687 voluntarie
1029 2599 1064 2654 et

18 2693 114 2764 iibere
130 2699 226 2764 animi
243 2696 378 2764 arbitrie
389 2693 562 2764 contendet
583 2697 623 2764 ad
643 2695 787 2767 salutem.
805 2696 965 2778 Quocirca
980 2720 1060 2787 prte-

18 2817 106 2894 :epta
127 2805 362 2894 quoquehemo
375 2808 519 2896 accepit,
536 2817 571 2870 ut
588 2806 695 2894 qui'ex
710 2829 743 2870 se
758 2806 878 2872 moveri
899 2807 997 2894 'possit
1019 2805 1060 2872 nd

18 2925 125 2978 rtrum
141 2912 214 2978 velit
230 2913 322 2980 exiis
340 2937 409 3002 quae
425 2925 498 2980 sunt
513 2912 657 3004 eligenda
671 2925 704 2979 et
718 2911 877 3002 fugienda.
899 2914 969 2980 Non
985 2913 1061 2980 facit

18 3044 89 3110 :rgo
101 3021 188 3086 Deus
204 3021 289 3088 bena
308 3043 347 3086 ex
363 3023 569 3099 necessitate,
594 3021 652 3088 sed
666 3017 765 3088 libera
787 3017 948 3088 voluntate
966 3023 1060 3087 hone·
1092 3031 1097 3038 '

18 3129 87 3196 ircit
101 3129 140 3194 iis
162 3129 216 3217 qui
232 3153 319 3194 exse
335 3141 576 3195 convertuntur.
596 3131 667 3196 Non
683 3139 731 3196 est
747 3127 833 3194 enim
853 3128 973 3195 servilis
989 3153 1059 3218 quae

18 3235 51 3304 td
64 3262 123 3304 nos
141 3239 228 3304 venit
243 3226 409 3312 divinitus,
427 3249 577 3325 tanquam
593 3243 611 3303 ὲ
628 3237 839 3304 deterioribus
851 3238 893 3305 nd
910 3236 1061 3306 meliores

18 3345 208 3423 trecedens,
225 3341 438 3413 Providentia.
458 3343 523 3411 Sed
538 3345 738 3412 miseratione
754 3359 872 3412 nostrae
890 3343 1060 3415 imbecilit-

18 3455 104 3532 atis,
121 3466 312 3521 exercentur
331 3453 491 3520 continute
506 3450 714 3520 Providentiae
727 3453 1000 3544 dispensationes,
1017 3459 1061 3524 si·

18 3577 65 3630 :ut
78 3565 212 3654 pastoris
228 3587 302 3654 erge
314 3587 405 3641 oves,
423 3576 455 3628 et
466 3564 547 3654 regis
560 3587 633 3652 erga
644 3587 698 3628 eos
710 3563 764 3652 qui
782 3565 852 3653 ejus
868 3578 981 3654 parent
996 3567 1061 3635 im-

18 3673 120 3748 terio,
141 3685 174 3738 et
196 3685 341 3740 nostrum
365 3697 438 3763 erge
459 3671 625 3762 praefectos
640 3683 783 3752 nostros,
804 3673 857 3761 qui
876 3689 929 3739 eos
942 3687 1056 3766 regunt

18 3782 61 3871 {ui
79 3791 154 3848 sunt
166 3778 211 3849 eis
226 3781 404 3859 commissi,
418 3805 456 3848 eo
472 3779 584 3848 ordine
596 3780 650 3869 qui
664 3777 722 3846 fuit
734 3779 778 3846 eis
794 3783 926 3850 traditus
940 3761 957 3852 n
969 3785 1052 3852 Deo.

18 3892 64 3957 tet
92 3915 170 3982 ergo
196 3905 270 3958 sunt
294 3892 375 3960 servi
401 3903 433 3959 et
460 3889 621 3972 cultores,
645 3889 699 3979 qui
731 3885 986 3962 tteruttsstuum
1017 3905 1051 3958 ct
