2522 4608
332 335 533 390 rnnacocus,
558 339 619 382 ιιι.
647 339 684 380 ιι.
957 318 1021 403 509

28 449 150 516 irsddium
167 475 175 516 :
190 474 256 541 quse
268 469 397 544 κραιπάλη
411 479 513 546 graece
529 457 612 523 dicta
629 454 741 534 est,'eo
752 454 839 544 quod
853 471 952 544 caput
966 455 1020 520 oi-

1 571 2 578 ’
26 557 118 624 huet
116 560 253 650 exagitet.
267 562 359 631 Hane
374 565 472 631 vitam
490 566 534 654 (si
549 565 678 655 quidem
694 565 756 632 vita
771 575 819 630 est
832 562 1017 652 appellando

20 773 93 839 nimio
110 776 175 842 rino
195 776 394 870 allucinans)
414 721 519 847 divina
541 782 716 871 suspiciens
737 781 911 871 Sapientia,
933 805 1016 870 prae·

1 905 3 940 ;
19 883 76 972 cipit
86 885 140 950 ruis
152 883 219 952 filiis
234 910 243 951 ι
264 913 278 948 ι
292 887 394 956 Nesis
409 890 473 956 vini
487 904 594 979 potor,
609 914 671 958 nec
685 890 800 980 stipem
811 890 961 956 extendas
973 890 1015 954 ad

1 993 186 1081 ,sumptiones
209 997 367 1064 carnium.
392 998 504 1068 Omnis
527 1001 614 1066 enim
634 1001 778 1067 ebriosus
793 1012 826 1066 et
846 999 1017 1068 fornicator

1 1102 215 1180 mendicabit,
231 1118 264 1172 et
278 1105 432 1174 induetur
447 1107 559 1176 laceris
580 1122 613 1176 et
634 1111 783 1201 pannosis
803 1111 906 1177 omnis
927 1133 1015 1177 som-

13 1209 182 1280 snodentus¹.
200 1245 213 1278 ι
228 1216 454 1286 somnolentus
474 1222 561 1288 enim
583 1233 644 1299 est,
663 1221 804 1311 quisquis
827 1219 868 1286 ad
888 1221 1015 1310 sapien«

12 1319 135 1388 tiammo
151 1323 263 1414 vigilat,
282 1329 339 1394 sed
357 1331 397 1396 ab
409 1331 564 1396 ebrietate
578 1331 611 1396 in
630 1353 778 1397 somnum
793 1330 1009 1420 demergitur:

1 1464 3 1472 r
20 1455 30 1488 ι
43 1431 76 1496 Bt
87 1430 190 1511 duceris,
206 1437 329 1526 inquit,
349 1440 500 1507 induetur
517 1441 744 1517 debacchatur,
759 1453 792 1507 et
806 1463 864 1530 per
878 1441 1012 1506 ebrieta-

12 1567 22 1598 ι
36 1551 88 1606 tem
103 1543 210 1630 pudore
225 1545 396 1625 afficietur,
417 1560 548 1639 propter
564 1573 619 1617 eos
642 1551 696 1638 qui
712 1549 880 1638 aspiciunt.
897 1577 910 1610 ι
931 1548 1012 1615 Pec-

9 1651 103 1716 catoris
115 1655 190 1720 enim
203 1655 358 1724 foramina
374 1671 449 1725 snnt
469 1671 576 1749 partes
592 1659 686 1727 vestis
701 1655 836 1726 carnaiis
852 1656 1009 1734 laceratae,

7 1783 52 1826 seu
64 1763 208 1850 perforata
221 1764 408 1836 libidinibus
427 1795 436 1836 ε
453 1795 512 1861 per
525 1793 603 1860 quas
620 1769 758 1837 dedecus
772 1771 856 1835 intra
872 1771 1011 1836 animam

6 1872 136 1950 cernitur,
149 1899 255 1966 nempe
270 1891 453 1967 peccatum,
470 1892 602 1970 propter
617 1878 705 1966 quod
721 1901 786 1947 non
802 1876 894 1943 facile
909 1899 1012 1958 serva<

4 1979 81 2044 bitur
93 1983 184 2060 restis,
198 2009 266 2074 quae
279 1990 506 2078 undecumque
518 1988 637 2056 diuulsa
648 2000 697 2055 est
708 2001 740 2054 et
755 1986 916 2064 dilaniato,
930 1985 1010 2054 mul-

2 2087 37 2153 tis
55 2087 162 2158 scilicet
177 2117 373 2164 marcescens
393 2098 637 2187 cupiditatibus,
651 2120 667 2162 a
689 2093 790 2164 salute
811 2107 952 2184 separata
969 2117 1007 2164 ac

0 2451 2 2460 r
24 2413 149 2506 loquela,
162 2423 211 2488 cui
224 2426 432 2500 contritiones
446 2423 696 2515 supervacuae²i
711 2421 891 2492 »Videte
861 2444 1007 2488 vinosum
1126 2445 1131 2452 ·

15 2537 85 2594 tum
97 2529 309 2611 dilaceratum,
323 2535 378 2624 qui
390 2536 493 2625 ipsum
505 2534 634 2623 quidem
646 2531 790 2600 Verbum
801 2529 947 2620 despicit,
961 2553 1008 2598 se-

10 2666 28 2690 o
41 2659 80 2700 ·m
97 2649 199 2706 autem
216 2641 347 2708 tradidit
363 2653 396 2708 et
407 2643 551 2732 permisit
565 2641 730 2708 ebrietati:
747 2651 825 2730 quot
839 2651 872 2706 et
888 2652 1005 2728 quanta

8 2741 173 2836 'Scriptura
189 2751 313 2846 minata¹
324 2763 381 2817 est.
399 2751 491 2818 Minis
505 2762 613 2819 autem
628 2751 677 2818 his
692 2773 801 2822 rursus
817 2749 1008 2841 subjungit:

21 2851 107 2943 Cujus
126 2870 199 2925 eunt
218 2857 304 2927 liridi
320 2858 429 2926 oculi?
442 2885 484 2926 an
499 2883 564 2928 non
579 2882 692 2926 eorum
706 2860 762 2949 qui
782 2860 910 2938 invinis
926 2871 1007 2938 tem,-

1 2999 2 3010 ι
11 2985 64 3051 pus
76 2968 286 3034 consumunt?
302 2993 343 3036 an
358 2992 423 3036 non
444 2991 564 3045 eorum¹
576 2970 630 3058 qui
646 2969 837 3060 inuestigant
853 2969 908 3034 ubi
925 2967 1005 3034 sunt

9 3075 213 3160 potationes'?
228 3105 241 3140 ι
258 3077 320 3144 Hic
335 3077 463 3166 quidem
479 3101 560 3154 eum
574 3079 628 3168 qui
652 3091 730 3168 potu
745 3077 845 3144 nimio
863 3075 1004 3144 delector

4 3212 6 3231 ·
29 3182 249 3257 ,etiamVerbo
261 3197 503 3264 mortuumesse
514 3187 652 3262 ostendit
662 3211 721 3278 per
733 3188 869 3254 dieentes
880 3185 998 3263 oculos,

0 3320 12 3341 a
28 3322 48 3345 ι·
73 3303 118 3358 est
138 3293 265 3384 signum
286 3306 489 3361 mortuorum
514 3317 523 3358 τ
546 3317 617 3361 eam
639 3293 787 3360 videlicet
806 3317 876 3381 quae
897 3306 945 3360 est
970 3294 1002 3372 in
1097 3345 1102 3354 ,

16 3402 117 3479 mino,
132 3415 268 3477 mortem
283 3404 314 3471 ei
328 3405 531 3476 annuntians.
548 3403 675 3471 Oblivio
693 3404 778 3469 enim
798 3426 910 3469 eorum
931 3427 1002 3493 quae

4 3546 7 3567 ι
29 3535 126 3584 nram
139 3517 237 3584 vitam
250 3517 425 3608 pertinent,
437 3517 549 3608 -vergit
569 3518 610 3583 ed
629 3517 805 3582 interitum.
828 3509 908 3586 dure
924 3537 1001 3606 ergo

0 3654 34 3677 w·
48 3649 151 3716 ¹rogus
164 3627 443 3695 vehementissime
456 3627 618 3718 prohibet,
633 3637 749 3698 nostrae
765 3623 874 3690 salutis
888 3647 999 3692 curam

4 3776 10 3787 ι
33 3764 71 3791 ao.
90 3735 200 3805 ,ιΝο
214 3737 360 3804 bibite
331 3761 440 3806 vanum
456 3736 497 3804 ed
511 3736 708 3805 ebrietatem.
728 3762 740 3796 a
757 3733 999 3814 Quamobrem?

1 3876 36 3923 ’,ιτ
53 3845 99 3912 =ia
127 3873 141 3908 ι
162 3847 338 3927 Quoniam,
359 3847 483 3936 iuquit,
501 3867 536 3913 os
553 3857 645 3916 tuum
667 3855 745 3912 tunc
762 3843 909 3936 loquetur
925 3869 1000 3979 per·

1 3975 87 4030 ¹1²rov.
96 3995 171 4044 xxru,
185 3997 225 4046 zo,
238 3997 277 4036 ιι.
288 3979 617 4048 -21bid...-29-¹lbid
632 3995 672 4045 ²9
684 3977 723 4029 ³⁰·
