2570 4614
177 265 238 350 aab
485 286 657 334 cusasurrs
681 289 892 336 sanxeramus

175 406 700 498 anxiaesontetdissieiles,probra
708 409 1210 501 inuruntutpoteliguritionem.

28 593 34 602 ,
175 516 575 608 ingluviem.cdnaitntem‚
589 521 807 598 voracitatem,
820 519 1109 596 insatiabilitatem,
1120 520 1212 586 etha·

177 627 317 716 jusmodi
334 626 404 694 alia.
423 628 542 698 llusoae
562 653 692 720 quoque
708 631 871 721 aptissime
886 643 1055 708 vocantur,
1077 644 1112 697 et
1131 629 1211 708 leles,

176 748 208 804 et
231 736 424 814 adulatores,
446 750 479 806 et
497 737 702 828 gladiatores,
724 751 758 815 et
779 741 918 810 immane
939 763 1043 830 ganan
1064 741 1214 830 parasito-

176 867 270 914 rum:
290 845 367 914 dum
386 847 504 916 ventris
520 847 682 938 voluptate
699 849 731 914 lri
749 848 878 939 quidem
895 849 1068 924 rationem,
1087 847 1132 914 illi
1146 871 1215 914 vero

76 944 77 947 Ἴ
177 956 364 1032 amicitiam,
381 955 434 1027 alii
452 969 560 1024 autem
575 960 673 1026 vitam
691 958 793 1048 ipsam
806 961 995 1037 metiuntur,
1021 981 1123 1048 super
1142 979 1235 1038 rens

179 1079 262 1134 trem
286 1081 462 1156 serpentes,
485 1067 601 1137 belluas
622 1068 808 1136 bominibus
833 1068 963 1148 similes,
983 1070 1025 1137 ad
1049 1071 1216 1160 imaginem

180 1177 279 1267 patris
295 1178 357 1255 aui,
370 1177 476 1246 edacis
491 1177 615 1246 belluae.
634 1181 676 1247 Et
689 1179 744 1267 qni
759 1201 813 1246 ene
823 1180 992 1270 prodigos,
1010 1179 1104 1268 quod
1123 1201 1216 1268 grece

179 1297 227 1354 est
245 1295 363 1356 aaaron
379 1283 592 1375 appellarunt,
617 1290 699 1354 bene
720 1287 798 1354 milri
819 1287 967 1354 videntur
988 1309 1108 1354 eornm
1127 1286 1217 1352 linem

182 1395 397 1486 significatae:
416 1407 452 1462 ul
467 1397 520 1485 qul
538 1421 593 1463 eoa
609 1405 757 1474 ἀσώστους,
769 1397 833 1466 hoc
846 1409 908 1474 est,
920 1421 942 1462 a
956 1398 1065 1462 aalma
1081 1397 1213 1468 alienat.

181 1532 239 1597 per
256 1505 421 1576 elisionem
434 1505 586 1574 clamanti
598 1533 628 1582 σ,
643 1505 866 1574 intellexerint.
888 1505 938 1573 An
954 1529 1022 1572 non
1040 1503 1143 1571 enim'
1153 1518 1219 1570 sont

180 1615 353 1705 ejusmodi,
369 1615 423 1704 qni
439 1616 472 1684 in
486 1614 557 1684 ollis
577 1627 756 1694 versantur,
772 1610 1072 1706 multiplicibusque
1087 1615 1218 1703 exquisi-

181 1743 288 1796 torum
302 1727 584 1796 condimentorum
594 1726 814 1801 varietatibus,
828 1722 960 1793 humilis
977 1735 1012 1790 ct
1028 1724 1153 1813 abjecti
1166 1725 1222 1790 ani

183 1843 241 1917 mi,
258 1853 350 1908 terrae
364 1836 458 1927 plane
471 1835 541 1913 lilii,
554 1839 610 1926 qui
620 1838 742 1906 rictum
757 1838 792 1902 in
807 1835 874 1903 dies
885 1847 1142 1924 persequuntur,
1153 1859 1220 1925 per·

183 1951 259 2020 inde
280 1973 318 2018 ac
334 1971 401 2018 non
422 1946 559 2016 victurii
573 1949 636 2014 Eos
656 1949 789 2014 miseras
813 1946 1000 2036 pronuntiat
1024 1968 1090 2034 per
1108 1947 1222 2014 &aa

185 2073 313 2132 sanctus
329 2058 478 2148 Spiritus,
492 2079 609 2124 namen
623 2057 748 2146 Agapes
763 2056 860 2123 tacita
874 2055 1124 2144 quodammodo
1135 2056 1175 2121 ab
1184 2056 1222 2120 eis

185 2171 345 2245 aulercos,
356 2167 508 2258 quonism
523 2189 588 2233 non
599 2177 666 2233 erat
676 2163 806 2256 epulum
822 2166 936 2230 rationi
949 2177 1220 2232 consentaneum:

195 2307 209 2344 a
227 2279 291 2369 lpsi
307 2287 415 2345 autem
429 2275 575 2344 lecerunt
587 2274 741 2352 letitiam,
757 2275 941 2342 occidentes
957 2275 1095 2353 vitulos,
1113 2289 1147 2342 et
1161 2299 1224 2342 ores

54 2397 56 2402 '
90 2385 113 2426 ³
189 2389 446 2464 sacrificantes,
469 2387 612 2454 dicentes
635 2408 645 2449 ε
672 2383 886 2452 comedamus
907 2397 942 2450 et
968 2384 1140 2460 bibamus,
1167 2407 1224 2451 eras

95 2557 99 2564 .
188 2500 302 2567 »enim
317 2497 475 2565 morimur
486 2493 509 2562 ¹.
528 2497 598 2562 »Et
613 2494 700 2583 quod
719 2493 877 2584 ejusmodi
899 2493 1031 2562 delicias
1061 2509 1225 2586 peceatum

188 2608 361 2686 existimet,
373 2604 561 2694 subjungit:
581 2633 592 2665 ι
607 2606 648 2671 Et
658 2628 724 2671 non
735 2604 913 2678 dimittatur
924 2607 987 2672 hoc
1001 2619 1153 2672 vestram
1168 2627 1227 2696 pes

189 2730 341 2793 scotum,
363 2717 467 2784 donec
485 2715 603 2781 mortui
622 2715 788 2782 fueritis.»
807 2715 882 2787 ,Nun
902 2716 1012 2782 dicens
1033 2719 1166 2806 pcccati
1185 2739 1227 2781 re·

189 2827 374 2898 missionem
387 2833 524 2894 mortem
543 2823 739 2902 insensilem,
756 2826 814 2892 sed
831 2810 1080 2894 retribationem
1099 2827 1228 2917 pecead,

167 2973 169 2978 ·
189 2959 262 3029 qua
275 2935 407 3026 quidem
421 2945 581 3010 moreest,
599 2934 730 3002 asalute
746 2937 926 3027 sejungens.
950 2965 963 2999 s
980 2937 1028 3006 lle
1044 2936 1230 3005 laeteris-aa-

191 3059 286 3116 »tem
300 3057 432 3137 propter
448 3044 643 3114 execrandas
662 3043 792 3112 deliciae
805 3045 830 3122 ²,
847 3073 860 3109 s
876 3043 954 3112 dicit
973 3044 1155 3136 Sapientia.
1176 3047 1231 3114 llic
1259 3036 1262 3042 ¹

188 3171 297 3228 antem
313 3157 352 3222 de
369 3153 555 3244 idolothytis
570 3177 697 3244 quoque
712 3156 832 3222 mentio
849 3155 995 3223 iacienda
1012 3169 1078 3235 eat,
1095 3181 1232 3247 qnonm

190 3267 288 3340 modo
303 3266 466 3358 precipiat
481 3267 521 3333 ab
537 3265 575 3330 iis
589 3287 659 3330 esse
672 3265 909 3331 abstinendum.
924 3263 980 3334 llla
993 3266 1075 3334 mibi
1087 3267 1234 3334 ridentur

190 3377 370 3448 execranda
384 3387 418 3444 et
434 3375 660 3451 abominanda,
675 3397 814 3465 quorum
830 3377 871 3442 ad
886 3377 1075 3466 sanguinem
1087 3377 1236 3445 advolant

272 3531 381 3590 Animae
392 3547 428 3587 ex
443 3526 552 3602 Erebo,
565 3547 643 3586 nunc
658 3525 769 3586 lumine
782 3547 877 3587 cassae.

196 3669 228 3739 N
231 3669 281 3736 olo
288 3670 379 3734 cuim
387 3692 447 3738 oca
457 3667 536 3760 ficri
544 3669 721 3758 participet
731 3656 1000 3746 torrentesut,
1013 3667 1096 3736 dicit
1105 3670 1242 3760 aposto

193 3777 254 3850 lus.
269 3781 388 3852 Eorum
400 3780 487 3850 eninr
500 3780 555 3870 qui
571 3791 749 3857 servantur,
762 3791 795 3844 ct
806 3801 918 3848 corum
930 3779 987 3868 qui
1001 3778 1182 3868 perisent.
1195 3805 1242 3848 sa·

224 3939 302 3990 ¹lsai.
318 3954 380 4001 xxrr,
396 3939 434 3990 st.
449 3938 485 3999 aa.
498 3965 527 3978 -
540 3937 551 3974 ²
563 3939 645 3989 Eccli.
657 3955 729 4000 xrrrr,
740 3939 779 3990 52.
789 3938 839 3978 -l
856 3955 864 3988 r
877 3938 937 3990 Cer.
947 3955 973 4000 a,
988 3955 1028 3988 ao.
