2546 4614
412 337 453 382 nu
477 335 698 382 snuteumsuo.
1011 311 1075 389 425

1 526 2 547 χ
42 483 55 518 ι
70 454 206 520 Domino
217 476 303 530 meo,
318 453 429 520 Sedes
442 455 558 521 dextris
570 455 649 521 meis
664 477 672 518 :
686 452 918 542 donec-ponam
930 448 1077 515 inimicos

40 571 151 638 stoue,
164 559 337 630 scabellum
351 563 470 652 pedum
481 573 610 628 tuorum
621 561 665 628 ¹.»
683 562 744 627 «Et
755 560 845 635 vidit,
859 559 984 646 inquit,
1001 557 1076 622 ‹lua-

40 699 54 732 u
67 693 121 747 co,
129 683 163 737 et
176 681 361 762 persecutus
376 683 423 737 ast
436 669 602 738 mulierem
616 694 687 760 quae
701 679 868 760 pepererat
883 663 1072 734 masculum.

38 811 52 842 ι
68 784 110 850 Et
121 784 201 850 datae
212 782 423 850 suntmulieri
438 783 510 849 ‹luae
525 781 582 848 alae
597 781 709 869 uquilae
720 788 900 869 maguae,ut
910 770 1031 844 volutet
1042 777 1075 842 iu

39 920 54 953 ι
68 892 243 969 desertum,
262 893 316 959 uhi
332 891 430 959 alitur
443 915 500 981 per
514 905 641 982 tempus
655 904 688 958 et
702 904 844 980 tempona
859 900 892 954 et
907 887 1074 954 dimidium

1 1022 2 1029 ¹
38 1006 233 1094 »temporis,
250 1004 363 1071 slacio
384 1006 549 1096 serpentis.
575 1032 587 1067 ι
603 1004 649 1070 lli
665 1015 738 1094 suut
752 1004 819 1070 dies
841 999 928 1066 mille
943 998 1073 1066 ducenti

1 1112 199 1202 ¹-senngiutu
219 1111 407 1198 (dimidium
429 1110 550 1178 scilieet
571 1110 799 1196 hebdomada)
820 1108 935 1197 quihus
955 1105 1077 1194 Tyran-

18 1233 99 1288 -nus
121 1245 228 1288 renum
243 1222 383 1311 potietur
400 1220 426 1298 ²,
442 1243 636 1310 persequens
656 1219 831 1287 Ecclesiam
846 1218 1019 1308 fugientem
1034 1216 1076 1282 tle

38 1333 166 1398 civitate
177 1333 210 1398 in
222 1333 394 1406 civitatem,
404 1343 437 1396 et
447 1333 480 1398 in
489 1330 658 1398 solitudine
666 1330 700 1396 in
709 1331 871 1398 montibus
882 1327 1072 1402 latitantem.

18 1440 129 1507 snutlo
153 1442 214 1535 alio
236 1453 339 1508 tutum
360 1441 517 1530 praesidio,
542 1464 637 1530 quum
660 1441 796 1508 duarum
819 1439 940 1506 alarum
963 1437 1074 1526 aquilae

1 1570 178 1640 :magnam
203 1552 277 1618 lidei
298 1549 420 1618 scilieet
433 1551 510 1618 Josu
535 1551 670 1628 Christi,
693 1553 748 1640 qui
769 1550 905 1617 extensis
922 1549 956 1615 iu
976 1571 1073 1616 oruoe

1 1662 154 1727 :unctis
171 1663 317 1727 manibus
335 1662 412 1738 suis,
437 1662 515 1727 duas
531 1662 675 1730 extendit
694 1660 777 1738 olas,
798 1660 1074 1749 dexteram-atque

1 1800 2 1835 2
18 1771 210 1846 ministram,
226 1793 343 1837 vocans
358 1773 399 1836 ad
413 1793 447 1835 se
462 1793 573 1836 omnes
588 1768 713 1848 fideles,
730 1793 768 1837 ao
785 1769 872 1835 velut
891 1768 1004 1859 galline
1019 1795 1073 1837 eos

14 1939 16 1942 .
38 1888 218 1965 protegens.
238 1877 319 1944 Nam
334 1889 366 1941 et
382 1877 425 1942 ait
439 1899 497 1964 per
509 1877 699 1944 Malachiam
716 1900 725 1943 ε
744 1877 871 1946 «Vobis
886 1881 941 1968 qui
956 1880 1075 1946 timetis

37 2009 185 2054 »nomen
202 2007 328 2062 meum,
350 1986 470 2052 orietur
490 1985 545 2052 Sol
567 1987 711 2075 justitiae3
730 2001 763 2054 et
778 1989 894 2056 sunites
914 1990 946 2055 in
961 1991 1073 2078 pennis

1 2145 21 2181 1,-
34 2126 49 2157 s
63 2097 197 2186 ejus⁸.»

79 2207 180 2274 LXII.
201 2208 254 2276 Ait
272 2233 347 2276 veno
368 2210 465 2278 etium
484 2209 639 2280 Dominus
654 2211 783 2280 :teum
798 2213 937 2279 videritis
952 2214 1073 2281 abomi-

1 2399 2 2405 ἵ
34 2317 228 2383 »nationem
244 2317 446 2386 desolationis
462 2334 602 2389 stantem
619 2323 652 2388 iu
673 2321 744 2389 loeo
768 2336 891 2399 saneto,
908 2323 962 2411 qui
982 2323 1069 2413 legit,

1 2481 18 2521 Η
33 2455 47 2488 s
62 2425 227 2516 intelligat.
242 2426 335 2495 'l'uuo
349 2429 404 2516 qui
420 2429 453 2495 in
468 2429 578 2498 Judaea
590 2444 678 2509 suut,
689 2431 812 2521 fugiant
823 2433 863 2498 ad
879 2444 1003 2498 montes
1017 2456 1026 2497 s
1039 2445 1073 2498 et

33 2563 47 2598 s
63 2536 119 2623 qui
134 2537 168 2602 in
189 2549 288 2614 tecto,
305 2561 370 2606 non
393 2539 567 2607 descendet
581 2539 693 2608 tollere
709 2553 829 2608 vestem
843 2567 933 2608 auam
948 2566 956 2607 ε
970 2553 1004 2606 et
1018 2542 1072 2630 qui

31 2673 46 2708 s
62 2645 98 2710 in
110 2669 200 2734 agno,
214 2671 279 2713 nou
290 2660 468 2715 revertatur
479 2663 515 2717 ut
531 2650 622 2717 tollat
633 2652 754 2740 aliquid
768 2652 809 2719 da
826 2652 922 2719 domo
934 2675 1001 2718 sua.
1017 2649 1072 2720 Vae

29 2765 169 2821 »autem
184 2759 420 2846 pregnantibus
443 2772 476 2826 et
497 2759 689 2828 laotuutihus
713 2763 747 2828 iu
770 2763 886 2828 diebus.
904 2759 984 2828 illisi
1003 2763 1073 2829 Erit

28 2865 152 2928 »enim
173 2876 252 2933 tune
278 2867 440 2936 tribulatio
467 2893 601 2960 magna,
626 2871 727 2960 qualis
749 2873 895 2939 nonfuit
917 2876 957 2939 ub
981 2873 1071 2938 initio

30 2973 185 3038 »muudi
204 2976 244 3040 Et
263 2977 322 3042 nisi
337 2979 470 3045 breviati
486 2980 619 3049 luissent
634 2982 701 3048 dies
718 2981 781 3060 illi,
798 3006 863 3049 non
879 2983 965 3049 salva
981 2982 1072 3050 tieret
1128 3061 1132 3070 ι

33 3111 47 3144 s
64 3083 169 3161 omnis
178 3082 284 3149 carol.
301 3112 313 3147 s
329 3086 441 3152 Daniel
452 3101 560 3157 autem
570 3092 615 3158 ait
628 3116 637 3156 ι
650 3117 664 3152 a
675 3093 715 3157 Et
727 3092 850 3160 dubunt
860 3093 1072 3161 abominatio-

32 3222 46 3257 »
60 3216 137 3259 uem
147 3191 347 3259 desolationis
356 3193 422 3260 dies
432 3196 516 3263 mille
528 3198 683 3266 ducentos
694 3202 876 3291 nonaginta.
887 3184 1006 3268 Beatus
1015 3207 1070 3290 qui

31 3335 45 3370 s
60 3306 259 3393 expectavit,
274 3315 308 3370 et
322 3309 521 3394 pervenitad
537 3309 603 3376 <lies
624 3310 710 3378 mille
727 3312 882 3380 ducentos
898 3315 1069 3402 nonaginta

1 3409 2 3414 ¹
30 3445 44 3479 ι
61 3416 204 3504 quinque
215 3414 239 3481 ⁶.
255 3443 268 3477 s

75 3525 195 3592 LXlll.
221 3525 339 3594 Beatus
352 3529 429 3595 item
446 3529 562 3598 Paulus
577 3531 747 3621 Apostolus
761 3532 904 3599 scribens
916 3533 957 3600 sd
971 3513 1068 3602 Thes-

29 3638 256 3715 salonicenses,
277 3639 321 3704 ait
340 3664 348 3705 :
365 3665 379 3700 ι
393 3639 553 3730 Rogamus
569 3654 676 3709 autem
699 3665 764 3721 vos,
782 3643 922 3720 Fratres,
938 3667 995 3734 pan
1009 3647 1068 3712 ad-

28 3759 192 3816 uentum
213 3749 340 3819 Domini
365 3752 464 3818 nostri
484 3752 562 3821 Jesu
589 3752 726 3832 Christi,
749 3763 782 3820 et
796 3758 900 3822 nostri
916 3779 1066 3848 aggrega·

61 3901 70 3935 ³
82 3901 125 3950 Ps.
134 3915 184 3956 cu,
200 3915 221 3948 t.
233 3927 264 3938 -
275 3897 285 3932 ²
298 3901 377 3964 Apoc.
389 3919 424 3964 ιι,
434 3903 459 3952 5.
470 3904 534 3955 Dan.
544 3921 579 3967 tx,
595 3923 632 3971 ²7·
645 3935 675 3944 -
687 3905 697 3939 ⁸
709 3904 817 3956 Malaeh.
827 3925 862 3969 tv,
873 3927 894 3958 a.
906 3936 937 3950 -·
949 3911 959 3944 ¹
971 3910 1067 3960 itaut:

27 3991 97 4036 nit,
113 3975 150 4042 ιξ.
167 3973 244 4022 Marc.
258 3991 312 4036 um,
327 3975 362 4034 tl.
378 3977 438 4026 Luc.
455 3994 506 4039 ut,
519 3997 557 4032 uo.
569 4009 600 4020 -
612 3981 621 4014 ⁵
633 3981 698 4032 Dan.
712 3998 747 4042 n,
761 3983 801 4041 ῆι,
815 3992 840 4034 et
856 4001 911 4044 xus,
925 4003 962 4037 at.
