2614 4628
240 250 301 316 tfio
547 269 722 318 clausuras
748 271 959 316 auaxssmum

234 413 300 457 uno
311 387 422 458 saltem
433 387 526 456 sensu
539 390 670 481 praedita
685 393 762 468 silit,
774 391 884 458 auditu
901 384 1023 460 scilieet
1040 391 1090 458 vel
1110 403 1210 469 tactu,
1222 395 1268 460 vel

234 501 290 591 qui
310 503 454 568 odoratui
475 517 530 569 aut
549 505 656 593 gustui
678 505 882 594 respondeat,
901 501 1071 569 simulacra
1088 525 1164 570 vero
1186 506 1267 570 omni

233 635 363 701 pmrsus
383 614 588 702 perceptione
608 615 830 680 destituantur.
854 613 936 679 Sunt
956 624 1064 678 autem
1084 611 1184 680 multa
1202 615 1268 680 ani-

234 719 341 796 malia,
354 745 423 809 quae
436 744 497 788 nee
508 723 610 788 visum
621 723 752 800 hebent,
762 746 822 790 nee
833 722 992 798 auditum,
1005 745 1067 788 nee
1080 744 1207 794 voeemt
1219 745 1267 786 cu-

137 903 141 914 ,
197 885 202 896 .
234 831 373 920 jusmodi
390 843 438 900 est
456 843 634 898 ostreorum
646 855 745 922 genus
760 855 768 894 ε
786 831 895 898 vivunt
913 846 1032 905 tamen,
1050 846 1083 898 et
1100 845 1265 924 nugentur,

235 951 268 1006 et
290 954 443 1030 praeterea
470 966 533 1008 unu
559 965 635 1008 oum
656 939 730 1006 luna
751 939 942 1007 alliciuntur.
961 939 1144 1028 ¹Simulaera
1166 955 1266 1009 autem

236 1049 315 1116 nihil
333 1071 463 1140 prorsus
486 1063 597 1140 agunt,
621 1049 701 1116 nihil
723 1049 911 1126 moliuntur,
934 1049 1013 1117 nihil
1038 1053 1265 1120 sentiunttsed

237 1157 417 1248 alligantur,
441 1172 474 1226 et
495 1158 591 1226 elaris
606 1172 803 1250 panguntur,
819 1172 852 1226 et
866 1159 1052 1250 alligantur,
1074 1175 1107 1226 et
1127 1162 1265 1230 eonssan-

235 1280 301 1346 tur,
328 1266 491 1346 limantur,
518 1282 681 1346 secantur,
705 1269 1001 1347 circumraduntur,
1034 1269 1198 1338 eaelantur.
1223 1274 1264 1340 Ae

235 1379 394 1468 stupidam
409 1403 485 1446 sane
503 1377 750 1469 insensilemque
766 1391 884 1446 terram
900 1379 1095 1446 dedecorant
1114 1383 1261 1456 statuarii,

234 1489 313 1556 dum
329 1488 464 1556 artifieio
483 1513 540 1556 suo
562 1503 710 1558 natmam
732 1491 802 1580 ejus
825 1490 1008 1567 immutant,
1033 1491 1127 1580 eique
1148 1492 1262 1558 munos

234 1599 372 1672 honores
391 1598 564 1670 conciliant
581 1624 591 1666 ε
610 1623 690 1688 quos
711 1622 780 1666 mea
796 1597 926 1688 quidem
941 1601 1098 1666 sententia
1123 1623 1189 1666 non
1212 1602 1261 1667 diis

234 1721 289 1778 aut
307 1711 518 1786 demonibus,
535 1710 604 1788 sed,
621 1711 789 1800 exquibus
805 1721 952 1777 coustant
972 1705 1159 1787 simulacra,
1179 1723 1261 1778 terra

233 1829 266 1884 et
278 1817 412 1885 artifieio
428 1817 613 1908 persolvunt
631 1818 666 1884 hi
681 1821 735 1907 qui
749 1820 824 1886 deos
841 1818 970 1886 faciunt.
987 1819 1067 1885 Nam
1084 1818 1172 1886 aliud
1185 1835 1261 1888 certe

232 1925 312 1994 nihil
324 1940 373 1994 est
384 1926 604 2007 simulatorum,
617 1951 713 2016 quam
726 1929 864 1994 inanima
875 1939 974 2003 terra,
987 1929 1039 1994 cui
1052 1928 1187 1995 artiliois
1200 1953 1259 1996 ma·

232 2059 293 2104 nus
313 2037 449 2106 sormam
471 2039 640 2130 impressit.
659 2039 754 2128 Apud
775 2062 834 2104 nos
855 2049 964 2105 autem
986 2037 1074 2104 haud
1095 2041 1260 2130 quideme

232 2147 337 2216 sensili
356 2149 490 2226 materia
513 2148 628 2215 sensile
647 2148 870 2224 simulacrum,
895 2147 951 2214 sed
969 2150 1056 2237 quod
1075 2147 1144 2216 sola
1162 2163 1260 2216 ments

199 2302 215 2310 --
231 2259 419 2349 pemipitur,
436 2271 485 2326 est
506 2260 606 2339 Deus,
622 2261 677 2350 qui
699 2259 785 2328 solus
799 2283 873 2326 vero
893 2261 979 2326 Deus
1001 2274 1060 2326 est.
1086 2262 1135 2328 de
1158 2283 1260 2328 rursus

232 2392 307 2438 cum
324 2371 534 2460 superstitiosi
552 2369 596 2438 illi
612 2369 762 2438 mortales
776 2370 830 2458 qui
848 2368 968 2458 lapides
988 2370 1137 2448 adorant,
1153 2371 1259 2438 adrer-

232 2503 300 2546 satn
318 2480 479 2566 fortunam
499 2483 601 2569 passi,
623 2505 663 2547 ex
682 2483 748 2570 ipsa
774 2503 809 2546 re
827 2479 996 2546 didicerint
1020 2479 1108 2568 quod
1134 2481 1257 2548 materis

232 2611 341 2656 sensus
352 2614 464 2680 expers
476 2611 542 2656 non
558 2590 599 2656 sit
609 2591 724 2656 divinis
734 2589 912 2657 honoribus
929 2587 1110 2664 allicienda,
1123 2588 1195 2677 ipsa
1211 2611 1259 2654 ne-

231 2699 375 2768 cessitate
389 2714 423 2766 et
438 2701 611 2790 indigentia
626 2701 713 2778 vieti,
729 2713 819 2768 metu
833 2697 919 2768 lnlsae
938 2697 1100 2788 religionis
1115 2699 1258 2765 miserant

231 2811 279 2876 sui
292 2811 448 2899 jacturam
464 2813 629 2901 patiuntur
643 2835 653 2878 t
666 2825 700 2878 et
713 2835 790 2880 eum
806 2809 974 2879 simulacra
990 2821 1214 2885 centemnunt,
1228 2833 1258 2875 ea

231 2929 337 2987 tamen
353 2901 559 2987 contemnere
571 2922 668 2988 videri
684 2917 799 2999 nolint,
810 2922 954 3011 ipsorum
965 2920 1114 2996 deorum,
1127 2941 1258 3009 quorum

229 3030 411 3098 nominihus
432 3031 583 3122 inscripta
601 3043 688 3110 sunt,
704 3029 883 3099 infortuniis
903 3041 937 3097 et
956 3029 1193 3096 calamitatibus
1214 3053 1258 3095 ar-

229 3153 379 3231 guuntur.
404 3140 483 3207 Nam
510 3142 679 3232 Dionysius
703 3156 858 3232 tyrannus
876 3142 997 3229 junior,
1015 3163 1092 3205 eum
1107 3140 1142 3221 in
1157 3139 1259 3206 Sicilia

229 3275 357 3318 auream
376 3263 495 3317 testem
506 3253 578 3318 Jovi
594 3253 791 3329 detraxisset,
804 3253 897 3342 jussit
913 3273 987 3317 eum
995 3251 1086 3316 indui
1097 3249 1205 3328 lanea,
1217 3251 1260 3315 la-

228 3375 299 3430 aete
310 3364 432 3439 dicens,
444 3387 516 3429 eam
526 3389 539 3425 s
549 3387 618 3430 esse
628 3387 724 3431 aurea
736 3361 914 3438 meliorem,
931 3376 967 3428 ut
977 3387 1048 3451 quae
1059 3375 1146 3428 esset
1155 3375 1259 3429 aestate

228 3471 367 3548 »lerion
383 3485 416 3538 et
431 3472 536 3539 hieme
556 3472 697 3541 ualidior.
721 3501 733 3537 ι
750 3473 927 3564 Antigonus
945 3485 1053 3537 autem
1070 3473 1259 3560 (ty-ateana,

228 3605 304 3650 eum
315 3595 422 3671 egeret
433 3584 580 3671 pecunia,
593 3584 681 3652 doris
692 3595 983 3656 aureamstatuam,
996 3605 1069 3671 que
1079 3583 1259 3672 quindecim

229 3693 410 3761 cubitorum
425 3706 505 3768 erat,
523 3694 736 3784 landipussit,
753 3707 840 3763 etex
856 3693 914 3763 alia
930 3692 1033 3761 viliori
1048 3695 1184 3762 materia
1200 3705 1259 3759 sta

227 3817 315 3868 tuam
334 3799 378 3866 illi
399 3802 553 3882 similem,
578 3803 706 3882 laminis
729 3807 926 3881 inauratam,
946 3805 1015 3893 ejus
1037 3801 1111 3869 loeo
1138 3802 1256 3904 reponi

228 3913 410 3994 Quinetiam
424 3913 608 3980 hirundines
625 3915 756 4004 aliusque
768 3939 841 3982 aves
852 3913 1095 4002 quamplurimae
1116 3911 1259 3978 advolan-
