2546 4614
405 343 444 386 na
470 338 690 386 rurrcnrusro.
1005 321 1067 400 dor

1 456 2 495 l
38 481 55 522 s
71 473 145 526 'cum
161 457 277 526 letitia.
292 457 390 548 ligna
404 457 515 524 Libani
530 455 634 524 letata
646 463 721 520 sunt
738 466 892 544 superte,
908 467 941 520 et
958 456 1071 524 cedrus

1 570 2 591 ¹
36 597 53 632 »
70 568 193 634 Libani.
204 570 252 636 Ex
262 591 326 657 quo
337 577 373 633 tu
384 565 670 640 obdormiisti,ncn
679 563 820 630 ascendit
829 564 882 652 qui
892 585 951 632 noa
959 567 1069 633 caedat.
1087 591 1092 614 ι

2 687 3 724 ³
36 707 54 742 ι
69 678 216 746 lnlernua
232 682 341 747 subter
356 678 563 745 exacerbatus
579 685 640 750 est,
655 693 827 742 occurrens
842 673 912 742 tibi.
932 675 1075 743 Consur-

2 799 4 836 ι
35 815 52 850 ι
69 799 221 854 rexerunt
232 811 341 855 omnes
352 787 494 878 gigantes
508 783 630 874 judices
644 794 752 858 terrm
765 782 924 873 principes
939 808 978 852 ex
989 786 1074 854 soliis

2 912 6 950 ῑ
35 927 51 961 ι
70 897 146 965 suia.
158 898 278 966 Omnes
293 921 383 988 reges
394 895 549 987 gentium,
560 913 671 960 omnes
681 890 774 959 simul
784 893 1034 983 respondebunt,
1043 907 1077 964 et

1 1025 9 1065 ι
35 1035 51 1070 s
70 993 194 1073 diee‘nt:
207 1002 1073 1095 llttnceptusessicutetnostinternosreputatuses.

1 1137 11 1178 ι
36 1144 52 1179 ι
70 1116 244 1182 Descendit
258 1116 291 1182 in
306 1126 425 1182 terram
438 1112 536 1204 gloria
552 1124 607 1178 tua
621 1109 743 1178 :multa
753 1111 858 1178 letitia
874 1124 928 1181 tua
942 1116 1076 1182 :subter

1 1251 14 1292 ι
38 1255 54 1288 ι
69 1237 102 1292 te
118 1235 261 1292 sternent
276 1225 408 1301 saniem,
428 1236 461 1291 et
477 1223 713 1312 operimentum
727 1231 821 1288 tuum
838 1225 962 1290 vermis.
982 1224 1074 1304 Quo-

2 1365 17 1408 1ι
40 1364 54 1398 ι
70 1336 168 1403 modo
181 1335 295 1404 cecidit
310 1335 350 1402 do
365 1333 448 1402 eoelo
463 1334 603 1410 Lucifer,
616 1333 670 1421 qui
684 1355 780 1400 mnne
794 1333 979 1402 oriebatur?
993 1336 1075 1404 Gon-

40 1475 56 1510 ι
70 1447 165 1512 tritus
176 1458 224 1512 est
236 1447 276 1513 ad
286 1457 416 1522 terrem,
428 1447 482 1534 qui
494 1445 640 1512 mittebat
651 1443 693 1509 ad
704 1466 814 1511 omncs
825 1457 946 1534 gentes.
962 1444 1011 1513 Tu
1022 1471 1076 1514 au-

1 1576 19 1634 ι,
42 1575 57 1618 ι
71 1568 136 1623 tem
156 1557 277 1624 dixeras
287 1556 320 1624 in
334 1568 442 1624 mente
456 1568 531 1622 tun:
548 1557 587 1623 ln
602 1553 720 1623 coelum
733 1557 963 1632 conscendems
978 1581 1075 1651 supra

1 1681 20 1744 ’,ι
40 1691 55 1727 ι
71 1664 175 1732 stellas
189 1665 262 1734 coeli
277 1688 394 1756 ponam
409 1666 563 1734 thronum
578 1688 707 1742 meum3
732 1667 851 1734 sedebo
865 1668 899 1733 in
912 1671 1075 1738 montibus

1 1789 20 1856 ,l
39 1805 53 1844 r
68 1775 200 1843 excelsis
214 1778 269 1864 qui
285 1788 360 1842 sunt
374 1776 415 1842 ad
429 1773 621 1864 Aquilonem
635 1775 806 1842 ascendam
814 1800 825 1850 3
841 1799 938 1867 super
953 1781 1072 1856 nubere

1 1900 18 1968 2·
41 1907 127 1951 »ero
137 1884 246 1951 similis
258 1882 429 1950 bltissimc.
444 1884 538 1950 Nune
548 1895 656 1949 autem
667 1885 700 1950 in
713 1883 873 1952 internum
889 1887 1073 1968 descendes,

1 2034 16 2080 ,
42 2005 103 2060 »et
116 1994 157 2060 ad
171 1993 377 2060 lundnmcnta
392 2003 496 2058 terrae.
515 1991 579 2070 Qui
594 1991 729 2058 viderint
743 2005 788 2070 te,
808 1995 1011 2064 mirabuntur
1024 2023 1075 2066 su·
1109 2069 1113 2077 ,

1 2148 16 2195 ,
40 2079 183 2192 specte,
195 2114 229 2168 ct
240 2101 348 2168 dicent
360 2121 369 2166 a
380 2101 441 2167 llic
450 2099 548 2168 homo
559 2101 613 2190 qui
627 2101 771 2169 irritabat
784 2115 917 2182 terram,
927 2108 983 2196 qui
994 2131 1075 2176 eon-

1 2260 12 2304 q
37 2212 212 2280 sentiebat
222 2233 325 2301 reges,
342 2211 398 2301 qui
412 2208 564 2278 desolavit
579 2220 683 2278 totum
701 2214 813 2279 orbem
831 2215 964 2306 ejusque
979 2220 1074 2287 urbes

2 2371 14 2416 Ι
40 2343 54 2386 s
69 2321 236 2396 destruxit,
249 2319 372 2388 vinctos
387 2341 516 2386 cancere
530 2341 595 2387 non
617 2320 719 2388 solvit.
737 2321 859 2390 Omnes
874 2349 963 2416 reges
981 2341 1074 2398 terrae

2 2476 15 2527 t
41 2461 55 2496 ι
69 2433 270 2500 dormierunt
288 2429 322 2497 in
341 2429 477 2508 bonore,
492 2432 589 2500 bomo
602 2432 636 2499 in
650 2433 748 2499 domo
763 2458 820 2500 sus
834 2457 843 2500 ι
856 2449 891 2502 tu
907 2461 983 2506 vero
996 2462 1073 2530 pro-

2 2573 15 2639 q
42 2543 175 2631 ejectus
188 2541 251 2608 eris
265 2541 298 2607 in
314 2540 477 2607 montibus
493 2539 581 2607 velut
602 2541 737 2608 cadaver
756 2543 982 2624 abominabile,
997 2571 1073 2628 cum

4 2706 14 2748 n
40 2680 54 2715 s
70 2648 180 2716 multis
194 2649 329 2716 mortuis
344 2649 497 2716 confossis
512 2648 630 2739 gladio,
653 2649 918 2721 descendentibus
932 2657 965 2722 in
980 2657 1075 2731 inler-

4 2801 15 2858 ἰ.
40 2783 157 2828 snum·
177 2757 457 2840 Quemadmodum
472 2761 696 2827 vestimentum
712 2761 745 2826 in
759 2764 911 2854 sanguine
924 2788 1074 2858 consper-

5 2927 14 2964 ι
39 2891 138 2938 nsum
154 2891 218 2936 non
237 2881 286 2936 est
302 2870 473 2946 mundum,
489 2871 534 2937 sic
548 2893 653 2959 neque
672 2881 709 2936 tu
731 2872 793 2938 eris
812 2875 960 2942 mundus.
979 2878 1072 2957 Quo-

5 3033 13 3080 1
39 2982 153 3049 »niam
182 2991 300 3046 terrem
320 3001 425 3047 meam
446 2979 623 3069 perdidisti,
652 2993 685 3046 et
705 2982 861 3072 populum
884 3008 992 3052 meum
1019 2989 1072 3054 in-

6 3147 11 3170 ,
39 3089 236 3166 »terleoisti,
263 3099 328 3156 non
354 3090 496 3158 manebis
521 3092 556 3157 in
579 3103 734 3158 [eternum
757 3090 926 3182 longaevus.
952 3095 1069 3165 Semen

6 3261 7 3294 ,
38 3221 219 3290 amquam,
239 3221 379 3289 praepara
402 3197 484 3264 lilios
505 3213 576 3267 tuos
592 3213 628 3266 ut
648 3198 835 3290 jugulentur
855 3210 1069 3294 propeccatis

23 3299 52 3377 ἰ
64 3311 164 3404 patris
179 3309 240 3385 tui,
252 3331 294 3378 ne
308 3320 514 3398 consurgant,
526 3321 558 3375 et
569 3321 686 3376 terram
700 3330 806 3378 meam
821 3311 1004 3380 hereditate
1018 3339 1070 3384 ac·
1121 3396 1126 3405 Ι

36 3424 185 3512 »cipiunt
197 3419 247 3487 ’.ι
285 3489 290 3495 ,

78 3528 201 3598 XVlll.
228 3525 373 3594 Ezechiel
388 3543 515 3616 qnoque
533 3525 677 3593 similiter
688 3526 831 3618 loquitur
844 3532 876 3596 in
892 3531 980 3601 bunc
994 3557 1065 3604 mo-

40 3642 114 3708 dum
132 3662 140 3704 z
160 3637 260 3704 rllaee
275 3636 354 3703 dicit
369 3637 523 3705 Dominus
539 3636 623 3704 Deua
641 3658 650 3699 ε
668 3635 729 3702 Pro
743 3661 782 3704 eo
797 3641 885 3728 quod
897 3642 1068 3714 exaltatum

41 3762 114 3816 sest
124 3758 298 3822 cortuum,
315 3759 348 3812 et
359 3746 476 3823 dixisti,
492 3747 578 3813 Deus
592 3767 652 3835 ego
667 3767 751 3822 sum,
768 3746 996 3822 habitationem
1007 3756 1066 3824 Del

41 3856 204 3926 »habitavi
219 3855 251 3920 in
267 3857 366 3922 corde
382 3856 477 3926 maris
499 3854 553 3943 (tu
570 3867 677 3922 autem
689 3855 799 3934 bomo,
812 3872 845 3926 et
860 3885 923 3929 non
935 3843 1061 3954 lleus),·¹

72 3987 81 4022 ¹
96 3987 153 4037 lsai.
165 3985 241 4044 siud
252 3995 277 4036 et
287 4001 359 4052 seqq.

127 4095 168 4138 rr.
894 4081 933 4144 26
