2382 4592
312 260 593 329 assemsum.
619 281 648 326 ι.
942 260 1005 326 aod

4 401 89 468 ‘iram
103 412 137 468 et
152 401 386 490 cupiditatem,
404 404 481 471 dioit
497 403 655 470 decidere.
678 403 751 485 Qua
766 403 889 470 ratione
904 403 1007 471 Phali-

2 521 104 574 ontem
117 533 249 599 quoqne
260 525 395 602 propter
409 512 672 578 incontinentiam
684 510 820 578 salsulae
836 535 935 579 curru
950 535 1008 578 ex-

2 615 73 684 iisse
94 617 266 708 significat.
291 620 339 687 lta
362 621 459 686 etiam
477 618 632 686 sehabet
654 619 694 685 de
716 619 847 708 Joseph.
873 619 955 686 Cum
978 621 1007 686 ei

2 725 155 793 hleseenti
169 725 289 793 iratres
301 727 486 796 invidissent
495 727 521 805 ¹,
534 740 570 794 ut
583 728 637 819 qui
652 726 785 817 amplius
798 726 917 815 aliquid
924 751 1009 817 prae-

2 835 82 902 deret
99 823 362 926 in'cognitione‚
382 860 458 904 eum
478 838 564 904 varia
582 848 740 904 exuerunt
753 837 881 913 tunica,
904 848 937 902 et
951 859 1008 903 ao-

3 955 89 1034 ptnm
100 945 134 1010 in
143 942 257 1012 laeum
267 947 478 1035 projecerrmt
494 937 595 1032 (laous
610 957 717 1013 antem
729 945 831 1011 inanis
845 956 935 1020 erat,
947 967 1019 1032 neo

2 1052 72 1120 duit
87 1037 246 1141 squamis
255 1066 294 1119 nt
308 1053 364 1142 qui
381 1054 500 1121 variam
515 1054 573 1120 viri
586 1055 662 1120 boni
674 1053 888 1144 cognitionem
902 1076 941 1118 ex
958 1052 1009 1117 di-

2 1161 69 1249 ,enti
86 1161 193 1226 studio
216 1173 439 1251 comparatam
463 1163 699 1248 mandassent,
719 1174 752 1228 et
772 1161 875 1230 valere
897 1161 1009 1252 jussis-

1 1280 34 1334 nt
47 1293 54 1335 ι
68 1280 121 1336 aut
136 1270 224 1336 nuda
236 1321 245 1346 ,
259 1293 333 1358 quae
345 1282 393 1337 est
405 1294 444 1336 ex
455 1271 556 1360 Lege,
569 1271 633 1337 lide
646 1283 786 1347 utentes,
802 1271 1009 1366 projecerunt

15 1375 116 1444 laeum
138 1402 221 1466 aqua
246 1401 407 1455 vacuum,
426 1391 461 1443 ut
484 1379 538 1468 qui
556 1379 771 1445 vendidissent
786 1381 819 1447 in
835 1379 1009 1469 AEgyptum

5 1485 73 1550 vino
86 1487 179 1552 verbo
197 1486 373 1553 desertam.
392 1486 519 1554 Vacuus
542 1500 650 1555 autem
667 1488 799 1554 seientia
814 1487 903 1553 lacus
919 1499 1007 1564 erat,

17 1615 107 1679 quem
120 1595 289 1683 projeetus
306 1592 359 1662 ille
375 1593 501 1662 ooonlte
516 1595 640 1685 sapiens
658 1613 733 1662 cum
747 1597 885 1662 exuisset
896 1597 1009 1685 cogni-

2 1721 106 1778 onem,
128 1703 304 1770 videbatur
319 1702 428 1769 similis
446 1703 613 1782 iratribus,
633 1704 668 1770 id
688 1717 756 1782 est,
772 1705 878 1770 nudus
898 1704 1009 1794 cogni-

2 1829 60 1874 ono.
78 1809 176 1908 {uxta
199 1810 301 1879 aliam
322 1812 617 1901 interpretationem
642 1814 765 1878 varium
784 1813 1009 1880 indumentum

2 1917 117 2004 >cipitur
130 1943 191 2009 pro
207 1921 403 2011 cupiditate,
421 1945 492 2010 quae
507 1921 540 1988 in
552 1932 677 1988 vastum
693 1920 880 1988 barathrum
899 1924 1010 1988 absee-

2 2024 27 2088 ll·
48 2025 106 2093 «Si
125 2029 199 2115 quis
215 2041 343 2106 autem,
361 2028 476 2117 inquit,
499 2028 604 2095 laeum
621 2030 792 2118 aperuerit‚·
811 2029 859 2096 vel
871 2030 1011 2097 aedifica·
1098 2081 1104 2090 .

2 2133 87 2210 terit,
106 2147 140 2200 et
163 2137 272 2225 ipsum
288 2159 353 2204 non
368 2137 504 2214 texerit,
525 2134 641 2203 vitulus
662 2150 769 2204 autem
786 2127 836 2204 vel
852 2139 958 2206 asinus
977 2140 1009 2206 in

2 2259 61 2305 tum
83 2242 256 2322 inciderit,
280 2237 367 2312 lao'us
383 2245 530 2312 dominus
547 2243 649 2311 solvet
662 2247 852 2335 pecuniam,
872 2260 906 2313 et
922 2249 1011 2314 dabit

2 2350 155 2435 proximo,
172 2353 264 2441 quod
285 2366 392 2422 autem
411 2354 505 2419 fuerit
519 2367 701 2430 mortuum,
724 2356 793 2444 ejus
815 2355 904 2421 erit².
921 2385 933 2418 ι
952 2357 1011 2424 llio

2 2453 45 2523 iti
59 2456 149 2524 illam
166 2463 326 2550 subjunge
341 2461 564 2552 Prophetiam:
589 2460 769 2553 «Cognovit
778 2465 837 2529 hos
851 2486 1012 2553 possesso-

2 2584 58 2629 rem
69 2589 186 2644 suum,
205 2581 239 2633 et
254 2570 360 2636 asinus
375 2575 516 2660 praesepe
527 2568 647 2636 domini
660 2572 721 2649 sni,
734 2569 830 2637 lsrael
841 2583 948 2640 autem
959 2595 1011 2640 me

2 2692 57 2740 ton
76 2673 293 2744 intellexit³.a

28 2805 91 2870 10⁸.
127 2801 302 2903 Symbola
334 2772 593 2903 Apostolorum
621 2805 776 2878 ostendit
811 2831 856 2880 ex
886 2823 1011 2880 sancto

2 2917 123 2990 hulo⁴t

22 3048 174 3130 Quocirca
199 3054 260 3122 alia
282 3057 411 3145 quidem
437 3068 512 3123 sunt
530 3057 680 3146 mysteria
700 3081 769 3146 quae
792 3055 921 3123 suerunt
942 3058 1011 3124 ahs

2 3177 68 3224 onsa
83 3183 181 3250 usque
197 3165 238 3230 ad
255 3163 442 3254 Apostolos,
458 3176 492 3230 et
506 3165 621 3231 tradita
634 3167 759 3231 suntab
779 3165 853 3254 ipsis
869 3177 934 3232 uta
949 3167 1011 3232 Do-

2 3261 61 3328 tlno
78 3285 297 3360 aeceperunt:
319 3274 471 3340 absconsa
487 3286 594 3340 autem
613 3275 645 3339 in
665 3274 762 3340 veteri
781 3273 1008 3354 Testamento,

2 3391 45 3453 nse
55 3397 138 3444 nune
149 3379 348 3447 manifestata
360 3393 434 3448 sunt
444 3374 599 3447 sanctis...
613 3381 709 3463 Quod
719 3381 805 3447 enim
820 3405 881 3446 non
892 3381 933 3447 sit
943 3407 1009 3448 orn-

2 3475 59 3546 t'um
74 3487 206 3574 cognitio
214 3489 238 3567 ⁶,
255 3489 418 3580 subjungit
433 3501 541 3578 aperte
555 3514 563 3555 :
575 3517 588 3551 (
601 3489 784 3556 Constructi
797 3491 829 3556 in
843 3490 1008 3570 charitate,

6 3597 34 3650 tl
46 3590 77 3656 in
91 3617 200 3664 omnes
218 3598 341 3665 divitias
355 3599 554 3666 oei-titudinis
573 3597 806 3688 intelligentiae,
824 3599 856 3665 in
874 3600 1010 3690 agnitio·

20 3709 925 3828 :Gena.mv11‚23onq.-¹sxod.xn,ttae-'luens
