2448 4610
222 299 285 377 llio
537 321 711 366 cunuanrrs
735 323 947 388 anaxaunnrrr

226 465 288 529 qne
307 443 373 530 jam
396 439 472 507 olim
494 439 698 530 reliquerant,
721 467 792 532 quae
813 443 878 510 sola
901 441 962 509 illis
983 443 1017 509 in
1042 463 1144 508 centu
1158 461 1174 505 e
1190 459 1222 503 τις

231 552 317 632 Quid
331 576 407 641 crgo
429 553 576 620 timentes
598 554 699 631 aiunt,
722 554 769 618 Et
792 553 867 640 quoia
884 568 989 640 potest
1009 550 1127 616 aniona
1140 547 1201 638 fieri

227 663 380 732 l‘raeolare
395 665 576 740 audierant,
598 677 632 731 et
652 676 690 729 ut
710 662 871 754 discipuli,
892 662 980 752 quod
1000 685 1059 751 por
1077 685 1111 750 p.
1145 692 1198 715 .·1·

144 855 146 860 ,
215 799 385 864 censuque
396 776 580 842 obscuriore
594 799 612 841 a
624 775 763 842 Domino
779 763 901 842 dictum
916 774 1033 848 lucrat,
1045 793 1085 838 ac
1101 783 1208 837 aena*

228 883 428 952 altitudinem
445 883 672 951 intellexerant.
687 886 728 950 Et
742 885 871 972 quidem
882 885 969 972 quod
983 882 1100 948 attinet
1114 880 1153 946 ad

230 997 357 1062 niarum
379 995 627 1072 abdicationem,
644 998 727 1062 bona
743 1017 799 1083 ape
819 990 1052 1080 consequendae
1066 989 1174 1056 salutis
1189 1034 1200 1082 ,¹

229 1115 320 1170 erant
344 1128 353 1170 ι
378 1105 464 1193 quod
486 1127 562 1170 vero
587 1104 781 1174 necdum.ae
797 1103 941 1194 'perfecte
968 1101 1102 1168 allectus
1126 1101 1195 1166 ri

230 1215 355 1282 eunitae
370 1214 430 1281 sibi
446 1216 565 1283 conscii
580 1228 671 1282 erant
695 1215 832 1306 (quippo
847 1237 950 1305 nuper
963 1211 1131 1303 disciplina
1148 1213 1186 1270 ἰιι

232 1347 407 1422 recensque
419 1347 437 1390 a
448 1322 610 1390 salvatore
621 1324 654 1390 in
665 1322 816 1390 familiam
827 1323 935 1413 acciti)
949 1321 1182 1412 supramodum

233 1435 294 1500 ntia
308 1433 446 1523 perculsi
461 1445 566 1510 erant,
586 1455 739 1522 suamque
760 1435 818 1523 ipsi
831 1429 989 1509 'salutm
1010 1431 1101 1498 haud
1120 1451 1199 1496 went

232 1544 336 1612 divitis
354 1541 437 1610 illius
458 1543 604 1610 habentia
623 1541 916 1633 multaspecunias.
938 1542 1073 1631 direque
1091 1541 1185 1608 animo

233 1653 377 1721 familiari
393 1652 511 1720 addicti
530 1652 646 1740 (quam
664 1665 698 1718 et
713 1653 783 1718 vitae
798 1665 922 1718 aeternae
938 1649 1139 1741 praetulerat)
1153 1650 1180 1714 ia

233 1763 365 1853 aperatia
380 1763 551 1830 habebant.
572 1762 685 1852 Magno
701 1763 807 1851 itaque
821 1761 881 1829 illia
899 1763 1014 1828 timore
1032 1761 1156 1850 dignum
1188 1764 1194 1789 ³

235 1876 342 1951 batur,
359 1874 383 1938 si
399 1885 469 1939 tum
484 1873 510 1938 is
529 1873 585 1963 qui
604 1873 755 1963 pecuniae
777 1873 921 1948 haberet,
941 1884 1013 1937 tum
1027 1871 1083 1960 qui
1101 1869 1170 1936 alla*

235 1985 384 2074 gravidus·
402 1997 497 2069 esset,
518 1986 552 2051 in
571 1985 704 2052 divitum
724 2007 822 2053 censu
844 1983 983 2050 habendi
1004 1993 1122 2056 essent,
1141 2005 1178 2044 ro

233 2094 363 2183 perinde
383 2117 481 2184 regno
498 2093 653 2160 coelorum
670 2094 819 2184 ejiciendi
836 2092 950 2159 forent.
968 2083 1194 2158 Animasenin‘

234 2229 347 2272 munes
366 2206 406 2270 ab
426 2205 593 2272 affectibus
610 2227 648 2273 ac
664 2204 735 2272 lnbe
752 2229 847 2296 puras
864 2218 972 2271 manet
991 2203 1086 2270 salus.

278 2315 369 2382 XXI.
396 2314 552 2382 Dominus
566 2338 641 2382 vero
661 2317 824 2405 respondit
840 2340 848 2381 :
866 2342 879 2377 ι
898 2314 997 2396 Quod
1010 2325 1061 2379 est
1074 2335 1174 2401 ttmpw

241 2424 352 2516 tapud
364 2425 521 2504 homiues,
534 2439 582 2491 est
592 2424 739 2514 possibile
750 2425 819 2491 Deo
828 2424 851 2488 ².
866 2453 879 2486 t
893 2425 935 2491 Et
944 2423 1009 2490 hoc
1020 2445 1127 2488 rursm
1148 2450 1169 2475 ι·ι
1182 2468 1187 2495 g

236 2538 397 2626 eapientiae
413 2537 544 2626 plenum
558 2549 606 2602 est
624 2559 632 2601 ι
652 2536 773 2603 idcirco
789 2537 939 2602 nimirum
954 2534 1044 2624 quod
1058 2533 1146 2599 bomo
1158 2531 1173 2575 '1

237 2669 282 2722 se,
299 2669 418 2735 suaque
433 2647 549 2714 virtute
565 2667 694 2735 operam
710 2668 845 2734 ponens,
862 2646 1058 2732 studensque
1073 2640 1130 2710 acl

239 2768 275 2821 ut
296 2757 484 2844 compressis
507 2753 675 2822 affectibus
698 2753 858 2843 tranquilli
879 2755 975 2819 animi
998 2751 1074 2826 fiat,
1095 2738 1181 2816 nitit‘

157 2909 160 2916 .
237 2877 365 2954 praestat
380 2888 389 2930 ι
405 2866 453 2932 ain
468 2877 573 2932 autem
588 2866 659 2954 ejna
674 2864 831 2930 desiderio
846 2861 1066 2930 vehementius
1082 2861 1120 2927 in
1148 2890 1166 2913 t·

240 2973 500 3064 diligentiamque
520 2997 648 3040 omnem
669 2975 830 3050 adhibeat,
853 2973 1005 3061 adjuncta
1029 2969 1075 3035 illi
1089 2967 1172 3034 divina

239 3096 308 3150 tute
322 3083 437 3149 evadet
451 3096 599 3150 votorum
611 3105 751 3171 compos.
766 3083 852 3148 Deus
867 3102 1007 3168 namque
1020 3075 1172 3146 volentibus

240 3195 300 3260 mis
314 3193 441 3281 aspirat.
460 3191 516 3258 Sin
535 3204 643 3260 autem
659 3215 676 3257 n
692 3203 796 3281 coeptn
815 3191 910 3257 animi
932 3187 1095 3256 alacritate

239 3304 316 3379 rint,
339 3303 435 3368 etiam
455 3301 547 3366 datua
563 3325 580 3366 a
596 3301 665 3367 Deo
680 3301 808 3391 spiritua
829 3297 1041 3372 contrahitur.
1060 3295 1174 3363 turin,

241 3413 376 3480 satutem
391 3411 517 3487 afferre,
533 3413 603 3499 ejus
617 3423 665 3478 est
681 3414 734 3501 qui
749 3413 814 3480 vim
828 3411 954 3484 afferam
973 3408 1161 3476 volentibust

242 3521 342 3588 libero
357 3521 454 3587 animi
475 3523 649 3612 proposito,
671 3523 742 3612 ejus
761 3522 814 3610 qui
831 3519 1004 3588 liberaliter
1019 3515 1163 3605 indulgeat
1181 3550 1184 3563 2

243 3630 467 3698 dormientium
483 3643 515 3696 et
530 3632 561 3696 in
575 3630 693 3698 deliciis
709 3633 869 3722 agentium
885 3643 933 3696 est
948 3651 1082 3720 regnum
1094 3621 1153 3691 cub

161 3755 168 3764 '
242 3739 297 3806 ted
308 3738 446 3804 violenti
459 3739 598 3828 rapiunt
612 3737 722 3804 ittud¹.
741 3739 817 3804 llaec
832 3738 917 3804 enim
932 3735 1000 3802 sola
1015 3737 1092 3803 bont

241 3849 309 3916 Deo
324 3849 390 3916 vim
405 3850 532 3926 inserte,
548 3862 644 3940 atque
656 3875 673 3916 a
686 3850 755 3917 Deo
768 3850 864 3918 vitam
878 3869 1001 3938 rapere.
1022 3845 1081 3928 Qui
1094 3851 1172 3909 auten

277 3979 284 4012 ¹
296 3984 372 4036 Marc.
385 4003 410 4048 x,
422 3997 461 4048 25‚
471 4023 502 4035 ..
511 3995 522 4031 t
532 3999 593 4050 Luc·
607 4011 678 4056 mn,
692 3985 791 4058 ²7···¹
805 3985 895 4036 llattb.
907 3997 942 4040 ιι,
958 3995 998 4028 ιι.
