2452 4602
226 254 289 330 4η
539 273 712 320 οιιοιοοοτιε
736 271 948 320 οιιιοιοοιιοι

227 375 311 454 rium
337 389 529 456 desectionea
550 403 583 456 et
606 389 743 478 deliquio
766 390 840 458 inde
864 389 1056 478 proveniunt.
1076 390 1191 470 Quodn·

227 499 323 568 modo
338 501 423 566 enim
438 523 586 590 corpora,
598 524 664 566 non
677 523 769 567 nocua
784 523 823 566 ac
833 502 979 577 arbores,
993 522 1050 564 non
1062 498 1142 566 rolnn
1148 523 1192 574 cre,

228 607 391 674 sedetiam
402 609 439 674 iis
456 610 509 696 qui
524 631 582 697 per
595 619 699 674 totum
711 631 827 698 corpus
840 607 1194 697 interierandunapcrim
1214 638 1215 642 ¹

220 728 291 790 -tur,
308 717 465 783 mentibus
480 717 605 784 bibunt.
624 717 728 805 Hujus
742 727 850 782 autem
865 717 911 782 rei
926 727 975 782 est
989 717 1130 791 indicium,
1142 717 1194 804 qud

227 823 282 910 qui
293 823 439 901 sitierint,
459 825 575 891 deinde
596 827 630 890 in
649 847 745 912 aquea
763 825 998 901 descenderint,
1013 825 1057 890 citi
1072 825 1196 892 rcnediua

227 955 309 1022 eaepe
323 932 522 1000 invenerunt.
538 933 603 1000 Nisi
618 957 694 1022 ergo
706 933 748 998 ad
760 930 881 1022 aliquid
896 929 995 1022 prosit
1008 931 1196 1008 hrenumnu
1214 1003 1216 1032 ἰ

221 1054 357 1131 oportet
381 1067 440 1109 noa
460 1067 499 1110 eo
522 1042 689 1110 resolvere.
719 1042 849 1110 Veteres
871 1067 909 1110 ea
937 1050 1145 1122 ὡθρυπογνψῑο,
1161 1037 1215 1108 Ιοο.ἶ

228 1161 289 1228 eat,
304 1153 481 1240 fullonica
494 1151 668 1218 heroicum
682 1151 845 1242 officinae,
864 1167 1029 1228 vocarunt,
1043 1155 1162 1242 quonian
1171 1175 1199 1220 o.

222 1262 292 1330 tina
308 1284 403 1349 quam
420 1285 479 1350 par
492 1273 561 1328 eret
575 1283 715 1351 pannosa
729 1284 863 1350 corpora
875 1261 1030 1338 efficiunt,
1040 1273 1069 1326 et
1080 1274 1139 1327 ante
1149 1273 1199 1326 teu
1215 1289 1216 1292 ¹

228 1395 289 1460 pua
309 1385 428 1460 cogunt
447 1395 484 1440 ca
505 1373 714 1464 decoquendo
729 1395 969 1448 consenescere,
987 1373 1060 1438 dum
1079 1395 1131 1436 non
1144 1392 1217 1456 ccco

229 1482 322 1548 acin
346 1481 442 1559 seno,
466 1481 571 1548 calore
593 1507 669 1550 caro
690 1481 912 1556 modificatur:
934 1483 1010 1548 hinc
1033 1481 1122 1570 frigidi
1141 1477 1200 1544 rddi

230 1590 367 1657 tinctura
382 1601 415 1656 et
428 1603 641 1680 temperatura
659 1615 739 1680 opus
763 1591 929 1657 habemus.
956 1591 1062 1678 Neque
1080 1612 1138 1656 vero
1150 1611 1201 1653 cn

230 1722 288 1789 per
302 1712 351 1764 eet
363 1697 547 1776 lavandum,
564 1702 620 1766 ced
633 1703 698 1767 sive
714 1699 808 1789 paulo
824 1700 921 1765 suerio
937 1699 1070 1774 inanior,
1085 1697 1124 1763 vel
1136 1719 1202 1762 runu

230 1805 326 1897 panio
347 1806 509 1897 repletior,
536 1808 752 1897 respuendum
774 1819 822 1873 est
841 1805 990 1874 balneum
1008 1829 1016 1872 t
1036 1807 1088 1872 ced
1106 1827 1136 1870 co
1151 1815 1203 1870 ocu

231 1916 387 1984 utendum
409 1928 457 1982 cst
475 1916 583 1982 habita
606 1917 728 1983 ratione
749 1915 862 1991 aetatis,
885 1917 1040 2004 eorporis,
1056 1927 1088 1980 ct
1104 1912 1203 2000 tempe-‘t

231 2026 316 2092 anni.
337 2025 408 2092 Non
425 2025 511 2090 enim
528 2047 639 2092 omnea
659 2047 795 2113 semper,
817 2046 878 2090 nec
898 2047 1024 2112 semper
1037 2024 1126 2112 jurat,
1138 2019 1204 2106 ntqd

231 2156 341 2202 earum
367 2156 476 2200 rerum
499 2145 573 2200 cunt
600 2133 693 2222 periti
715 2132 865 2199 intentur.
896 2131 994 2198 Nobis
1019 2145 1116 2197 autem
1133 2127 1206 2194 sudu

95 2307 101 2319 ,
230 2244 427 2332 symmetria,
443 2265 540 2332 qnam
558 2265 696 2331 semper,
716 2253 751 2306 ut
766 2241 837 2316 vitre
854 2252 971 2306 nostrae
986 2263 1078 2329 opem
1089 2233 1162 2312 ierat,
1173 2235 1206 2300 ad

231 2377 392 2421 vocamus.
408 2353 518 2440 Neque
529 2352 615 2418 enim
630 2349 745 2418 balneo
757 2350 837 2418 adeo
854 2351 1009 2417 utendum
1024 2361 1082 2426 est,
1097 2361 1207 2414 utnon

231 2463 360 2531 alteriue
377 2485 525 2553 egeamue
541 2459 759 2528 adminiculo:
777 2483 881 2548 nequo
901 2481 975 2526 vcro
991 2459 1108 2535 assidue
1122 2469 1207 2544 usqi

229 2574 263 2640 in
280 2573 331 2640 die
344 2573 515 2640 lavandum
528 2561 589 2649 eit,
602 2572 685 2638 sicut
697 2570 880 2657 frequenter
895 2569 928 2635 in
945 2569 1048 2635 forum
1057 2568 1205 2635 rentitrnu

230 2683 304 2750 dam
315 2705 391 2749 vero
405 2681 521 2749 multoc
536 2703 664 2770 quoque
676 2681 796 2748 habere
808 2680 862 2768 qui
877 2679 1078 2768 perfundant,
1089 2691 1131 2744 rat
1141 2673 1208 2766 pron'·

230 2815 300 2860 moe
314 2793 429 2881 injuria
444 2791 571 2860 adicere
584 2815 643 2880 per
656 2789 786 2858 deliciae
806 2813 815 2854 ε
831 2803 865 2855 et
877 2803 927 2856 est
941 2813 1052 2856 eornm
1067 2790 1116 2879 qui
1126 2785 1208 2854 norb

140 2947 148 2956 ·
231 2899 392 2992 teliigunt,
419 2913 567 2992 oportere
594 2921 663 2966 ease
673 2955 676 2964 .
688 2921 862 2968 commune
891 2922 1004 2966 eorum
1031 2899 1082 2986 qni
1110 2897 1209 2963 lauru

230 3011 392 3080 balneum.
411 3012 547 3100 Oportet
562 3023 670 3077 autem
693 3009 829 3076 maxime
849 3008 981 3098 quidem
1000 3007 1097 3075 lavore
1114 3006 1209 3071 annu

230 3133 385 3211 purgante
399 3120 499 3210 Logo,
511 3133 544 3186 et
553 3130 784 3207 nonnunquam
804 3119 901 3184 etiam
915 3141 1032 3208 corpus
1044 3129 1155 3207 propter
1170 3133 1210 3178 ete

231 3232 286 3298 dea
302 3255 372 3320 quae
385 3233 414 3298 ci
434 3231 661 3306 adnascuntur.
680 3230 864 3311 Quinetiam
882 3243 959 3296 aunt
970 3249 1172 3315 nonnunquam
1182 3243 1218 3292 re.

230 3338 371 3410 solvendi
385 3341 510 3410 iabores
523 3365 531 3408 ε
544 3342 622 3410 «Vae
639 3342 725 3407 enim
740 3341 842 3415 voltii,
855 3339 977 3407 Scribae
988 3352 1023 3408 et
1037 3337 1160 3408 Pherisoi
1171 3335 1211 3420 hy·

230 3451 397 3540 »pocritae,
418 3452 500 3517 dicit
520 3450 697 3525 Dominus,
714 3447 866 3537 quoniam
881 3449 998 3516 similes
1014 3450 1082 3516 estis
1098 3441 1211 3536 eepuici

229 3587 243 3621 ι
258 3559 419 3626 dealbatis.
439 3556 628 3648 Sepulcrum
644 3556 820 3647 pulchrum¹
830 3571 961 3647 apparet
976 3559 1163 3624 extrinsecus:
1177 3553 1211 3616 ir·

230 3679 309 3732 »tua
329 3681 437 3736 antem
457 3667 587 3758 plenum
603 3678 652 3734 eu
666 3665 956 3743 mortuiaoasibus,
969 3679 1002 3734 ct
1016 3665 1095 3732 omni
1112 3664 1210 3728 innuo

230 3776 334 3842 ‚ditia
349 3775 372 3841 ¹.
393 3804 405 3842 ι
421 3777 462 3842 Et
483 3799 593 3844 rurant
617 3775 696 3844 dicit
713 3774 854 3842 eisdem:
875 3773 963 3843 ‹Vae
981 3775 1079 3852 vobis,
1099 3767 1211 3860 quoni·

265 3901 274 3936 ¹
285 3903 378 3954 naath.
387 3919 460 3964 utu,
471 3919 508 3968 ²7·
