2412 4596
314 235 502 290 smouarou
524 239 585 290 arn.
612 241 636 288 r.
951 225 993 294 55

20 367 88 460 ipsos
107 361 219 434 scilicet
242 363 509 434 abalienaverunt.
535 365 586 434 Ad
611 387 665 432 eos
693 361 775 434 dicit
792 361 962 457 Prophetis
983 393 993 436 ε

20 479 85 550 Ere
94 475 204 552 celsos
227 487 260 541 et
274 499 325 542 ma
338 476 522 553 audieritis,
535 477 619 543 bona
630 487 723 542 terrae
735 475 957 546 comedens
975 507 989 542 s

20 586 106 656 nobis
123 587 214 653 situm
238 599 307 651 ess'e
322 609 455 676 arguens
474 598 511 652 ut
535 585 712 686 eligamus,
731 597 764 652 et
785 584 992 655 declinemus.

20 696 146 764 drumm
160 693 336 782 sapientiam
351 695 430 762 dixit
452 693 622 785 Apostolus
646 675 843 773 doctrinam,
859 719 930 785 quae
947 709 997 763 est

20 805 171 884 tllomiuo,
189 815 224 869 ut
245 827 353 872 seram
375 803 608 895 philosophiam
635 805 817 872 ostenderet
836 804 919 872 tradi
937 829 997 896 per

20 911 94 982 tum.
115 914 295 996 Quinetiam
317 913 371 1003 qui
390 913 450 981 sibi
473 914 599 981 videtur
621 915 764 1005 sapiens,
787 914 884 984 habet
900 939 997 1005 quas-

20 1045 52 1090 ιιι
64 1023 301 1101 admonitiones,
325 1045 395 1112 quae
407 1023 522 1112 jubent
538 1023 622 1113 apud
633 1022 822 1114 Apostolum
836 1052 851 1085 ι
864 1023 997 1092 induem

20 1153 105 1198 osum
131 1129 311 1209 hominem,
339 1132 394 1222 qui
414 1132 590 1200 secundum
617 1132 721 1200 Deum
746 1144 870 1200 creatus
893 1145 942 1199 est
963 1134 996 1200 in

20 1231 470 1316 lustitiaelsanctitateseritatis.
483 1242 702 1322 Quamobrem
709 1241 903 1331 deponentes
909 1264 997 1309 men-

20 1347 129 1425 licium,
152 1348 317 1438 loquimini
347 1349 523 1416 veritatem.
555 1351 602 1417 Ne
626 1350 706 1416 detis
727 1349 834 1418 locum
855 1349 993 1419 diabolo.

20 1459 61 1544 lui
71 1459 238 1539 iurabatur,
255 1483 322 1526 non
341 1459 476 1550 amplius
495 1461 638 1539 staretur,
655 1463 712 1529 sed
728 1462 833 1552 potius
849 1461 996 1540 laboret,

20 1568 273 1658 peranslsonum².
287 1597 300 1630 ι
313 1568 561 1657 (operariautem
572 1583 621 1636 est
635 1568 809 1640 allaborare
823 1571 997 1661 quaerendo

20 1673 127 1740 sitalem
144 1698 239 1742 :nam
255 1677 466 1764 conjunctam
481 1687 530 1741 est
546 1674 610 1752 illi,
630 1700 700 1764 quae
716 1700 863 1743 sermone
875 1675 911 1743 iit
922 1727 930 1754 ,
942 1678 998 1745 be·

20 1779 147 1874 tidenter)
169 1810 182 1845 ι
198 1797 235 1850 ut
252 1785 409 1874 impertiri
433 1785 557 1874 possitis
576 1784 624 1862 ei,
648 1787 702 1873 qui
715 1809 795 1876 opus
807 1785 950 1862 habet,s
966 1799 999 1852 ct

20 1889 123 1958 muas
137 1893 260 1982 copias,
279 1905 312 1960 et
322 1894 461 1961 divinam
472 1894 672 1983 sapientiam.
686 1893 764 1962 Vult
771 1896 998 1963 enimverbum

20 1997 96 2078 teat,
108 2012 138 2068 et
158 2015 326 2094 argentum
344 2002 461 2069 mensis
477 2003 545 2069 dari
556 2002 697 2092 perfecte
712 2004 945 2081 examinatum,
963 2016 999 2070 ut

20 2119 71 2174 atu
83 2109 195 2178 sonori.
216 2112 310 2179 Unde
326 2111 439 2178 insert:
461 2113 599 2201 «Turpe
614 2112 747 2179 verbum
766 2135 805 2178 ex
816 2137 874 2180 ore
892 2126 997 2181 vestro

20 2233 162 2287 reumont.
185 2221 251 2288 »ld
273 2233 380 2289 autem
401 2233 496 2312 turpe
519 2233 585 2298 cst,
602 2219 689 2309 qu'od
712 2222 857 2311 procedit
879 2245 919 2290 ex
933 2225 998 2312 opi-

20 2323 84 2404 lsne,
97 2353 184 2419 quam
200 2331 291 2398 de'se
304 2332 374 2421 quis
389 2330 547 2420 concipit:
570 2356 582 2391 ι
595 2330 659 2397 Sed
673 2331 797 2420 siquod
811 2343 865 2397 est·
874 2333 998 2400 bonum

21 2435 278 2508 dedicationem
296 2438 457 2517 utilitatis,
474 2452 511 2505 ut
526 2440 580 2506 det
600 2439 735 2530 gratiam
752 2440 991 2508 audientibus·

21 2545 55 2610 sni
67 2559 159 2616 autem
173 2549 249 2628 Dei,
264 2551 388 2617 honum
404 2550 443 2616 sit
454 2549 586 2616 verbum
598 2572 728 2616 necesse
739 2561 797 2617 est.
826 2551 997 2633 Quomodo

21 2663 142 2724 tamnen
152 2671 199 2725 est
213 2661 337 2726 bonum
349 2709 358 2735 ,
371 2659 458 2748 quod
472 2657 594 2725 salsum
609 2657 708 2724 iacit?

30 2761 105 2844 Quod
117 2766 218 2858 itaque
226 2767 417 2835 testimonio
424 2770 672 2858 comprobetur,
685 2767 817 2838 Graecos
828 2792 902 2838 vcra
914 2793 997 2860 ‹pras-

21 2871 164 2944 tuhabere
180 2878 349 2968 dogmata,
366 2877 443 2944 hinc
454 2901 583 2968 quoque
595 2875 671 2944 licet
686 2878 897 2945 considerare.
913 2879 998 2946 Scri·

21 2975 61 3046 tu
71 2983 100 3050 in
117 2985 201 3053 dctis
220 2984 430 3077 Apostolicis,
452 2985 586 3054 Paulum
603 2985 672 3053 haec
687 2987 794 3054 dicere
804 2988 846 3054 ad
859 2988 998 3076 Areopa·

21 3083 409 3184 io:«suparstitiosidres
431 3119 487 3162 vos
509 3096 615 3163 udan.
636 3097 822 3163 Praeterieris
842 3097 949 3173 enim,
965 3108 999 3164 ct

21 3194 98 3268 ridens
108 3203 274 3273 simulacra
288 3195 410 3281 vestra,
428 3185 533 3272 inveni
548 3217 582 3272 et
597 3227 707 3282 aram,
721 3205 829 3296 inqua
843 3205 998 3295 scriptum

21 3303 64 3374 rat
69 3312 198 3403 ,ignoto
213 3316 292 3382 Deo.
305 3316 410 3397 Quem
421 3337 497 3405 ergo
505 3316 684 3404 rgnorantcs
695 3313 817 3393 colitis,
830 3315 998 3385 eumsobis

21 3425 148 3490 mnuntio.
162 3425 247 3492 Deus
262 3425 366 3503 cnim,
383 3447 437 3516 qur
428 3425 532 3490 fecit
547 3425 719 3502 mundum,
735 3437 769 3491 et
784 3425 910 3502 emnia,
917 3449 998 3551 quae

21 3521 105 3618 ltipso
125 3546 218 3602 sant.
234 3534 289 3602 bic
307 3533 378 3603 coeli
394 3547 427 3602 ct
439 3547 533 3602 terroe
550 3557 625 3602 cum
636 3535 676 3600 sit
692 3535 867 3614 Dominus,
882 3511 947 3603 non
963 3535 997 3603 in

21 3639 171 3710 nameus
189 3643 312 3735 templis
330 3644 472 3721 habitat,
498 3667 558 3712 nec
576 3669 594 3710 a
614 3645 761 3711 manibus
776 3645 921 3713 humanis
945 3669 997 3712 cc

21 3735 89 3824 lima,
106 3750 242 3844 indigens
265 3751 387 3844 aliqaso,
423 3777 498 3822 cum
524 3755 592 3846 ipse
613 3753 668 3821 det
682 3753 829 3825 omnibus
852 3756 948 3829 vitam
964 3766 997 3822 et

29 3867 677 3956 'lama19..-’Ephss.rv,at‚25,27‚28,29.
