2478 4594
363 313 553 359 sraoaaruu
576 317 638 360 nra.
665 317 707 360 vr.
993 297 1055 386 267

11 432 165 500 Mercurii
186 455 248 500 :es
268 435 383 522 quihus
402 459 486 502 unus
509 436 641 524 quidem
665 437 807 503 continet
822 436 960 527 hymnos
979 442 1057 508 deo*

12 565 110 620 rum,
131 541 210 610 alter
228 565 304 609 vcro
325 546 462 611 rationes
487 546 556 612 rite
577 546 680 636 regiae.
704 547 778 613 Post
798 559 962 615 cantorem
982 569 1058 618 rem

12 651 161 740 procedit
172 653 395 742 liorescopus,
415 655 469 742 qui
481 655 727 720 inmanuhahet
738 654 940 745 horologium
951 657 1060 747 etpal-

11 783 121 836 mam,
137 759 282 850 symbola
298 761 494 852 Astrologiae.
520 765 603 829 Eum
625 763 722 831 libros
737 764 885 830 Mercurii
904 767 959 854 qui
974 777 1060 833 trac-

13 879 85 934 tant
97 867 137 933 de
149 866 326 959 astrologia
338 919 348 946 ,
360 871 414 959 qui
427 871 556 960 quidem
565 883 639 936 sunt
650 884 788 958 quatuor
798 895 933 938 numero
946 923 956 951 ,
969 895 1060 962 opon

14 988 61 1042 tet
81 996 209 1066 semper
226 975 342 1044 hahere
364 979 398 1045 in
418 1001 485 1044 ore.
505 979 554 1044 Ex
570 981 687 1067 quihus
704 1001 787 1045 unus
808 981 940 1069 quidem
954 993 1002 1046 est
1020 980 1061 1047 de

13 1085 130 1152 ordine
151 1087 359 1154 inerrantium
377 1111 449 1175 quae
467 1087 616 1154 videntur
638 1101 815 1165 astrorum,
837 1088 916 1156 alius
931 1112 1005 1155 vero
1020 1090 1060 1156 de
1170 1111 1173 1118 ·

14 1195 106 1261 eoi'tu
121 1207 153 1260 et
172 1193 403 1262 illuminatione
412 1195 486 1263 solis
504 1209 536 1262 et
549 1196 650 1274 lunae,
671 1197 784 1287 reliqui
797 1197 837 1262 de
849 1220 961 1264 eorum
973 1210 1057 1263 ortua

14 1303 176 1393 Deinceps
190 1315 295 1370 autem
307 1318 537 1394 ιιρογραμματιὺς,
551 1306 661 1382 idest,
676 1306 779 1372 scriba
792 1329 973 1382 sacrorum,
985 1323 1061 1395 pent

15 1435 76 1478 nas
91 1411 211 1478 hahens
223 1413 256 1479 in
269 1414 395 1502 capite,
412 1427 444 1480 et
458 1412 578 1480 librum
590 1415 623 1480 in
634 1415 783 1482 munibus
800 1437 836 1480 ac
851 1412 1060 1503 regulam,ia

18 1542 86 1608 qua
97 1529 185 1583 estet
200 1531 414 1586 atramentum
431 1519 472 1586 ad
484 1521 711 1598 scribendum,
727 1533 761 1587 et
774 1520 890 1607 juncus
905 1543 973 1609 quo
985 1520 1062 1586 sert

16 1627 121 1701 hunt,
137 1627 345 1716 progreditur.
365 1629 460 1695 llunc
475 1641 601 1718 oportet
617 1629 698 1694 scire
717 1641 750 1693 et
764 1650 802 1694 ea
818 1651 889 1717 quae
907 1639 1061 1694 vocantur

14 1733 276 1823 hieroglyphice,
296 1747 329 1801 et
346 1735 459 1802 mundi
481 1736 747 1824 descriptionem,
764 1745 798 1799 et
816 1735 1059 1823 geographiam,

15 1854 49 1908 et
69 1843 216 1909 ordinem
235 1842 308 1909 solis
329 1855 361 1908 et
377 1843 481 1920 lunae,
498 1845 530 1908 et
551 1844 691 1932 quinque
706 1843 900 1919 errantium,
915 1841 1061 1931 AEgypti'-

15 1974 80 2040 que
98 1950 363 2041 chorographiam
374 1965 407 2017 et
419 1950 481 2018 Nili
493 1952 759 2039 descriptionem,
772 1961 804 2015 et
816 1951 1062 2039 descriptionem

14 2059 304 2126 instrumentorum
320 2071 645 2148 ornamentorumque
661 2081 844 2134 sacrorum,
864 2071 896 2124 et
914 2057 1061 2125 locorum

13 2170 60 2234 eis
77 2181 361 2246 consecratorum,
378 2189 627 2255 mensurasque,
640 2175 672 2232 et
686 2191 724 2232 ea
739 2191 808 2255 quae
823 2178 898 2234 sunt
915 2168 947 2234 in
962 2167 1060 2234 sacris

15 2275 120 2342 utilia.
146 2271 270 2342 Deinde
286 2287 358 2364 post
382 2275 508 2364 eosqui
528 2277 616 2364 prius
632 2273 708 2340 dicti
730 2286 820 2351 sunt,
841 2277 983 2363 sequitur
999 2277 1060 2366 ¹qui

13 2385 140 2450 dicitur
156 2397 310 2460 Στολωτὴς,
320 2385 405 2450 idest
415 2434 424 2462 ‚
434 2397 580 2461 ornator,
593 2385 646 2472 qui
657 2384 785 2471 justitia
797 2385 959 2460 cubitum,
977 2385 1061 2452 etad

12 2489 189 2558 libandum
211 2491 308 2558 hahet
330 2491 471 2558 salicem.
492 2493 521 2557 ls
542 2492 603 2558 scit
618 2492 724 2558 omnia
741 2515 811 2581 quae
826 2503 982 2557 vocantur
997 2523 1062 2560 παι-

14 2609 144 2676 hored,
164 2599 197 2665 id
213 2612 279 2676 est,
293 2600 334 2666 ad
351 2599 549 2689 disciplinam
565 2612 597 2665 et
613 2600 843 2668 institutionem
854 2599 1061 2689 pertinentia,

15 2719 49 2774 et
60 2719 304 2796 μοσχοσφαγιστικὰ
315 2758 324 2784 ,
334 2706 398 2774 hoc
408 2719 456 2773 est
466 2759 475 2784 ,
484 2710 706 2797 quaeadritum
714 2708 956 2775 mactandorum
969 2729 1062 2798 spee-

16 2829 89 2882 tant
108 2815 290 2884 vitulorum.
315 2818 398 2884 Sunt
416 2830 523 2883 autem
541 2819 653 2884 decem
675 2841 746 2906 quae
764 2819 924 2906 pertinent
944 2818 986 2883 ad
1000 2817 1062 2884 ho-

19 2947 134 2990 norem
157 2949 270 2992 eorum
293 2927 347 3016 qui
371 2939 444 2992 sunt
465 2925 552 3016 apud
573 2950 629 2992 eos
657 2927 806 3002 deorum,
828 2940 868 2992 et.
881 2925 1080 3015 AEgyptiam‘
1107 2921 1110 2933 '

19 3033 186 3098 continent
201 3033 386 3124 religionem
401 3057 538 3123 :nempe
556 3034 733 3111 sacrificia,
748 3035 913 3124 primitiae,
929 3033 1061 3122 hymni,

18 3163 147 3230 preces,
166 3165 309 3233 pompae,
331 3143 398 3208 dies
421 3142 510 3219 sesti,
533 3155 565 3208 et
584 3166 654 3233 quae
672 3156 747 3208 sunt
767 3143 815 3210 his
839 3141 962 3209 similia.
989 3143 1063 3208 Post

18 3271 133 3316 omnes
153 3252 217 3316 exit
245 3250 425 3341 Propheta,
443 3253 497 3339 qui
520 3249 719 3340 propatulam
742 3253 774 3318 iu
794 3253 864 3318 sinu
885 3262 986 3341 gestat
1005 3250 1063 3340 hy-

20 3359 123 3426 driam
139 3384 146 3425 :
161 3383 258 3450 quem
274 3373 450 3449 sequuntur
466 3361 520 3448 qui
535 3362 666 3428 emissos
681 3383 778 3450 panes
791 3371 930 3450 portant.
956 3361 1006 3437 la,
1027 3373 1062 3426 ut

19 3468 73 3556 qui
88 3468 131 3532 sit
147 3491 309 3536 sacrorum
332 3469 519 3558 praelectus,
542 3468 654 3536 ediscit
676 3468 773 3534 libros
794 3468 907 3534 decem
932 3470 986 3556 qui
1004 3493 1061 3536 ro-

19 3590 136 3643 cantur
155 3576 374 3645 sacerdotales
392 3601 401 3643 a
425 3577 592 3644 continent
607 3589 713 3644 autem
730 3577 770 3641 de
784 3573 923 3664 legibus,
939 3589 971 3643 et
985 3577 1061 3654 diis,

20 3699 52 3752 ct
77 3688 226 3755 universa
252 3690 455 3756 sacerdotum
479 3686 643 3777 disciplina
663 3709 672 3753 τ
692 3685 850 3776 Propheta
872 3687 957 3754 enim
978 3688 1063 3778 apud

17 3789 189 3888 ‘AEgyptios
201 3811 315 3888 praeest
331 3799 427 3865 etiam
440 3798 654 3864 distributioni
666 3793 876 3886 vectigalium.
893 3797 975 3864 Sunt
986 3819 1062 3885 ergo

23 3906 227 3995 quadraginta
245 3907 310 3972 duo
329 3903 400 3973 libri
417 3906 563 3972 Mercurii
581 3904 672 3972 valde
686 3907 873 3981 necessarii,
893 3929 931 3970 ex
947 3907 1061 3993 quihus
