2382 4592
310 283 500 332 srnourrcu
522 283 584 332 us.
610 287 659 334 nr.
949 269 1004 347 rdr

7 430 43 472 us
62 419 100 472 ct
118 405 288 476 affectibus
299 431 367 474 csse
382 407 613 497 indulgendum
625 409 853 484 decernentes,
868 409 1010 475 inconti-

6 525 70 580 ntes
80 539 126 581 ex
132 515 379 582 moderatisficri
388 515 554 592 docentes,
566 527 599 583 ct
611 515 643 581 in
656 538 710 604 spe
721 539 778 582 sun
789 518 1011 583 membrorum

6 645 93 689 orum
107 623 315 713 impudentias
329 624 432 696 affixir
451 636 487 689 ut
501 649 520 690 o
535 647 634 714 regno
648 625 707 692 Dei
723 625 932 702 abdicentur,
946 648 1011 693 non

6 743 68 800 tem
82 743 124 796 ut
137 732 366 807 inscribuntur,
378 731 433 818 qui
445 727 486 798 nd
497 753 552 797 eos
564 731 731 809 ventitant,
744 731 917 800 efficientes
924 756 933 804 ;
949 735 1009 798 suh

5 861 35 906 so
49 839 230 907 nominator
244 838 434 928 cognitionis
449 837 562 914 titulo,
583 859 676 916 cam,
696 864 767 928 quae
784 840 824 907 ad
838 840 1009 905 exteriores

5 947 47 1014 cit
66 947 239 1024 tenebras,
263 946 346 1013 viam
367 946 591 1035 ingredientes.
610 946 738 1027 «Quod
760 945 918 1035 reliquum
937 959 1005 1024 est,

4 1065 97 1122 ratres
107 1101 118 1131 ‚
129 1075 340 1142 quaecumque
352 1075 425 1120 vera
437 1102 446 1129 ‚
459 1075 670 1142 quascumque
686 1052 819 1120 honesto
830 1104 839 1130 ,
852 1077 1011 1142 quaecum-

4 1181 42 1252 ue
57 1163 169 1251 juste,
186 1181 395 1250 quecumque
410 1173 510 1238 cusu,
526 1164 839 1248 quaecumqucbonae
851 1161 942 1228 temae
957 1187 966 1228 z
983 1163 1008 1228 si

4 1293 44 1360 uso
56 1271 183 1346 dnus,
200 1281 234 1335 et
248 1269 274 1334 si
286 1292 350 1357 qur
365 1267 452 1343 laus,
465 1291 502 1334 co
514 1267 733 1344 consideratu
751 1293 821 1358 quae
837 1282 871 1336 et
885 1269 1010 1337 didicis·

2 1379 43 1444 is:
59 1402 137 1467 quae
151 1377 249 1446 etiam
267 1377 434 1465 accepistis
449 1389 482 1441 et
497 1375 640 1443 audiistis
659 1389 691 1444 ct
706 1376 825 1443 vidistis
838 1377 871 1442 in
886 1401 955 1455 me,
971 1403 1008 1447 ee

2 1485 94 1560 rcite;
122 1497 157 1552 et
169 1485 257 1552 Deos
276 1483 361 1574 pacis
382 1483 444 1549 erit
458 1482 657 1552 vobiscum‘.
675 1512 687 1546 ι
703 1485 744 1552 Et
759 1485 872 1552 Petrus
895 1486 1007 1557 similia

2 1595 36 1660 cit
56 1593 92 1660 in
111 1591 247 1683 epistole
265 1616 274 1657 z
290 1618 304 1652 ι
320 1591 361 1658 Ut
379 1589 458 1657 {ides
476 1603 578 1659 vestra
596 1602 629 1657 et
655 1615 726 1681 spes
753 1594 793 1658 sit
821 1593 854 1659 iu
883 1595 1007 1671 Deum,

1 1724 59 1768 :nm
71 1701 197 1768 animas
212 1710 331 1766 vestros
347 1710 447 1764 costas
466 1697 637 1765 effeceritis
649 1699 682 1764 iu
699 1700 880 1766 obedientie
898 1702 1009 1768 verita-

1 1807 40 1875 is’
57 1831 66 1874 :
81 1808 175 1897 quasi
191 1804 248 1872 filii
267 1805 476 1882 obedientie,
492 1829 557 1872 non
572 1804 763 1894 configurati
780 1807 939 1894 prioribus
957 1807 1009 1874 dc-

2 1917 128 1992 ideriis‚
150 1939 223 2004 quae
240 1913 368 1980 fuerunt
382 1913 416 1979 in
431 1913 623 2002 ignorantie:
643 1912 699 1978 sed
717 1913 896 1980 secundum
911 1937 1006 1992 eum,

10 2025 38 2090 ui
56 2023 186 2089 vocavit
200 2045 275 2097 vos,
288 2032 433 2088 sanctum
446 2070 454 2097 ‚
467 2032 501 2087 et
511 2019 570 2110 ipsi
587 2020 687 2087 sancti
702 2019 813 2086 sitisin
830 2023 916 2088 omni
932 2044 1008 2088 con·

4 2166 15 2172 s·
43 2132 176 2197 tione.
204 2129 364 2210 Quoniam
392 2129 548 2218 scriptum
571 2138 639 2204 est,
663 2127 773 2195 Sancti
793 2129 902 2207 critis,
931 2153 1007 2220 quo-
1065 2179 1069 2184 -

25 2276 28 2297 :
44 2272 61 2299 ιι
86 2263 151 2330 ego
165 2249 291 2306 sencws
307 2235 442 2304 5υωὶ»

4 2379 863 2452 'rhomen-'1Pu.x,21,22.-·1stc14,1s,16.
