2614 4628
480 294 644 340 ocrtvtus.
1023 293 1078 339 111

47 415 104 482 tta
117 413 293 503 praesentis
312 413 379 500 ejus
397 413 572 500 majestatis
590 412 779 481 animamur.
798 409 852 478 Sic
874 422 907 476 et
927 409 1012 476 beati
1031 433 1079 475 re-

45 525 211 613 surgimus,
234 535 270 590 et
296 523 393 589 futuri
409 521 676 613 contemplatione
697 525 761 611 jam
780 523 923 590 vivimus.
942 518 1079 588 Proinde

45 637 186 703 Socrates
208 657 327 701 scurra
352 634 478 701 Atticus
504 635 631 711 viderit,
648 633 728 702 nihil
747 657 781 700 so
802 633 882 700 scire
902 631 1079 708 confessus,

46 744 223 810 testimonio
245 741 329 810 lieet
348 742 540 810 fallacissimi
557 743 712 811 daemonis
733 743 887 834 gloriosus
901 766 910 808 :
924 741 1081 818 Arcesilas

47 877 181 944 quoque,
193 867 230 920 et
243 853 443 929 Carneades.
460 867 494 920 et
502 855 639 944 Pyrrho,
652 869 685 922 et
700 856 802 922 omnis
816 853 1082 926 Academicorum

46 961 212 1030 multitudo
228 961 413 1030 deliberet:
429 963 608 1031 Simonides
627 967 723 1032 etiam
738 965 771 1031 in
789 975 981 1055 perpetuum
996 987 1084 1036 conr.

47 1071 241 1160 perendinat.
262 1071 536 1162 Philosophorum
555 1075 723 1164 supercilia
741 1075 988 1152 contemnimus,
1004 1097 1084 1164 quos

48 1193 250 1271 corruptores
272 1195 311 1248 et
333 1183 493 1252 adulteros
510 1186 656 1254 novimus
677 1199 711 1253 et
723 1199 891 1276 tyrannos,
906 1199 939 1252 et
958 1209 1083 1276 semper

52 1293 194 1360 adsersus
216 1317 279 1360 sua
299 1294 378 1360 vitia
398 1294 562 1363 facundos.
582 1295 646 1364 Nos
664 1318 730 1364 non
752 1295 864 1364 habitu
884 1297 1083 1386 sapientiam,

54 1404 104 1470 sed
119 1417 228 1472 mente
247 1405 476 1495 praeferimus:
500 1423 566 1473 non
584 1406 765 1497 eloquimur
787 1430 913 1497 inagna,
935 1407 991 1473 sed
1011 1405 1087 1472 viti·

57 1540 120 1581 mus
139 1541 147 1581 :
169 1514 354 1606 gloriamur
376 1541 434 1584 nos
455 1531 643 1585 consecutos
665 1518 751 1608 quod
769 1517 815 1585 illi
838 1541 961 1586 summa
982 1518 1087 1584 inten-

57 1625 136 1692 tione
156 1626 392 1713 quaesiverunt,
414 1649 475 1692 nec
493 1628 634 1695 invenire
653 1640 838 1719 potuerunt.
864 1615 960 1709 Quid
971 1628 1086 1720 ingrati

62 1735 181 1800 sumus?
197 1735 280 1823 quid
300 1735 394 1802 nobis
414 1736 604 1817 invidemus,
620 1739 646 1804 si
664 1739 965 1812 veritasdirinitatis
985 1739 1085 1805 nostri

64 1847 204 1935 temporis
221 1859 319 1913 aetate
337 1849 515 1915 maturuit?
532 1849 690 1918 Fruamur
710 1853 796 1917 bono
816 1862 939 1932 nostro,
957 1861 991 1915 et
1009 1849 1089 1916 recti

70 1955 248 2022 sententiam
261 1970 476 2046 temperemus
494 1981 501 2024 :
523 1959 712 2028 cohibeatur
732 1960 927 2052 superstitio,
943 1959 1087 2050 impietas

76 2065 223 2153 expietur,
238 2091 306 2134 rara
320 2066 430 2159 religio
445 2083 635 2138 reservetur.

120 2177 269 2246 XXXIX.
285 2179 362 2245 Cum
379 2179 530 2248 Octavius
548 2180 755 2271 perorasset‘,
775 2179 957 2269 aliquandiu
971 2201 1029 2245 nos
1048 2178 1090 2245 ad

76 2285 224 2355 silentiam
247 2289 422 2379 stupefacti,
438 2290 578 2356 intentos
594 2289 699 2356 vultus
714 2289 900 2356 tenebamus
917 2310 925 2352 ε
943 2299 988 2364 et,
1005 2285 1092 2375 quod

72 2397 171 2464 adme
184 2411 243 2474 est,
255 2399 474 2488 magnitudino
492 2399 711 2466 admirationis
725 2398 851 2474 evanui,
864 2396 950 2486 quod
969 2420 1006 2463 ea
1021 2417 1090 2484 quae

70 2507 180 2578 lucilius
207 2521 256 2576 est
280 2510 400 2576 sentire
414 2531 511 2597 quam
525 2510 644 2586 dicere,
661 2520 693 2575 et
708 2507 915 2598 argumentis,
934 2519 968 2572 et
984 2527 1093 2571 exem-

67 2615 133 2706 plis,
143 2631 173 2684 et
188 2617 365 2685 lectionum
379 2617 619 2685 auctoritatibus
635 2619 831 2693 adornasset,
845 2628 879 2684 et
892 2616 979 2704 quod
994 2613 1094 2681 male-

68 2725 146 2794 volos
167 2728 282 2795 iisdem
304 2725 385 2803 illis,
404 2728 519 2815 quibus
537 2738 717 2804 armantur,
734 2724 997 2817 philosophorum
1020 2722 1090 2790 telis

65 2837 227 2904 retudisset
238 2861 248 2911 t
266 2836 457 2903 ostendisset
477 2837 572 2904 ctiam
593 2835 758 2904 veritatem
778 2860 845 2903 non
865 2834 1089 2902 tantummodo

67 2941 198 3020 facilem,
211 2941 269 3010 sed
285 2953 319 3008 et
333 2941 547 3009 favorabilem.

4 3131 5 3134 Ἴ
105 3053 172 3121 XL.
190 3055 278 3122 Dum
297 3055 385 3122 istaec
399 3055 495 3145 igitur
508 3054 594 3144 apud
611 3077 664 3120 mo
679 3053 793 3121 tacitus
808 3052 932 3128 evolvo,
949 3048 1092 3117 Caecilius

68 3167 167 3256 erupit
180 3189 188 3232 ε
203 3167 288 3255 Ergo
299 3164 434 3232 Octavio
444 3187 515 3232 meo
527 3162 712 3253 plurimum,
723 3161 781 3229 sed
794 3174 827 3229 et
839 3161 918 3228 mihi
930 3156 1087 3250 gratulor;

67 3289 266 3366 necexpecto
277 3277 477 3346 sententium.
496 3274 649 3352 Vicimus,
665 3286 697 3340 et
712 3275 754 3342 ita
767 3285 803 3339 ut
816 3271 962 3361 improbe
974 3291 1091 3358 usurpo

67 3387 227 3454 victoriam
243 3411 252 3452 :
267 3411 343 3454 nam
357 3399 393 3452 ut
409 3384 462 3452 ille
475 3386 538 3452 mei
552 3385 654 3452 victor
672 3395 734 3460 est,
750 3383 794 3449 ita
809 3405 868 3471 ego
881 3379 1092 3470 triumphator

66 3498 188 3566 erroris.
207 3497 322 3586 ltaque
341 3497 427 3585 quod
444 3496 600 3586 pertineat
614 3495 656 3562 ad
671 3516 830 3561 summam
851 3491 1041 3581 questionis,
1057 3502 1092 3557 et
1175 3523 1178 3526 ·

68 3609 102 3672 de
115 3607 314 3697 providentia
330 3606 443 3684 fateor,
458 3619 490 3674 et
504 3605 572 3674 Deo
586 3605 679 3681 cedo,
691 3616 725 3671 et
739 3603 779 3670 de
794 3616 886 3670 sectas
897 3605 962 3693 jam
977 3613 1092 3670 nostrae

69 3715 238 3784 sinceritate
262 3717 441 3785 consentio.
459 3717 564 3785 Etiam
580 3738 668 3782 nunc
682 3727 789 3782 tamen
808 3714 909 3804 aliqua
924 3713 1092 3783 consubsi-

70 3827 140 3894 dsmt
162 3853 228 3896 non
252 3827 472 3918 obstrepentia
496 3826 633 3903 ueritati,
660 3826 715 3894 sod
735 3827 879 3918 perfectae
903 3822 1092 3895 institutioni

98 3959 174 4012 ¹rau
185 3961 218 4010 n.
230 3959 350 4023 muns,
363 3973 390 4026 p.
402 3958 457 4010 ssa.
