2522 4608
236 254 299 320 552
543 275 716 322 aanuaarrs
740 273 953 320 ιιιιιιιιιιιιιιιιι

235 393 370 449 »autem
383 387 551 452 'remotum
569 384 739 472 'praemium
761 382 1003 449 adolescentum
1027 395 1075 448 est
1096 407 1104 448 :
1125 388 1207 474 prola

236 519 249 553 r
265 505 372 558 autem
383 494 483 559 aetatis
497 496 581 561 hona
593 505 642 560 ost
653 494 765 560 oratio.
781 493 908 569 Senior,
925 492 1057 583 loquere
1069 495 1101 560 in
1112 499 1220 562 conti'

235 613 297 667 »to
315 602 401 669 enim
422 603 515 671 deoet
537 628 545 669 :
567 604 623 670 sed
639 604 718 670 citra
736 603 1005 692 impedimentum
1020 603 1156 692 loquere,
1172 609 1220 672 et'

235 711 402 800 »perlecta
418 713 559 780 scientia.
580 711 787 788 Adolescens,
805 711 868 777 tili
881 735 1009 798 quoque
1028 715 1181 801 permittit
1216 760 1217 767 ι

235 848 249 883 a
258 823 401 911 pientia,
417 821 562 914 loquere,
579 823 605 888 si
620 833 653 889 te
668 845 749 912 opus
764 820 817 898 sit,
841 819 892 887 vix
909 845 984 889 oum
999 823 1048 888 bis
1063 823 1213 888 interro

236 930 386 998 alueris:
406 956 589 1000 sermonem
611 944 719 999 autem
743 946 836 998 tuum
851 933 963 1021 paucis
984 933 1019 998 in
1041 955 1186 998 summam
1220 980 1221 987 ι

236 1042 335 1132 adige
351 1042 373 1108 ¹.
395 1043 566 1133 »Uterque
586 1056 695 1111 autem
716 1044 784 1132 qui
800 1043 938 1119 disserit,
957 1065 1071 1109 vocem
1087 1067 1171 1108 suam
1197 1074 1221 1099 a.

235 1154 333 1220 tiatur
353 1155 436 1244 justa
456 1155 674 1247 proportione.
700 1154 811 1222 Elatus
831 1154 919 1220 enim
942 1153 1066 1220 clamor
1087 1177 1173 1242 pron
1188 1188 1191 1213 ι
1204 1186 1218 1205 ·»

236 1265 344 1342 tionis,
367 1278 416 1332 est
432 1291 481 1334 res
498 1267 707 1334 insanissima.
727 1266 811 1332 Cum
828 1265 981 1356 proximis
999 1275 1106 1330 autem
1120 1265 1161 1330 ita
1178 1263 1211 1330 l·-

238 1386 274 1441 ut
298 1399 364 1444 non
383 1377 532 1453 audiaris,
556 1379 626 1466 ejua
647 1389 696 1443 est
722 1377 776 1466 qui
804 1375 893 1442 nullo
916 1383 965 1440 est
988 1398 1084 1440 sensu
1103 1374 1190 1464 prae‘
1216 1418 1218 1425 ·

237 1489 441 1575 nequeenim
458 1489 589 1556 audient
606 1513 614 1554 ε
635 1499 668 1553 et
687 1499 736 1554 est
755 1488 819 1554 hoo
834 1485 965 1575 quidem
982 1484 1089 1575 pusilli
1103 1487 1221 1551 erm..

238 1598 335 1664 animi
351 1599 522 1674 indicium
541 1599 619 1666 illud
634 1623 724 1676 vero,
739 1599 938 1689 arrogantiae.
955 1598 1048 1665 absit
1064 1599 1160 1662 etiam
1171 1621 1208 1660 ιιι

237 1729 328 1774 mens
343 1709 508 1776 contentio
524 1712 696 1775 verborum
715 1731 775 1798 pro
794 1708 881 1774 inani
895 1707 1030 1773 victoria
1052 1729 1061 1772 :
1083 1706 1169 1771 nobia
1185 1736 1212 1763 ,ιι

238 1815 310 1884 finit
321 1830 369 1884 est
381 1841 450 1884 esse
465 1845 482 1885 a
497 1818 737 1908 perturbatione
752 1815 886 1892 alienos,
900 1829 933 1882 et
944 1814 1007 1881 hoe
1024 1814 1086 1880 sibi
1097 1811 1190 1880 rultill
1213 1846 1227 1871 ι.

237 1929 316 1995 Puro
331 1929 393 1996 tibi
405 1929 428 1996 ².
446 1929 634 2019 Priusquam
649 1939 757 1994 autem
773 1927 922 2003 audieris,
939 1949 981 1992 ne
994 1927 1133 1992 verbum
1146 1947 1214 2013 respo

238 2037 289 2104 de.
309 2037 382 2104 Jam
401 2063 476 2106 vero
498 2063 560 2106 vox
578 2061 705 2129 quoque
727 2037 828 2104 fracta
845 2047 878 2102 et
896 2047 1045 2102 enervata
1067 2047 1116 2102 ost
1139 2035 1216 2102 eliu

238 2146 303 2212 uati
323 2171 331 2212 :
348 2147 484 2215 modesti
500 2158 607 2214 autem
622 2160 656 2214 ot
677 2145 842 2236 prudentis
862 2157 911 2212 eat
932 2145 965 2212 in
982 2169 1063 2212 voce
1085 2147 1219 2212 modera'

238 2256 292 2344 qui
315 2279 333 2322 a
353 2256 571 2347 magnitudine
589 2253 696 2332 simul,
715 2267 748 2322 et
765 2253 959 2345 prolixitate,
983 2254 1210 2344 eeleritateque‚

238 2362 442 2432 multitudine
458 2366 635 2432 orationem
647 2365 848 2455 temperabit.
866 2365 975 2453 Neque
985 2366 1075 2432 enim
1090 2365 1204 2456 prolixo
1219 2408 1228 2435 ι,

224 2483 380 2563 'uuquam
407 2499 553 2543 sermone
577 2475 746 2550 utendum,
770 2497 875 2562 neque
901 2472 1041 2541 multum
1063 2473 1199 2564 loquend
1213 2508 1221 2531 ι

237 2607 299 2650 neo
313 2586 499 2673 augendum
516 2609 524 2651 :
544 2586 600 2651 sed
617 2608 721 2674 neque
742 2583 851 2674 rapide
869 2595 903 2650 et
917 2584 1163 2674 praecipitanter
1197 2620 1200 2641 ι

237 2695 402 2780 quendum
416 2705 476 2760 est.
495 2695 558 2785 lpsi
573 2696 659 2761 enim
671 2694 754 2770 voci,
768 2706 803 2759 ut
819 2695 862 2762 ita
877 2694 995 2771 dicam,
1012 2696 1064 2783 jus
1082 2695 1205 2784 aliquod
1218 2726 1221 2741 ι

238 2801 405 2868 buandum
427 2815 489 2881 est,
506 2784 766 2895 importunisapue¹
780 2805 1044 2872 vociferatorilrus
1066 2804 1188 2872 otenel
1211 2838 1220 2859 ι

236 2915 360 2981 toribus
382 2940 437 2982 ora
453 2929 527 2983 sunt
542 2917 745 2983 obstruenda.
765 2919 812 2984 Ea
833 2917 920 2983 enim
938 2919 1095 2986 decanea
1111 2917 1221 2986 'l'hersi

236 3019 336 3117 plagis
350 3027 515 3116 castigavit
529 3028 672 3117 prudent
689 3029 812 3118 Ulysses
827 3051 836 3094 t

355 3187 521 3247 Immodieis
535 3185 632 3248 'verbis
645 3189 781 3248 turbabat
793 3209 858 3247 nana
874 3189 973 3246 omnia
985 3190 1066 3248 solus
1081 3211 1089 3246 :

357 3288 485 3346 Plurima
497 3303 592 3346 mente
605 3309 657 3347 sua
668 3300 775 3346 temere
786 3288 811 3347 is
824 3289 944 3348 confusa
956 3287 1091 3360 tenebat,

356 3388 414 3447 Sed
427 3387 500 3460 nihil
513 3399 545 3445 ut
557 3385 663 3445 decuit.

239 3545 413 3612 Terribilia
428 3548 519 3612 enim
535 3548 574 3612 ira
590 3547 730 3614 interitu
745 3570 804 3614 ouo
824 3547 882 3613 vir
896 3547 1066 3636 linguosus
1091 3545 1115 3610 ¹.
1134 3543 1229 3632 Negat

127 3701 132 3718 .
235 3679 308 3721 rum
335 3655 454 3745 itaque,
482 3680 547 3722 non
573 3679 664 3722 aecus
690 3680 727 3724 ao
753 3668 898 3722 veterum
923 3652 1125 3732 calceorum,
1154 3651 1228 3740 taliq

236 3762 363 3864 quidem
377 3765 452 3831 vitio
467 3765 581 3832 detrita
598 3778 685 3842 suat,
702 3763 768 3832 sola
783 3777 891 3832 auteur
903 3762 1010 3854 lingua
1034 3763 1157 3853 reliqua
1170 3775 1215 3830 est

271 3940 371 3994 ¹Eceli.
384 3959 462 4006 anxur,
473 3945 498 4006 5,
509 3963 534 4011 7,
544 3946 568 3996 ll.
582 3973 613 3986 -
623 3944 634 3979 ²
644 3947 658 3994 5
669 3947 746 3996 toan.
760 3947 797 3996 rt.
811 3973 841 3984 -
854 3943 864 3978 ⁸
878 3944 957 3996 Eccli.
973 3961 1008 4004 rr,
1022 3945 1060 3994 ιδ.
