2522 4608
289 260 506 317 *carruccae
531 265 591 306 ιιι.
619 263 652 305 ιι.
934 239 994 324 571

14 391 77 453 unt,
86 403 190 467 eaquae
201 404 264 447 essa
275 382 437 462 videntur,
450 386 583 454 astuitis
595 409 710 476 magno
723 385 829 482 studia
845 390 999 475 quaeritis,

13 513 52 578 pu
44 490 176 579 perinde
192 514 228 558 ac
246 492 357 570 insani,
376 519 446 583 quae
466 495 536 564 alba
557 510 642 572 sunt,
664 509 815 584 tanquam
831 498 936 606 nigra,⁸
952 498 999 564 vi

13 598 78 664 dane
93 598 326 688 apprehendunt.

361 837 513 904 CAPUT
542 839 602 905 Xl.

357 1041 403 1096 Dr
424 1041 620 1099 calceamentis.

46 1243 172 1312 Similiter
186 1261 290 1314 autem
306 1251 339 1315 in
356 1247 579 1317 calceamentis
595 1252 740 1340 superbae
755 1261 1000 1341 arrogantesqua

12 1352 116 1420 lamina
135 1380 271 1446 maguam
287 1382 415 1449 quaque
436 1361 609 1426 ostendunt
627 1360 804 1428 mollitiem.
822 1360 906 1430 Vere
924 1385 1002 1451 ergo

12 1467 92 1554 turpia
110 1481 174 1532 sunt
198 1466 248 1533 illa
269 1467 409 1535 sandalia
434 1470 550 1559 quibus
572 1472 776 1538 addita-sunt
798 1494 891 1538 aurea
912 1495 1003 1538 orna-

12 1589 107 1644 menta:
119 1579 279 1667 quinetiam
290 1581 499 1648 circumcirca
513 1580 617 1648 clavos
629 1580 720 1648 soleis
731 1583 862 1672 infigere
874 1605 1003 1670 aequum

12 1699 122 1753 censent.
144 1687 242 1756 ttultae
269 1702 377 1758 autem
399 1693 444 1757 eis
472 1714 598 1781 quoque
623 1693 792 1760 amatorios
817 1693 1004 1783 imprimunt

12 1795 157 1886 complexus
166 1849 174 1874 ,
184 1813 218 1864 ut
234 1799 282 1866 rel
298 1803 398 1890 ipsam
410 1814 527 1867 terram
539 1802 722 1869 incedentes
734 1803 925 1868 concinnam
940 1801 993 1868 alli

12 1904 318 1982 tiant,etmerctrici0s
334 1912 462 2001 spiritus
473 1911 598 1978 incessu
613 1935 670 1978 suo
685 1911 876 2001 insculpunt.
891 1910 1005 1978 Valere

12 2037 70 2106 arga
83 2019 236 2104 jubendum
251 2035 300 2088 cst
315 2045 486 2088 aureorum
502 2034 534 2088 et
550 2045 769 2112 gemmeorum
790 2021 1005 2090 sandaliorum

12 2147 74 2191 rana
87 2128 207 2220 utilinga,
224 2153 299 2198 eum
315 2129 451 2220 crepidis
462 2130 575 2222 Atticis
590 2142 623 2196 et
639 2130 809 2218 Sicyoniis,
823 2131 1006 2197 cothurnis-

12 2259 59 2324 qua
67 2236 178 2306 Persicis
188 2241 283 2308 etiam
291 2240 493 2322 etEtruscis,:
505 2252 594 2306 recto
603 2252 710 2305 autem
721 2225 873 2327 scopc‚ut
884 2242 1006 2332 ueritati

12 2358 100 2411 austra
111 2371 171 2414 mas
185 2361 243 2424 est,
256 2350 433 2440 proposito,
450 2350 483 2416 id
498 2350 585 2440 quod
602 2360 651 2416 est
668 2349 845 2416 secuudum
860 2363 1006 2417 naturam

12 2451 153 2546 ligandum
163 2473 219 2527 est.
235 2457 426 2528 Galacurum
440 2460 525 2526 enim
542 2484 616 2526 usus
632 2459 685 2526 hic
700 2460 830 2548 quidem
845 2473 893 2525 est
908 2459 949 2526 ad
962 2472 1008 2526 te-

12 2565 102 2654 gendus
112 2569 221 2657 pedes:
240 2568 319 2635 alius
334 2581 442 2635 autem
458 2567 499 2635 ad
513 2565 742 2660 propulsandas
758 2570 961 2646 offensiones,
975 2581 1008 2636 ct

12 2681 158 2746 ιιιιιιιι1ιιι1ι
168 2679 390 2770 asperitatibus
401 2678 542 2768 plantam
552 2677 641 2779 pedis
653 2682 912 2747 conservandam.
925 2677 1009 2750 Sunt

12 2785 91 2876 ltaque
102 2790 279 2858 mulieribus
297 2791 360 2857 albi
376 2787 572 2858 concedendi
588 2787 702 2862 calcei,
722 2790 781 2854 nisi
797 2789 857 2854 iter
872 2790 1003 2855 ineant.

12 2907 70 2965 amc
84 2914 179 2968 autem
191 2903 237 2968 eis
258 2901 364 2969 unctis
380 2898 535 2967 utendum
557 2909 615 2964 est.
635 2897 717 2964 Sunt
739 2893 921 2963 autemillis
937 2921 1008 2985 quaa

12 3005 73 3074 tiam
88 3012 268 3088 conficiunt,
291 3011 475 3078 necessariae
502 3007 595 3076 soleae
618 3006 713 3075 clavis
743 2993 883 3074 consitae.
908 3005 1009 3086 Quiu-

12 3118 145 3188 similis
166 3135 201 3187 ut
223 3120 398 3212 plurimum
419 3117 533 3186 calceis
548 3118 704 3185 utendum
722 3125 788 3191 cst3
804 3118 1010 3205 nequeenim

12 3225 138 3296 umnam
148 3231 239 3300 decet
251 3231 375 3298 nudum
387 3229 502 3318 pedem
513 3225 697 3296 ostendere:
712 3238 745 3292 et
755 3225 872 3316 alioqui
884 3225 1009 3291 mulieri
1072 3243 1076 3253 ·

12 3351 127 3406 marest
137 3365 257 3419 sensus,
272 3352 308 3405 ut
319 3338 410 3406 facile
422 3337 565 3405 laedatur.
579 3337 655 3406 Viro
666 3346 774 3402 autem
785 3334 920 3424 pulchra
931 3359 1011 3402 con-

12 3447 76 3512 teuit
85 3449 175 3518 nullos
184 3452 303 3519 habere
316 3447 453 3526 calcem,
465 3461 676 3539 praeterquam
687 3443 713 3512 si
726 3444 849 3513 militet.
865 3449 1013 3508 Υποδεδέσ-

12 3559 131 3635 atenim,
141 3562 201 3628 hoc
215 3574 276 3639 est,
288 3583 358 3627 csse
373 3561 566 3636 calceatum,
581 3581 645 3624 ιιοιι
660 3577 790 3646 parvam
804 3556 902 3622 habet
912 3555 1011 3624 allini-

12 3671 395 3761 atemcumtrttetzr,qu0d
406 3685 532 3738 estesse
543 3672 695 3760 ligatum.
707 3667 872 3757 Optimum
881 3668 1010 3757 quidem

12 3789 43 3842 ut
55 3783 271 3849 exercitationis
286 3805 387 3872 genus
402 3782 495 3847 nudis
512 3780 558 3845 uti
573 3777 724 3869 pedibus,
743 3789 777 3841 et
789 3776 830 3841 ad
845 3778 1010 3844 sanitatem

12 3889 78 3956 tad
92 3894 258 3980 expeditam
271 3878 458 3992 'facilitatem
474 3890 682 3965 conveniens,
696 3888 750 3955 uhi
765 3911 831 3954 noa
844 3887 1012 3978 prohibeat

782 4001 832 4078 alp
