2614 4628
234 285 293 352 158
546 305 719 352 cosmarus
744 304 954 351 anaxannvunv

229 447 304 492 vero
326 423 504 500 Bocchum,
521 435 558 491 ut
577 421 733 490 Thebani.
760 419 834 498 Alii,
861 420 1166 490 scalarumsuordm
1189 439 1277 490 oon-

228 533 359 602 scientio
382 531 545 610 stimulati,
561 534 664 624 paenis
681 545 715 600 et
735 530 968 617 calamitatibus
989 529 1192 600 divinitatem
1213 533 1276 600 tri·

228 647 394 712 buerunt:
413 657 508 734 atque
530 643 608 713 binc
628 643 747 710 scenici
761 649 863 732 podta
884 639 996 708 Furias
1010 651 1043 708 et
1056 641 1275 718 Eumenides.

228 751 369 842 aliosque
394 750 584 844 piaculares,
604 773 645 822 ae
664 750 822 823 melorum
843 751 983 818 vindices
1002 763 1034 817 et
1049 749 1171 821 ultores
1194 752 1274 820 deos

228 861 402 930 commenti
421 845 596 932 suntsNee
611 860 783 946 dolaverunt
797 858 977 950 philosophi
1003 861 1073 947 qui,
1096 867 1273 950 poetarum

226 970 385 1061 exempld,
401 985 578 1040 vestrorum
588 970 762 1040 affectuum
772 970 891 1038 formas
902 968 999 1037 veluti
1010 969 1163 1047 Timoris,
1173 973 1274 1039 Amo

88 1121 93 1134 ·
228 1081 284 1159 ris,
300 1081 429 1160 Gaudii,
445 1095 478 1150 et
492 1081 582 1174 Spei,
593 1079 771 1154 coluerint:
787 1080 1059 1170 quemadmodum
1074 1081 1205 1171 priscus
1219 1081 1273 1150 ille

50 1255 56 1267 ,
194 1191 197 1194 ’
229 1190 434 1280 Epimenides
448 1190 656 1260 Contumeliae
664 1203 697 1258 et
708 1189 917 1281 Impudentiae
926 1188 1036 1258 altaria
1044 1191 1183 1260 Athenis
1196 1213 1273 1260 cun·

226 1301 339 1371 stituit·
361 1301 438 1370 Aliae
454 1325 540 1379 vero,
563 1325 603 1370 ex
625 1303 700 1392 ipsis
718 1303 813 1370 rebus
831 1314 926 1380 natae,
949 1302 1148 1394 effinguntur
1161 1305 1271 1393 specie

225 1433 391 1502 corporee,
413 1426 447 1482 et
463 1415 497 1480 in
520 1413 595 1480 deos
611 1413 817 1482 referuntur:
837 1411 933 1479 veluti
947 1411 1008 1480 illas
1022 1413 1271 1482 Atheniensium

227 1522 308 1600 dete,
324 1521 464 1599 lustitia,
480 1534 514 1589 et
526 1521 655 1598 Clotho,
671 1534 704 1590 et
718 1522 880 1600 Lachesis,
894 1535 929 1591 et
941 1524 1091 1612 Atropos,
1108 1533 1144 1590 et
1154 1523 1267 1600 Parca.

225 1646 259 1698 et
277 1629 381 1711 Auro,
397 1645 431 1700 et
444 1630 569 1700 Thallo.
595 1633 651 1702 His
667 1633 816 1721 adjiciam
832 1647 953 1702 sextam
969 1633 1198 1702 introducendi
1213 1635 1270 1702 hes

227 1742 368 1823 fraudes,
384 1755 416 1812 et
431 1743 565 1810 deorum
580 1765 752 1811 numerum
767 1744 904 1833 augendi
921 1743 1167 1832 rationemque
1184 1743 1269 1810 duo-

227 1851 332 1920 decim
344 1852 420 1918 deos
431 1862 616 1924 numerant;
631 1872 695 1939 quo
708 1849 866 1918 referendi
881 1861 955 1917 sunt
966 1850 1063 1916 etiam
1074 1849 1112 1916 de
1123 1873 1271 1940 quorum

78 2029 83 2038 ,
227 1974 299 2026 ortu
325 1959 544 2052 Theogoniam
564 1981 655 2026 suam
676 1960 802 2050 scripsit
821 1959 989 2037 Hesiodus,
1006 1971 1039 2025 et
1054 1982 1270 2048 quascumque

227 2071 384 2138 Homerus
399 2070 440 2136 de
456 2070 516 2137 diis
534 2069 692 2138 disseruit.
710 2068 863 2165 Superest
875 2069 984 2138 adbuc
995 2081 1157 2159 postrema
1173 2070 1269 2155 (sunt

227 2179 313 2245 enim
324 2181 454 2247 omnino
466 2180 615 2271 septem),
626 2201 696 2269 quae
710 2179 846 2247 edivinia
858 2202 932 2270 erga
944 2179 1090 2246 homines
1101 2179 1269 2248 beneficiis

226 2289 394 2357 emanavit.
420 2287 593 2358 Nemeum
613 2287 724 2368 deum,
748 2297 776 2354 a'
788 2311 851 2378 quo
870 2288 954 2354 bona
969 2288 1044 2378 ipsis
1062 2289 1266 2367 tribuuntur,

226 2400 420 2489 ignorarent,
436 2399 609 2466 commenti
624 2410 699 2464 sunt
715 2395 870 2486 quosdam
885 2408 1061 2463 servatores
1076 2395 1266 2474 Dioscorus,

225 2521 259 2578 et
271 2508 444 2578 Herculem
461 2507 620 2576 malorum
635 2528 861 2584 averruncum,
880 2517 914 2572 et
927 2504 1149 2596 AEaculapiuvn
1169 2506 1268 2574 medi-

226 2643 312 2687 cum.
335 2620 442 2712 Atque
461 2619 618 2687 hactenus
632 2618 673 2692 de
687 2616 818 2686 lubricis
836 2629 869 2684 et
888 2617 1026 2684 exitiosis
1049 2618 1230 2708 egressibus
1249 2643 1266 2683 a

226 2729 370 2807 varitate,
388 2730 504 2820 quibus
523 2727 669 2798 homines
689 2726 803 2798 aeoelo
826 2727 963 2804 detrahi,
980 2739 1013 2793 et
1027 2728 1060 2795 in
1077 2728 1268 2796 barathrum

225 2837 346 2932 impelli
358 2838 472 2935 solent.
487 2837 597 2910 Restat
607 2861 708 2916 nune,
721 2849 756 2904 ut
773 2839 906 2908 interius
921 2837 1009 2906 vobis
1025 2838 1198 2908 ostendam
1214 2841 1267 2928 qui

225 2947 397 3042 qualesque
419 2950 604 3018 fuerintdii
622 2950 717 3017 vestri
736 2974 745 3015 ε
764 2961 799 3016 ut
820 2949 861 3016 ab
883 2949 934 3016 bis
950 2950 1113 3045 erroribus
1136 2952 1268 3017 tandem

225 3059 394 3150 aliquando
406 3060 605 3138 desistentes,
614 3061 646 3128 in
655 3058 773 3127 celum
784 3059 998 3126 revertamini.
1011 3061 1167 3127 «Eremos
1180 3060 1280 3170 eninq

225 3200 238 3236 s
252 3183 286 3238 et
300 3194 358 3239 nos
373 3169 431 3240 lilii
445 3173 513 3250 irae,
525 3172 607 3243 sicut
621 3183 656 3238 et
670 3171 776 3238 caeteri
791 3195 800 3236 τ
813 3171 898 3239 Deus
911 3183 1031 3248 autem,
1043 3172 1100 3260 qui
1115 3171 1205 3239 dives
1219 3182 1268 3238 est

208 3283 286 3350 ‘sin
309 3283 545 3360 misericordia,
562 3294 692 3375 propter
713 3282 844 3350 nimiam
864 3281 1053 3348 charitatem
1068 3305 1179 3360 suam,
1203 3305 1267 3371 qua

224 3417 237 3452 ι
250 3387 357 3458 dilexit
374 3413 446 3470 uos,
461 3411 536 3458 cum
551 3391 618 3481 jam
633 3413 772 3458 essemus
791 3389 908 3456 mertui
923 3389 1077 3478 peccatis,
1098 3389 1268 3456 convivifi-

224 3526 237 3564 ι
253 3499 403 3568 cavitnos
413 3499 570 3568 Christo¹.
586 3499 724 3570 »Vivens
736 3499 822 3566 enim
830 3497 1028 3577 Verbum,et
1041 3497 1269 3590 consepultum

223 3607 623 3686 Christo,unaoum1teo
643 3606 816 3677 extollitur.
843 3606 907 3687 Qui
928 3631 1005 3675 vero
1022 3607 1130 3675 adhue
1151 3609 1187 3673 in
1210 3630 1266 3673 sua

222 3716 408 3788 infidelitate
426 3722 611 3810 persistunt,
635 3720 704 3810 fittt
723 3721 784 3787 irae
804 3729 971 3800 vocantur,
995 3730 1030 3786 ut
1052 3721 1106 3808 qui
1127 3717 1266 3784 adirem

223 3827 282 3894 Dei
294 3827 492 3896 subeundam
504 3831 696 3899 nutriantur.
716 3829 779 3900 Nos
796 3841 902 3898 autem
914 3829 981 3919 qui,
997 3853 1107 3898 errore
1123 3827 1263 3904 liberati,

257 3956 369 4024 ¹pres·
384 3975 412 4019 n,
423 3957 439 4017 4
450 3967 476 4008 st
488 3959 510 4007 5.
